1768 3106
274 144 391 199 666
803 169 1152 213 THEOPHANIS

273 260 384 322 ἕκτῃ,
416 261 507 322 ὥρᾳ
538 264 703 324 δεκάτῃ.
775 270 1011 325 α’νέστησαν
1042 273 1089 313 δέ
1118 287 1226 321 τινες
1252 274 1336 315 τῶν
1366 273 1678 329 Μαυροφόρων
1707 277 1752 318 ἐν

272 333 328 390 τῷ
357 333 537 392 Δαβεκῷ
565 337 754 388 λέγοντες
786 334 858 378 τὸν
892 337 983 379 υὶὸν
1010 343 1090 381 τοῦ
1117 341 1505 396 πρωτοσυμβούλου
1537 341 1651 394 θεόν,
1696 343 1754 392 ὥς

141 402 178 436 P.
191 403 259 438 363
272 402 433 456 τροφέα
465 402 629 458 αὐτῶν,
668 402 741 444 καί
770 402 991 458 ἐξήνεγκαν
1029 406 1167 461 δόγμα
1197 409 1397 453 τοιοῦτον.
1456 409 1530 453 καί
1556 412 1755 465 εἰσῆλθον

272 464 311 508 οἱ
342 467 636 525 Μαυροφόροι
681 472 742 519 εἰς
784 470 857 513 τὸν
885 468 998 515 οἶκον
1031 477 1105 530 τῆς
1143 476 1305 531 πλάνης
1335 478 1503 534 αὐτῶν,
1552 478 1626 520 καί
1652 479 1754 521 ἀπέ-

269 549 437 576 κτειναν
476 533 580 585 τούς
610 534 886 593 κλειδοῦχους
917 539 1108 595 ὀνόματα
1138 540 1183 594 ξ’.
1236 545 1310 586 καί
1337 544 1517 601 ε’ξῆλθόν
1547 562 1655 596 τινες
1685 545 1757 589 ὲπί

268 600 341 643 τὸν
359 600 603 658 Βᾰσρασον,
633 605 708 647 καί
734 605 1078 664 ᾐχμαλώτευσαν
1108 608 1300 668 πολλούς,
1329 613 1408 655 καί
1431 611 1636 670 χρήματα
1657 610 1754 656 ἔλα-

268 672 346 723 βον
376 669 525 712 πολλά.

54 738 255 774 A.M.6253
388 735 534 796 Τούτῳ
563 741 623 798 τῷ
652 737 738 782 ἔτει
772 743 1032 786 ἐστασίασαν
1060 742 1099 787 οἱ
1120 748 1347 790 Κασιῶται
1374 747 1479 790 κατὰ
1510 750 1593 791 τῶν
1614 750 1753 791 Μαυ-

268 802 469 872 ροφόρων
498 806 572 849 διὰ
605 814 826 863 γυναῖκας.
904 809 1076 864 έζιιειναν
1106 813 1186 869 γὰρ
1216 817 1260 867 ἐξ
1290 815 1433 858 αὐτῶν
1461 817 1519 866 εἰς
1549 813 1676 870 οἶκον,
1705 819 1752 860 ἐν

226 873 297 930 Βῴ
328 870 475 925 ἔμενον
503 874 688 932 ἀδελφοί
715 883 851 934 τρεῖς,
895 878 970 920 καί
1008 880 1227 936 ἠθέλησαν
1264 881 1341 932 τὰς
1378 890 1582 938 γυναῖκας
1611 885 1752 927 αὐτῶν

262 941 484 982 ποντίσαι·
546 943 789 999 ἑγερθέντες
834 948 881 989 δὲ
920 945 961 989 οἱ
1002 954 1117 1001 τρεῖς
1161 948 1355 1007 ἀδελφοί,
1399 951 1649 994 α’πέκτειναν
1680 952 1752 994 καὶ

261 1005 432 1062 ἔχωσαν
463 1011 630 1060 αὐτούς.
689 1010 728 1054 οἱ
761 1014 808 1056 δὲ
838 1018 1137 1071 συναχθέντες,
1171 1018 1421 1060 α’πέκτειναν
1440 1021 1515 1061 καί
1536 1018 1639 1070 τους
1663 1024 1750 1061 λοι-

258 1072 379 1126 πούς.
412 1078 488 1120 καί
518 1078 694 1134 πέμψας
727 1077 904 1137 ὁΣαλᾴι
932 1081 982 1125 τοὶ
1012 1085 1310 1139 στρατεύματα
1342 1084 1413 1129 διὰ
1443 1085 1584 1142 δόλου,
1617 1082 1750 1142 ἦλθον

257 1137 427 1186 ἄνωθεν
456 1145 614 1190 αὐτῶν.
674 1148 749 1190 καί
772 1149 1000 1200 πιάσαντες
1027 1150 1191 1202 αὐτούς
1216 1152 1482 1210 ἐφούρκισαν
1507 1153 1606 1204 τούς
1635 1160 1751 1210 τρεῖς

257 1210 488 1269 ἀδελφούς,
523 1215 598 1257 καί
626 1214 810 1267 πολλοὺς
841 1219 1109 1262 α’πέκτειναν.
1170 1223 1246 1262 καί
1276 1224 1327 1279 τῇ
1354 1218 1479 1280 ἑορτῇ
1495 1223 1572 1265 τοῦ
1601 1220 1749 1277 πάσχα

255 1279 455 1333 εἰσῆλθεν
484 1282 528 1323 ἑν
556 1284 611 1338 τῇ
635 1283 738 1342 ἁγία
764 1285 937 1337 συνάξει
968 1288 1030 1336 εἰς
1058 1286 1134 1342 τήν
1153 1289 1386 1344 καθολικὴν
1415 1291 1651 1346 ἐκκλησίαν,
1679 1292 1754 1332 καί

254 1348 331 1388 τοῦ
367 1350 684 1404 μητροπολι’του
725 1354 1047 1408 παρισταμένου
1101 1355 1174 1397 καί
1215 1354 1543 1413 ἐπιφωνήσαντος
1588 1356 1658 1400 τό·
1728 1355 1749 1398 ὃ

114 1422 157 1456 V.
174 1413 339 1471 289yti9
368 1414 471 1466 λαός
499 1433 578 1460 σου
610 1421 809 1462 δυσωπεῖ
834 1437 909 1476 σε,
939 1422 1012 1464 καί
1043 1421 1220 1465 ἱκετεύει
1251 1441 1320 1482 σε,
1357 1423 1579 1480 ἐξήνεγκαν
1606 1423 1751 1481 αὐτόν,

255 1486 332 1526 καί
360 1484 615 1529 ἀπέκλεισαν
659 1488 704 1530 ἐν
734 1490 930 1547 φυλακῇ,
974 1492 1049 1532 καί
1079 1486 1204 1541 ἄλλος
1243 1493 1464 1549 ἐπλήρωσε
1501 1493 1579 1549 τὴν
1621 1493 1748 1549 ἆγιάν

350 1633 384 1655 2.
413 1625 763 1673 πρωτοσυμβούλου
792 1626 833 1667 A,
859 1629 1187 1674 πρωτοσυμβόλου
1215 1630 1312 1672 vulg.
1411 1632 1445 1665 8.
1475 1636 1559 1675 post
1585 1629 1745 1664 Κασιιῦ-

350 1683 415 1705 ται
443 1682 463 1705 e
485 1673 503 1704 f
526 1673 615 1707 haec
651 1675 839 1709 inserunt:
864 1679 952 1711 καθ’
982 1674 1001 1710 ὃ
1034 1690 1157 1723 φασιν
1177 1677 1344 1725 ”Αραβες
1368 1679 1552 1714 καλοῦσιν
1576 1680 1651 1713 υἱοὶ
1680 1678 1746 1712 τοῦ

348 1722 458 1763 Καῆς
482 1720 533 1760 ὥς
554 1724 888 1770 γενεαλογοῦνται.
1022 1727 1070 1757 13.
1100 1726 1118 1762 ὁ
1146 1726 1284 1773 ΣαλὶμΙ
1313 1726 1331 1763 ὁ
1355 1725 1496 1772 Ἕλιχος
1520 1729 1561 1760 Α.
1693 1728 1742 1760 16.

352 1769 528 1811 εἰσῆλθον
553 1773 593 1803 A.
698 1774 750 1806 18.
775 1775 839 1807 καὶ
864 1771 884 1817 ἦ
912 1773 1088 1816 ἐκκλησία
1119 1785 1187 1810 σου
1213 1774 1297 1808 add.
1326 1776 1356 1808 A
1381 1775 1400 1809 f
1430 1781 1515 1822 post
1542 1774 1632 1814 λαός
1661 1786 1742 1810 σου.

352 1815 528 1853 δυσωπεῖ
551 1828 594 1854 σε
626 1831 696 1854 om.
719 1821 747 1853 A
774 1820 799 1853 f.

255 1937 338 1970 dam
368 1947 412 1970 ex
436 1936 694 1986 Maurophoris
722 1941 860 1976 Dabeci
884 1954 1076 1986 emersere,
1102 1943 1167 1990 qui
1195 1943 1460 1989 protosymbuli
1484 1942 1613 1984 filium,
1642 1943 1742 1989 quod

256 1997 380 2020 eorum
406 1988 600 2022 nutritium
636 1996 788 2034 ageret,
826 1991 934 2025 deum
975 2003 1054 2038 esse
1087 1991 1350 2037 praedicarent.
1410 1990 1568 2025 iuliane
1596 2002 1742 2037 quoque

254 2040 416 2069 mentem
452 2037 730 2082 promulgavere
766 2038 909 2084 dogma.
965 2039 1203 2086 Maurophori
1235 2039 1390 2074 subinde
1416 2040 1454 2072 in
1482 2039 1742 2073 fanumerrori

255 2093 321 2115 suo
347 2083 505 2117 dicatum
531 2086 682 2129 ingressi
711 2086 878 2122 aedituos
905 2100 1059 2122 numero
1087 2089 1273 2133 sexaginta
1300 2093 1560 2121 mactaverunt.
1593 2087 1741 2133 quidam

256 2135 378 2164 autem
403 2133 590 2166 Basrasum
615 2134 792 2179 profecti,
830 2137 1016 2183 plerisque
1039 2138 1078 2170 in
1103 2137 1351 2183 captivitatem
1379 2135 1528 2177 abactis,
1555 2135 1626 2181 ipsi
1653 2148 1741 2181 opes

256 2179 466 2213 innumeras
497 2181 742 2216 abstulerunt.

65 2231 242 2280 A.C.753
350 2228 430 2261 Hoc
454 2239 549 2262 anno
580 2229 745 2264 Casiotae
770 2231 809 2264 in
834 2231 1098 2277 Mauroplioros
1134 2231 1349 2265 tumultuati
1387 2236 1473 2265 sunt
1498 2230 1740 2265 foeminarum

256 2286 373 2308 causa.
424 2276 464 2309 in
493 2276 601 2310 domo
629 2279 777 2320 etenim,
804 2280 843 2314 in
870 2292 941 2326 qua
968 2286 1038 2314 tres
1066 2282 1193 2313 fratres
1219 2278 1446 2321 habitabant,
1472 2290 1516 2312 ex
1543 2279 1617 2312 illis
1642 2292 1740 2313 non-

253 2324 348 2356 nulli
373 2325 598 2358 mansionem
627 2325 805 2361 habentes
840 2329 1017 2373 coniuges
1043 2339 1166 2362 eorum
1201 2328 1239 2360 in
1264 2327 1387 2361 illiciti
1411 2327 1626 2361 concubitus
1655 2339 1740 2361 coe-

253 2383 342 2405 num
364 2372 564 2407 voluerunt
589 2373 810 2419 demergere.
839 2377 947 2409 exciti
966 2388 1051 2410 vero
1080 2377 1207 2409 fratres
1230 2375 1286 2408 illi
1310 2381 1383 2409 tres
1410 2381 1527 2409 morte
1554 2376 1606 2409 eis
1634 2375 1739 2408 illata

253 2420 426 2454 iniuriam
453 2421 522 2454 ulti
546 2428 644 2463 sunt,
671 2428 708 2456 et
747 2429 844 2456 terra
870 2435 973 2457 caesa
998 2435 1149 2469 corpora
1184 2424 1471 2465 occultaverunt,
1502 2428 1540 2457 et
1563 2425 1602 2456 in
1627 2436 1740 2456 unum

254 2468 401 2502 collecti
428 2469 588 2515 reliquos
621 2470 758 2515 pariter
782 2471 964 2506 dederunt
989 2473 1082 2506 neci.
1147 2472 1269 2505 Salem
1303 2483 1388 2506 vero
1419 2472 1535 2505 missis
1561 2471 1738 2505 insidiose

252 2516 443 2558 militibus,
473 2517 685 2564 impetuque
712 2519 751 2551 in
776 2530 837 2553 eos
866 2520 987 2561 facto,
1027 2524 1174 2553 cunctos
1199 2520 1238 2552 in
1262 2525 1481 2566 potestatem
1508 2521 1671 2565 accepit,
1702 2525 1739 2553 et

253 2565 384 2598 fratres
410 2565 560 2611 quidem
585 2566 671 2599 illos
696 2572 768 2600 tres
798 2568 943 2613 laqueo,
973 2568 1147 2612 plurimos
1178 2567 1268 2601 alios
1292 2568 1388 2602 ferro
1408 2568 1580 2602 confecit.
1629 2579 1737 2612 porro

253 2611 313 2645 die
329 2612 550 2647 solemnitati
568 2614 728 2659 paschali
746 2614 1086 2649 dicato.Christiana
1103 2616 1210 2660 plebe
1225 2617 1262 2649 in
1278 2622 1422 2650 coetum
1437 2616 1604 2655 collecta,
1617 2616 1737 2648 Salem

252 2660 318 2693 ille
337 2672 563 2695 communem
577 2668 613 2696 et
627 2664 858 2708 praecipuam
878 2664 1065 2697 ecclesiam
1084 2665 1264 2709 ingressus
1284 2670 1350 2705 est,
1366 2665 1637 2709 metropolitan]
1651 2675 1735 2696 vero

253 2709 359 2741 sacris
389 2709 564 2744 altaribus
592 2716 781 2753 astantem,
811 2718 847 2746 et
871 2712 967 2745 elata
992 2723 1079 2746 voce
1102 2713 1378 2746 exclamantem:
1407 2713 1564 2757 populus
1591 2717 1675 2744 tuus
1701 2716 1736 2745 te

254 2762 433 2801 precatur,
461 2763 498 2791 et
521 2763 557 2791 te
591 2765 702 2803 rogat,
729 2761 861 2805 corripi
891 2762 1006 2800 iussit,
1032 2766 1069 2793 et
1096 2761 1133 2793 iu
1161 2771 1339 2793 carcerem
1361 2759 1518 2800 detrudi,
1544 2760 1615 2793 alio
1641 2759 1737 2791 inte-

254 2805 319 2838 rim
345 2806 534 2841 sacerdote
553 2806 601 2841 ad
624 2813 783 2842 sanctam
808 2810 971 2853 synaxim
991 2808 1245 2855 complendam
1268 2811 1433 2851 suffecto,
1460 2819 1504 2841 ex
1530 2819 1603 2854 quo
1629 2807 1736 2841 timot

1550 2949 1568 2984 s'
