1786 3204
240 172 257 206 1
276 171 301 205 2
312 171 343 205 2
798 163 1148 207 THEOPHANIS

228 269 301 315 τὸν
334 266 577 327 Ἐπιφάνιον
602 268 651 310 ’ἐν
669 268 730 325 τῷ
758 266 1008 324 ἔπισκοπείῳ
1036 267 1270 317 συμμεῖναι
1291 260 1425 318 αὐτῷ,
1456 260 1535 303 ουἰι
1564 257 1709 304 altaro

229 338 602 394 προκαταληφθείς
629 340 724 386 ταῖς
753 336 974 390 διαβολαῖς
1015 333 1091 376 τοῦ
1119 331 1335 388 Θεοφίλου
1366 333 1460 380 ταῖς
1492 330 1603 372 κατά
1631 331 1710 373 τοῦ

227 403 447 460 μακαρίου
475 401 685 447 Ἰωάννου.

21 478 215 524 A.M.5897
346 470 492 530 Τούτῳ
521 472 579 529 τῷ
606 468 690 513 ἔτει
717 467 912 525 Ἰωάννης
949 466 973 509 ὅ
1001 463 1309 522 Χρυσόστομος
1336 460 1462 519 λόγον
1490 461 1600 507 κατά
1631 479 1708 519 γυ-

191 541 389 584 Οναικῶν
416 539 610 594 πονηρῶν
648 538 873 592 ἐποίησεν,
918 531 967 578 ὃν
997 532 1037 576 οἱ
1068 535 1294 586 δυσμενεῖς
1332 530 1407 574 καί
1433 528 1474 575 οἷ
1501 531 1578 587 τῆς
1604 532 1747 587 ἄλη-5

114 606 216 655 ν-54
232 608 354 656 θειάς
383 606 537 661 ἐχθροὶ
573 603 650 660 τήν
689 605 900 655 Εὕδοξίαν
935 601 1191 656 παρώξυναν
1230 599 1416 655 λέγοντες
1455 601 1547 642 κατ’
1575 599 1710 656 αὖτῆς

226 675 426 730 εἰρῆσθαι
454 671 528 715 τὸν
575 669 709 727 λόγον.
784 671 811 727 ἦ
837 672 885 714 δὲ
911 668 1018 725 πρὸς
1046 668 1273 724 Ἀρκάδων
1304 664 1422 710 δεινά
1453 669 1711 710 πεπονθέναι

226 739 345 797 παρά
374 738 567 785 Ἰωάννου
595 741 791 794 λέγουσα,
823 739 974 781 τοῦτον
995 734 1314 793 παρεσκεύασεν
1339 736 1710 791 μεταστειλασθαι

230 808 444 864 Θεόφιλον
472 804 685 862 πρόδηλον
728 800 829 848 ὄντα
854 804 1052 849 Ἰωάννου
1082 800 1256 859 ἐχθρὸν,
1290 799 1338 853 ὃς
1366 800 1710 859 παραγενόμενος

225 877 273 918 ὲν
299 877 354 932 τῇ
371 875 490 929 Δρυῒ
513 876 564 932 τῇ
590 875 668 916 νῦν
691 872 1014 930 Ῥουφινιαναῖς
1041 874 1240 929 λεγομένῃ
1270 868 1346 926 τήν
1375 868 1483 914 κατά
1512 870 1707 914 Ἰωάννου
1727 887 1776 913 ιο

226 940 456 998 ἐπιβουλὴν
473 940 725 996 εἰργάσατο,
755 943 831 983 καί
852 941 1000 983 τοῦτον
1026 941 1102 995 τῆς
1132 938 1295 989 πόλεως
1314 939 1526 994 ἐξέβαλεν.
1581 940 1709 981 τοῦτο

227 1013 276 1054 δὲ
301 1008 424 1066 γνοὺς
451 1008 473 1053 ὃ
502 1007 606 1059 λαός
636 1009 785 1052 στάσιν
811 1006 999 1064 μεγάλην
1037 1006 1246 1063 ἐποίησεν,
1285 1005 1345 1064 μὴ
1377 1007 1616 1062 συγχωρῶν
1642 1005 1712 1049 ἐκ·

226 1079 436 1135 βληθῆναι
474 1075 546 1120 τὸν
584 1075 792 1133 Ἰωάννην.
863 1077 908 1119 ἑν
951 1070 1014 1126 οἷς
1041 1076 1114 1118 καὶ
1142 1076 1330 1126 Εὕδοξιά
1377 1080 1467 1125 τοῖς
1507 1073 1713 1129 ὀδυρμοῖς

182 1147 303 1188 1)τοῦ
330 1147 438 1188 λαοῦ
466 1146 790 1203 ἐπικαμφθεῖσα
831 1144 1119 1200 παρεκάλεσεν
1154 1142 1386 1199 Ἀρκάδιον
1413 1140 1487 1186 τόν
1514 1143 1711 1197 βασιλέα,

225 1215 302 1256 καί
327 1216 503 1267 πέμψας
529 1215 732 1269 Βρίσωνα
773 1209 976 1267 εὐνοῦχον
1016 1209 1100 1253 α’πό
1134 1213 1387 1267 Πραινὲτου
1417 1209 1493 1254 τὸν
1517 1208 1711 1267 Ἰωάννην
1731 1208 1778 1250 ι5

225 1280 523 1324 ἀνεκαλέσατο.
571 1278 594 1324 ὅ
626 1282 673 1323 δὲ
700 1278 784 1336 πρὸ
815 1281 1024 1335 δημοσίας
1053 1276 1241 1323 συνόδου
1269 1278 1477 1321 εἰσελθεῖν
1506 1278 1584 1320 ου’κ
1614 1278 1713 1334 η’νὲ..

225 1364 353 1403 σχετο
373 1366 385 1376 ·
457 1350 519 1399 εἷς
544 1346 801 1403 προάστειον
831 1349 879 1391 δὲ
922 1345 1029 1389 κατὰ
1059 1346 1132 1390 τὸν
1159 1346 1400 1389 Ἀνάπλουν
1431 1347 1655 1402 διέτριβεν.
1689 1345 1712 1387 ὁ

225 1418 275 1459 δὲ
301 1415 404 1467 λαός
418 1419 637 1472 καταβοῶν
656 1418 735 1458 τοῦ
759 1417 970 1470 βασιλέως
999 1415 1241 1470 εἰσαγαγεῖν
1259 1412 1334 1457 τὸν
1356 1410 1555 1470 Ἰωάννην
1583 1411 1714 1469 η’νάγ..

235 1500 340 1528 κασε
355 1518 368 1539 ,
396 1485 471 1527 καί
512 1486 569 1542 τῷ
598 1483 739 1542 θρόνῳ
768 1485 1078 1539 ἐγκαταστῆσαι
1095 1500 1107 1511 ·
1140 1481 1246 1525 ὥστε
1272 1480 1487 1540 Θεόφιλον
1512 1479 1588 1524 καὶ
1616 1480 1717 1530 τούς

230 1552 311 1595 σύν
339 1552 457 1611 αὐτῷ
488 1554 757 1608 φοβηθέντας
787 1557 939 1609 φυγεῖν
979 1552 1025 1595 ἐκ
1054 1552 1129 1607 τῆς
1160 1548 1336 1600 πόλεως.
1394 1549 1486 1593 τότε
1514 1546 1714 1606 ἑξήκοντα
1728 1563 1781 1589 20

227 1622 447 1664 ὲπισκοηοι
477 1617 758 1671 συνελθόντες
796 1614 939 1676 ἄκυρα
983 1618 1121 1662 πάντα
1149 1617 1202 1662 τά
1233 1616 1343 1661 κατά
1371 1619 1446 1661 τοῦ
1474 1619 1597 1660 θειόυ
1627 1619 1713 1661 Ἰω-

325 1770 358 1792 i.
386 1757 428 1793 ἐν
454 1768 524 1791 om.
551 1758 593 1791 A.
727 1758 840 1794 εἵλετο
867 1769 898 1791 e.
1023 1757 1055 1791 5.
1086 1757 1124 1793 οἶ
1147 1762 1234 1790 ante
1259 1754 1327 1800 τῆς
1352 1755 1437 1790 add.
1465 1766 1510 1790 ex
1537 1755 1578 1789 A.
1677 1757 1711 1791 8.

321 1800 428 1853 παρά
454 1803 632 1843 Ἰωάννου
657 1805 741 1839 add.
767 1818 812 1840 ex
836 1807 876 1839 A.
995 1805 1277 1855 μετασταλῆναι
1301 1804 1336 1837 b.
1456 1815 1492 1848 9.
1517 1802 1713 1848 πρόδηλον

322 1865 395 1887 om.
423 1855 465 1887 A.
569 1865 620 1887 ιο.
642 1852 887 1901 Ῥουφιαναῖς
910 1854 952 1889 Α.
1056 1855 1108 1887 16.
1137 1850 1405 1899 ἀνεκαλέσατο]
1435 1849 1658 1900 ἀνέκαμψεν
1676 1851 1712 1887 b.

325 1901 525 1950 δημοσίας]
552 1901 780 1951 δοκιμασίας
797 1902 834 1936 b.
962 1913 1014 1948 ¹5·
1040 1895 1138 1937 zaro}
1163 1897 1231 1938 τὸν
1257 1902 1299 1943 A,
1326 1895 1422 1936 κατά
1449 1897 1492 1938 τὸ
1516 1900 1614 1946 vulg.

784 1974 801 1985 ο

228 2021 293 2056 ille
318 2021 635 2058 criminationibus
676 2035 696 2056 a
722 2022 934 2071 Theophilo
971 2029 1097 2058 contra
1121 2024 1271 2058 beatum
1295 2024 1473 2057 Ioannem
1497 2022 1712 2070 compositis

227 2076 512 2117 praeoccupatus
537 2072 590 2105 ire
625 2071 850 2106 detrectavit.
1141 2106 1143 2108 ,

40 2112 214 2160 A.C.397
322 2117 400 2151 Hoc
425 2130 520 2152 anno
545 2121 698 2153 Ioannes
725 2120 1002 2164 Chrysostomus
1028 2120 1200 2155 adversus
1218 2131 1346 2167 pravas
1372 2119 1545 2153 mulieres
1572 2130 1714 2153 sermo-

227 2177 310 2199 nem
354 2167 548 2209 instruxit,
586 2168 689 2201 cuius
726 2169 919 2204 occasione
957 2168 1127 2214 flagitiosi
1164 2171 1302 2216 quique
1336 2174 1373 2202 et
1397 2168 1562 2201 veritatis
1587 2167 1713 2201 hostes

226 2213 428 2249 Eudoxiam
468 2215 538 2260 ipsi
578 2215 758 2249 infensam
796 2215 1010 2257 reddidere,
1051 2219 1253 2252 orationem
1289 2218 1328 2251 in
1358 2226 1437 2250 eam
1472 2216 1714 2262 compositam

227 2267 443 2296 asserentes.
469 2262 560 2296 haec
590 2263 893 2309 apudArcadium
919 2266 1158 2299 contumelias
1179 2278 1321 2313 passam
1347 2270 1560 2310 conquesta,
1585 2263 1712 2297 Theo-

225 2309 371 2355 philum
398 2311 544 2344 loannis
565 2317 729 2357 apertum
756 2312 897 2346 hostem
928 2319 967 2346 ut
993 2313 1197 2357 advocaret,
1225 2314 1394 2360 impulit:
1421 2312 1485 2346 ille
1512 2312 1560 2345 ad
1587 2312 1710 2346 locum

227 2358 394 2404 Quercus
427 2358 595 2402 nomine,
622 2360 683 2405 qui
712 2372 808 2394 nuuc
851 2360 1042 2395 Rufiniana
1072 2362 1219 2404 dicitur,
1245 2363 1424 2408 insignem
1457 2359 1644 2402 advolans,
1673 2360 1714 2394 in

227 2405 375 2440 Ioannis
401 2407 598 2451 perniciem
626 2408 774 2441 molitur
798 2408 958 2450 insidias,
981 2415 1018 2443 et
1048 2422 1129 2444 eum
1156 2410 1247 2445 urbe
1273 2409 1456 2445 deturbat.
1500 2420 1543 2443 eo
1582 2409 1712 2453 cogni-

225 2459 293 2496 to,
329 2454 488 2500 populus
531 2454 577 2488 ad
616 2454 835 2490 seditionem
880 2464 1063 2499 movetur,
1112 2471 1180 2493 nec
1225 2460 1402 2493 Ioannem
1438 2456 1529 2490 urbe
1572 2455 1713 2502 depelli

224 2501 373 2548 patitur.
395 2501 443 2535 ad
480 2502 571 2536 haec
610 2503 772 2537 Eudoxia
806 2505 936 2550 populi
963 2506 1182 2541 clamoribus
1218 2507 1326 2549 flexa,
1354 2505 1549 2540 Arcadium
1574 2516 1640 2550 pro
1668 2516 1713 2538 eo

225 2549 460 2596 deprecatur,
498 2556 536 2585 et
570 2550 739 2585 eunucho
774 2553 924 2586 Brisone
956 2554 1066 2588 misso
1095 2566 1114 2588 a
1150 2557 1327 2594 Praeneto
1354 2556 1528 2588 Ioannem
1554 2558 1712 2586 revocat.

225 2598 256 2631 is
283 2603 405 2632 autem
435 2603 520 2632 ante
552 2599 742 2645 publicum
776 2601 969 2634 concilium
1009 2602 1134 2636 urbem
1161 2604 1303 2648 ingredi
1331 2613 1512 2644 recusans,
1539 2600 1586 2634 ad
1612 2601 1712 2635 Ana-

224 2646 328 2690 plum
366 2645 405 2679 in
446 2646 623 2681 suburbio
653 2659 787 2681 moram
825 2648 1007 2683 trahebat.
1057 2652 1142 2684 exin
1176 2652 1336 2697 populus
1372 2653 1643 2696 imperatorem,
1671 2654 1712 2683 ut

223 2694 399 2728 loannem
426 2695 465 2728 in
499 2695 625 2729 urbem
655 2695 848 2730 induceret
880 2703 917 2730 et
935 2696 1065 2731 throno
1093 2701 1314 2740 restitueret,
1340 2699 1433 2733 adeo
1454 2698 1644 2743 compulit,
1671 2703 1712 2732 ut

223 2741 467 2789 Theophilus,
492 2749 529 2777 et
555 2745 617 2790 qui
649 2756 728 2777 cum
754 2744 820 2778 illo
850 2751 965 2786 erant,
990 2751 1125 2781 terrore
1153 2748 1309 2792 perculsi
1333 2747 1418 2792 suga
1445 2746 1511 2780 sibi
1540 2744 1711 2779 consule-

226 2795 318 2825 rent.
367 2796 443 2825 tum
469 2803 555 2826 vero
583 2804 626 2826 ex
649 2793 833 2840 episcopis
856 2794 1119 2829 convenientes
1145 2795 1192 2829 ad
1219 2795 1419 2842 sexaginta,
1446 2799 1590 2836 cuncta,
1615 2804 1710 2841 quae
