1786 3204
275 147 351 203 68
835 158 1184 201 THEOPHAMS

271 270 353 312 τῶν
382 265 648 322 στρατιωτῶν
669 263 986 305 Κωνσταντίου.
1042 258 1182 302 ἐλθών
1213 258 1260 299 δὲ
1287 257 1333 299 ἐν
1354 252 1497 313 Ῥώμῃ
1519 252 1748 297 Κωνστάν.

269 351 357 385 τιος
386 335 584 389 εἰσῆλθεν
609 328 720 385 μετὰ
761 331 916 383 πολλῆς
958 326 1199 384 φαντασίας
1228 326 1302 367 καί
1328 322 1623 380 παρατάξεως,
1655 321 1746 382 ὀνο.

268 403 454 458 piaco-sig
480 399 588 456 ὑπὲρ
619 398 717 447 τούς
743 396 825 453 πρὸ
857 393 1012 439 ἑαυτοῦ
1043 398 1249 450 βασιλεῖς.
1311 392 1523 447 συνῆλθεν
1553 390 1602 433 δὲ
1629 390 1747 447 αύτῷ

268 472 343 513 καί
369 469 393 524 ἦ
427 465 531 525 γυνη
560 466 697 509 αὐτοῦ
724 466 941 520 Εὔσεβία,
973 463 1046 505 καί
1076 463 1268 517 ἐποίησεν
1298 461 1611 515 δεκατέσσαρας
1641 453 1746 513 ἦμέ-

268 554 347 594 ρας
374 540 419 580 ἐν
462 537 516 594 τῇ
541 532 698 591 Ῥώμῃ.
756 531 940 584 ἐξελθών
969 532 1014 574 δὲ
1055 530 1100 571 ἐν
1128 530 1188 587 τῷ
1222 528 1519 586 Τριβουναλίῳ
1545 524 1782 584 Κάμπῳ,5

265 604 340 647 καί
361 601 461 653 στάς
492 604 560 660 ἐφ’
599 598 741 654 ’ὕψους
769 595 1060 654 συμπαρόντος
1100 596 1215 655 αὐτῷ
1240 597 1315 638 τοῦ
1344 595 1641 652 στρατοπέδου
1671 594 1746 636 καί

215 674 343 717 Βτοῦ
374 667 714 727 Βρεττανίωνος,
747 663 1000 723 ἐδημηγόρει
1037 666 1198 707 πείθων
1227 662 1300 706 τὸν
1331 659 1460 720 λαόν,
1502 658 1744 704 ἀκόλουθον

263 736 372 782 εἶναι
401 739 473 795 τῆς
499 738 730 792 βασιλείας,
762 732 928 788 καίτῆν
957 735 1154 785 ἐξουσίαν
1185 729 1400 788 ὑπάρχειν
1428 731 1490 789 τῷ
1515 731 1562 773 ἐκ
1591 727 1744 785 προγό-

261 824 344 850 νων
375 807 586 861 βασιλέων
613 804 899 860 διαδεξαμένῳ
932 802 1100 857 ταύτην,
1129 802 1371 857 συμφέρειν
1389 814 1432 841 τε
1462 799 1524 857 τῷ
1552 797 1643 856 λαῷ
1670 795 1746 838 καί

259 877 318 932 τῷ
347 875 470 932 κοινῷ
498 870 581 914 ὑπὸ
611 871 716 926 μίαν
737 869 930 920 ἐξουσίαν
960 870 1216 910 διοικεῖσθαι
1244 865 1292 909 τοὶ
1328 866 1529 923 δημόσια,
1558 864 1631 913 καὶ
1661 861 1741 907 ὅσα
1763 884 1786 910 κ

258 939 420 990 τούτοις
450 939 684 982 α’κόλουθα.
743 935 837 980 τότε
868 933 1091 985 ἀποδύσας
1120 935 1194 979 τόν
1210 933 1508 992 Βρεττανίώνα
1537 930 1743 990 βασιλεύ-

258 1026 390 1051 σαντα
419 1010 555 1062 μῆνας
583 1008 684 1049 δέκα
714 1010 804 1048 κατ’
833 1002 971 1059 αὐτην
989 1002 1066 1059 την
1097 1001 1215 1059 ὥραν
1243 1004 1457 1059 τραπέζης
1487 1001 1607 1060 αὐτῷ
1635 999 1743 1057 πρὸς

255 1073 443 1118 ἑστίασιν
481 1073 773 1130 ἐκοινώνησεν·
834 1073 908 1114 καί
934 1070 1044 1126 μετὰ
1082 1071 1221 1128 πάσης
1270 1072 1396 1127 τιμῆς
1436 1072 1513 1113 καί
1553 1071 1744 1127 δορυφο-

255 1143 350 1200 ριάς
379 1143 454 1184 καί
494 1144 659 1184 πολλῶν
684 1139 968 1198 χαρισμάτων
996 1140 1042 1182 ἐν
1072 1137 1259 1197 Προύσῃ
1290 1142 1367 1194 τῆς
1396 1139 1613 1189 Βιθυνίας
1639 1137 1744 1180 α’πέ..

258 1215 432 1254 στειλεν.
492 1207 751 1266 Χριστιανὸς
783 1210 828 1250 δὲ
856 1204 914 1250 aiv
944 1209 998 1265 τῇ
1029 1208 1228 1265 ἐκκλησίᾳ
1257 1204 1504 1264 ἐσχόλαζεν,
1536 1207 1610 1248 καί
1638 1209 1742 1247 πολ-
1761 1222 1774 1249 1

257 1278 334 1328 λὰς
365 1275 646 1334 ἐλεημοσύνας
676 1276 808 1318 ἐποίει
837 1277 896 1325 εἰς
926 1273 1027 1324 τούς
1056 1277 1240 1331 πένητας
1258 1291 1269 1302 ·
1301 1275 1430 1328 ἐτίμα
1461 1275 1510 1316 δὲ
1539 1275 1614 1316 καί
1640 1271 1744 1324 τούς

150 1345 384 1402 Ρ,33ἱερεῐς
416 1344 494 1394 ἕως
537 1344 695 1400 ἡμέρας
729 1345 922 1399 τελευτῆς
953 1344 1099 1385 αὐτοῦ.
1169 1342 1190 1384 ὁ
1235 1344 1281 1386 δὲ
1315 1340 1625 1392 Κωνστάντιος
1653 1343 1745 1385 ἔπι-

256 1416 448 1471 στρέψας
490 1414 549 1462 εἰς
592 1410 637 1454 τὸ
673 1410 935 1467 Βυζάντιον,
965 1412 1041 1452 καί
1082 1409 1378 1467 παρακληθείς
1407 1408 1490 1452 ὑπὸ
1526 1410 1745 1465 Εὖσεβίας

254 1485 330 1537 τῆς
372 1482 484 1530 ἰδίας
522 1479 722 1535 γυναικὸς
759 1479 994 1521 Ἰουλιανόν
1031 1478 1107 1521 τὸν
1147 1477 1338 1534 ἀδελφὸν
1377 1477 1549 1521 Γάλλου
1593 1479 1639 1521 ἐκ
1668 1480 1746 1534 τῆς

254 1549 445 1606 φυλακῆς
475 1545 691 1603 ἐξαγαγών
705 1548 912 1603 Καίσαρα
945 1546 1247 1604 προβάλλεται,
1277 1548 1351 1589 καί
1378 1547 1438 1597 εἷς
1458 1548 1647 1597 Γαλλίας
1677 1547 1739 1588 ἐκ.
1757 1561 1786 1587 21

350 1712 383 1745 3.
409 1706 496 1751 τοὺς
522 1711 562 1754 Α,
588 1712 656 1746 τοῦ
680 1712 774 1757 vulg.
900 1714 934 1756 4.
974 1712 1258 1759 δεκατεσσέρεις
1285 1713 1363 1747 Par.
1486 1713 1520 1746 8.
1553 1710 1743 1758 ὑπάρχειν

347 1761 388 1801 A,
416 1759 628 1806 ὑπάρχοντι
652 1761 749 1804 vulg.
824 1771 857 1804 9.
886 1763 935 1808 τῷ
959 1762 1038 1808 λαῷ
1067 1773 1137 1795 oni.
1157 1762 1198 1802 A,
1224 1761 1276 1808 τῷ
1302 1759 1418 1808 κοινῷ
1450 1759 1530 1808 λαῷ
1548 1771 1580 1793 a.
1685 1771 1739 1792 io.

349 1811 414 1843 καὶ
439 1807 512 1843 ὅσα
540 1809 582 1849 A,
609 1811 672 1842 καὶ
696 1806 742 1843 τὰ
767 1809 863 1853 vulg.
937 1808 940 1810 ’
1017 1811 1067 1843 13.
1096 1810 1227 1847 ἑστίαν
1253 1810 1290 1843 b.
1436 1809 1675 1858 δορυφορίας
1702 1810 1742 1849 Α,

349 1857 486 1912 διρριφ.
513 1867 534 1889 a
558 1868 587 1899 c,
614 1857 761 1905 δωρηφ.
789 1857 824 1900 f,
852 1858 1106 1907 δωροφορίας
1130 1859 1228 1904 vulg.
1362 1870 1414 1904 ¹7.
1441 1857 1510 1898 ἕως
1534 1856 1596 1901 τῆς
1619 1858 1744 1892 τελευ-

352 1918 413 1948 της
438 1917 469 1938 a.

258 2032 303 2066 tii
327 2030 504 2065 militibus
533 2032 614 2065 neci
643 2031 809 2066 traditur.
865 2033 1127 2069 Constantinus
1155 2040 1276 2069 autem
1306 2033 1448 2079 ingenti
1474 2044 1555 2067 cum
1579 2036 1744 2066 ostenta-

259 2080 362 2114 tione
383 2085 428 2134 “et
466 2086 641 2125 apparatu
682 2081 819 2115 bellico
858 2083 1005 2116 Romam
1031 2083 1238 2128 ingressus,
1272 2082 1447 2116 laudibus
1478 2091 1587 2126 supra
1617 2091 1743 2113 omnes

260 2133 355 2161 retro
382 2135 616 2172 imperatores
650 2130 855 2163 cumulatus
897 2137 963 2165 est.
1014 2143 1086 2164 una
1127 2144 1209 2166 cum
1234 2132 1315 2178 ipso
1345 2131 1478 2164 coniux
1503 2127 1659 2163 Eusebia
1684 2140 1741 2160 ur-

259 2175 343 2209 bem
368 2176 548 2221 ingressa,
580 2178 859 2224 quatuordecim
894 2179 933 2212 in
972 2191 1014 2213 ea
1044 2180 1122 2214 dies
1149 2181 1235 2226 egit.
1297 2179 1385 2213 hinc
1409 2178 1457 2212 ad
1485 2177 1744 2211 Tribunalium

261 2235 423 2269 campum
450 2224 658 2269 profectus,
692 2231 730 2259 et
760 2232 901 2260 astante
931 2229 1093 2262 exercitu
1127 2234 1164 2262 et
1188 2228 1427 2263 Britannione
1453 2231 1661 2271 suggestum
1690 2225 1744 2258 nl·

263 2273 390 2327 tioreni
428 2272 692 2314 conscendens,
729 2274 966 2309 adlocutione
1002 2276 1048 2310 ad
1084 2277 1264 2323 populum
1301 2282 1339 2310 et
1371 2275 1505 2309 milites
1532 2273 1679 2315 habita,
1706 2278 1746 2306 ut

261 2331 451 2374 imperium
495 2322 658 2355 colerent
686 2334 728 2355 ac
754 2324 934 2357 maiestati
961 2325 1128 2358 submissi
1154 2325 1470 2370 obsequerentur,
1496 2322 1695 2356 suadebat:
1724 2334 1743 2353 a

261 2367 456 2423 maioribus
479 2375 515 2402 et
539 2370 613 2402 avis
643 2371 923 2416 imperatoribus
951 2378 1171 2418 potestatem
1210 2379 1398 2419 acceptam
1429 2371 1502 2406 sibi
1527 2371 1668 2411 adesse,
1698 2370 1744 2402 ab

263 2427 336 2448 uno
363 2417 525 2461 principe
562 2417 729 2462 publicas
767 2430 822 2453 res
853 2419 1097 2455 administrari
1139 2422 1278 2467 populo
1316 2427 1355 2455 et
1381 2419 1566 2454 communi
1590 2419 1745 2452 utilitati

263 2463 488 2519 conducere,
511 2471 548 2498 et
573 2466 610 2499 id
637 2477 748 2510 genus
774 2468 921 2501 similia.
950 2471 1123 2514 quocirca
1150 2470 1423 2504 Britannionem
1443 2469 1568 2501 decem
1599 2480 1618 2500 a
1643 2479 1748 2500 men-

263 2511 365 2566 sibus
388 2524 523 2545 socium
545 2514 686 2559 imperii
713 2516 849 2548 factum
871 2516 996 2562 eadem
1024 2518 1112 2551 hora
1138 2518 1326 2564 dignitatis
1353 2516 1555 2562 insignibus
1583 2521 1746 2555 exutum,

263 2571 448 2594 convwam
464 2561 519 2616 ⁸ad
537 2572 698 2595 mensam
718 2564 882 2609 excepit:
912 2577 1020 2610 quem
1048 2566 1183 2600 deinde
1200 2567 1339 2611 magnis
1367 2564 1571 2599 honoribus
1597 2569 1746 2597 auctum

263 2608 407 2662 Prusani
433 2607 625 2653 Bithyniae
655 2609 850 2655 ablegavit.
902 2625 981 2646 cum
1007 2626 1093 2648 vero
1113 2614 1321 2649 Christiano
1348 2614 1417 2648 ritu
1446 2617 1542 2646 esset
1567 2612 1747 2650 initiatus,

265 2655 493 2711 ecclesiaruin
531 2658 648 2691 cultui
685 2658 903 2704 indulgebat
945 2662 1130 2704 assiduus,
1177 2669 1214 2697 et
1247 2674 1330 2707 erga
1370 2671 1552 2708 pauperes
1589 2660 1746 2704 erogatis

266 2703 505 2747 eleemosynis
522 2704 727 2746 liberalem,
756 2718 839 2752 erga
863 2709 1071 2743 sacerdotes
1100 2710 1146 2744 ad
1175 2711 1346 2745 ultimum
1376 2721 1494 2756 usque
1518 2709 1617 2743 vitae
1646 2707 1745 2741 diem

266 2761 343 2783 sese
374 2753 547 2807 cultorem
579 2753 749 2787 devotum
777 2756 988 2791 exhibebat.
1048 2758 1302 2805 (Constantius
1334 2770 1420 2792 vero
1454 2756 1663 2801 Byzantium
1691 2766 1746 2788 re-

263 2809 400 2842 versus,
438 2800 615 2835 Eusebiae
650 2803 813 2849 coniugis
854 2805 1024 2852 precibus
1056 2807 1296 2850 sollicitatus,
1325 2806 1511 2840 Iulianum
1539 2803 1641 2838 Galli
1671 2804 1747 2838 fra-
