1786 3204
281 218 298 252 1
315 197 385 254 50
821 214 1166 260 TflEoPflANJs

270 316 392 373 λόγον
422 318 664 374 παρέδωκεν
708 315 863 361 ἑαυτὸν
894 318 1044 370 ζῶντα.
1101 315 1175 357 καί
1200 311 1443 367 εἰσάγουσιν
1470 314 1599 357 αὐτὸν
1626 316 1734 371 πρὸς

163 393 200 428 P.
213 393 255 437 84
269 384 339 429 τὸν
369 387 548 440 βασιλέα
580 384 829 427 Θεοδόσιον·
898 386 971 426 καί
997 384 1122 436 τιμῆς
1165 379 1400 434 ἀξιωθῆναι
1431 379 1565 424 αὐτὸν
1593 399 1734 437 παρα-

268 451 556 504 σκευάζουσιν.
617 451 639 494 ὅ
686 455 733 494 δὲ
765 450 1023 508 Χρυσάφιος
1049 450 1254 502 εὐνοῦχος
1296 442 1356 489 ὢν
1386 448 1459 490 καί
1484 450 1734 505 παραδυνα-

267 516 426 563 στεύων
454 521 499 562 ἐν
523 525 609 569 τοῖς
639 522 882 574 βασιλείοις,
918 515 1206 572 δολοφονήσας
1234 515 1398 558 α’νεῖλεν
1423 512 1557 559 αὐτόν
1574 533 1585 544 ·
1642 518 1734 560 ἀλλ’

267 588 342 629 οὐκ
370 587 429 636 εἷς
456 585 622 642 μακρὰν
649 588 798 628 τοῦτον
826 583 853 641 ἦ
885 584 977 640 δίκη
1008 585 1227 638 μετῆλθεν.
1419 619 1432 634 ¹.
1746 593 1772 635 5

58 655 254 699 Α·Μ·5939
382 653 523 713 Τούτῳ
561 655 616 714 τῷ
652 651 736 696 ἔτει
783 651 999 708 Κύριλλος
1038 648 1370 706 Ἀλεξανδρείας
1414 652 1489 694 καὶ
1534 648 1734 707 Πρόκλος

266 718 753 771 Κωνσταντινουπόλεως
778 719 963 775 εὐσεβῶς
991 717 1294 774 ἐκοιμήθησαν.
1320 717 1393 761 καί
1415 716 1492 762 τόν
1515 721 1594 772 μὲν
1609 716 1734 773 Πρό-

228 794 363 832 Βκλον
393 789 634 843 Φλαβιανός
678 787 700 830 ὅ
729 789 1010 843 πρεσβύτερος
1046 787 1121 828 καί
1148 785 1418 843 σκευοφύλαξ
1447 786 1524 842 τῆς
1549 783 1734 841 μεγάλης

264 858 484 912 ἐκκλησίας
501 852 989 905 Κωνσταντινουπόλεως
1007 855 1234 907 διεδέξατο,
1264 852 1373 910 ἀνὴρ
1403 851 1633 909 ἱερώτατος
1663 853 1736 896 καί

264 923 471 980 ἐνάρετος.
501 921 715 978 Κύριλλον
744 924 791 964 δὲ
818 919 1048 976 Διόσκορος
1085 920 1105 963 ὅ
1138 919 1346 977 δυσσεβὴς
1375 921 1606 975 διεδέξατο,
1631 922 1733 976 μηδ’
1751 935 1786 963 ι(

265 988 373 1040 ὅλως
402 987 461 1032 ὧν
492 987 815 1039 διδασκαλικός·
873 989 1044 1045 ἀχρεῖος
1088 990 1135 1032 δὲ
1165 988 1239 1031 καί
1268 986 1481 1045 α’νήμερός
1511 1004 1590 1041 τις,
1620 989 1734 1040 ἐξαι-

263 1059 395 1111 ρέτως
426 1059 471 1099 δὲ
502 1059 546 1100 ἐν
584 1062 670 1106 τοῖς
701 1057 916 1112 συγγενέσι
948 1057 1170 1112 Κυρίλλου
1197 1053 1450 1111 γενόμενος,
1485 1053 1532 1107 ὃς
1558 1054 1631 1098 καὶ
1658 1053 1735 1111 τήν

264 1125 398 1167 οἰκίαν
428 1125 570 1166 αὐτῶν
601 1125 752 1181 καίπερ
785 1119 920 1167 οὖσαν
953 1124 999 1166 ἐν
1042 1120 1146 1179 ὕψει
1176 1126 1316 1183 πολλῷ
1345 1125 1487 1167 ἐπάνω
1517 1126 1735 1182 τρίστεγον

266 1187 379 1235 οἶκον
409 1194 681 1247 καθιέρωσεν.

54 1259 147 1295 AM·
160 1260 252 1305 5940
375 1257 861 1309 ,Κωνσταντινουπόλεως
880 1260 1142 1314 Φλαβιανοῦ,
1156 1259 1483 1316 Ἀλεξανδρείας
1493 1256 1732 1316 Διοσκόρου
1751 1259 1786 1301 ιξ

264 1325 494 1369 ἐπισκόπου
526 1324 619 1375 ἔτος
650 1325 707 1370 α’.

224 1397 252 1434 C
379 1391 524 1452 Τούτῳ
552 1395 608 1451 τῷ
636 1391 719 1436 ἔτει
746 1390 1003 1452 Χρυσάφιος
1029 1390 1231 1449 εὖνοῦχος
1262 1393 1341 1437 τοῦ
1356 1409 1400 1437 τε
1428 1396 1634 1437 παλατίου
1662 1395 1738 1437 καί

262 1464 339 1504 τοῦ
364 1464 573 1516 βασιλέως
601 1463 791 1517 κρατῶν,
837 1464 890 1520 τῇ
935 1464 1186 1516 Φλαβιανοῦ
1224 1464 1464 1520 χειροτονίᾳ
1503 1462 1734 1518 φθονήσας,

264 1529 445 1570 ὑπέθετο
475 1531 530 1586 τῷ
557 1531 730 1583 βασιλεῖ
751 1529 893 1588 (Incingi
924 1525 1037 1584 ὄντι,
1067 1531 1140 1571 καί
1166 1531 1224 1580 εἷς
1244 1528 1501 1585 Χαλκηδόνα
1534 1527 1734 1585 διάγοντι,

266 1595 455 1650 δηλῶσαι
483 1598 540 1653 τῷ
565 1592 807 1654 πατριάρχῃ
839 1597 1088 1640 αἰιοστεΐλαι
1118 1595 1192 1647 τὰς
1226 1597 1337 1653 ὑπὲρ
1370 1599 1443 1653 τῆς
1468 1598 1734 1653 χειροτονίας
1746 1613 1786 1640 2(

265 1664 468 1719 εὐλογίας.
534 1663 556 1706 ὅ
590 1665 637 1706 δὲ
669 1664 913 1720 Φλαβιανὸς
950 1663 1169 1722 καθαροὺς
1208 1660 1365 1721 ἄρτους
1390 1664 1634 1708 ἀπέστειλεν
1659 1665 1734 1707 ευ’-

358 1786 391 1820 8.
421 1785 582 1833 μεγάλης
618 1786 701 1821 add.
747 1799 791 1821 ex
822 1788 862 1821 A.
992 1797 1045 1819 ιι.
1074 1784 1226 1833 ἀχρεῖος
1262 1786 1290 1819 Α
1319 1796 1341 1818 a
1364 1785 1408 1828 b,
1449 1782 1602 1831 ἆρχεῒος
1634 1785 1732 1830 vulg.

365 1845 416 1866 12.
443 1831 483 1873 ὃς
509 1837 573 1869 καὶ
597 1835 626 1868 Α
655 1847 676 1868 a
701 1835 750 1879 b,
780 1834 831 1876 ὥς
855 1836 920 1870 καὶ
946 1835 1042 1880 vulg.
1158 1844 1215 1867 21.
1240 1831 1372 1870 ἀπέστ.
1396 1831 1570 1882 εὐλογίας
1591 1834 1634 1876 Α,
1662 1832 1730 1869 ἀπ.

360 1880 535 1929 εὐλογίαν
562 1883 658 1928 vulg.

263 1980 381 2014 virum
409 1981 455 2014 ad
479 1982 734 2027 imperatorem
756 1981 1003 2017 Theodosium
1031 1981 1228 2023 adducunt,
1256 1985 1293 2015 et
1317 1985 1359 2014 ut
1376 1979 1534 2014 honores
1559 1991 1732 2027 assequa-

266 2033 507 2073 tur,¹operam
534 2029 722 2063 adhibent.
774 2042 882 2076 porro
908 2029 1149 2075 Chrysaphius
1176 2028 1362 2063 eunuchus
1388 2040 1562 2063 summam
1602 2029 1641 2062 in
1664 2040 1732 2074 pa-

266 2075 354 2108 latio
378 2082 594 2121 potestatem
621 2089 789 2111 exercens
816 2077 910 2111 dolis
935 2079 969 2111 ei
994 2084 1144 2111 mortem
1166 2077 1313 2111 intulit:
1338 2089 1358 2110 a
1385 2089 1458 2123 quo
1485 2082 1734 2123 perpetratum

267 2124 383 2156 scelus
418 2123 541 2158 divina
566 2125 704 2158 iustitia
747 2126 903 2158 inultum
933 2138 1012 2159 sero
1039 2125 1174 2159 differri
1200 2137 1275 2159 non
1301 2130 1354 2158 est
1378 2135 1495 2171 passa.

83 2177 255 2223 A.C.439
362 2172 438 2205 Hoc
474 2183 567 2205 anno
603 2172 756 2215 Cyrillus
781 2174 1018 2207 Alexandriae
1053 2180 1089 2207 et
1112 2174 1255 2207 Proclus
1284 2173 1440 2218 Cpoleos
1466 2172 1626 2218 episcopi
1652 2184 1733 2205 cum

265 2218 404 2264 pietate
443 2219 740 2254 obdormierunt:
787 2227 824 2254 et
863 2222 1025 2255 Proclum
1061 2221 1209 2268 quidem
1248 2221 1441 2254 Flavianus
1484 2220 1674 2266 presbyter
1697 2225 1735 2254 et

266 2266 440 2299 ecclesiae
464 2267 618 2312 Cpoleos
642 2268 907 2314 sceuophylax,
933 2270 987 2302 vir
1003 2271 1113 2303 sacris
1141 2274 1327 2315 praestans
1347 2275 1384 2303 et
1414 2274 1561 2302 ornatus
1587 2269 1731 2309 virtute,

267 2315 429 2360 excepit3
455 2315 493 2348 in
517 2315 642 2358 Cyrilli
670 2327 753 2350 vero
792 2317 909 2350 locum
937 2318 1128 2351 Dioscorus
1154 2317 1364 2362 flagitiosus,
1402 2322 1440 2350 et
1463 2317 1579 2349 omnis
1606 2327 1733 2362 expers

266 2361 474 2403 doctrinae,
512 2363 605 2395 nulli
631 2363 760 2405 bonus,
787 2364 850 2397 sed
875 2366 950 2398 sola
976 2371 1126 2399 naturae
1152 2365 1341 2399 ferocitate
1365 2365 1594 2410 conspicuus,
1621 2366 1731 2397 suffe-

267 2415 344 2442 ctus
369 2415 433 2443 est.
483 2409 573 2443 haec
600 2411 676 2443 eius
694 2424 830 2445 summa
858 2413 947 2454 laus,
974 2414 1073 2459 quod
1098 2414 1194 2446 inter
1221 2413 1348 2456 cyrilli
1374 2412 1496 2446 aflines
1522 2423 1731 2446 numerare-

264 2462 336 2498 tur,
366 2469 518 2503 quorum
548 2458 657 2491 aedes
686 2471 821 2494 summa
861 2461 948 2494 licet
971 2461 1166 2495 altitudine
1194 2461 1413 2506 spectabiles
1441 2472 1483 2494 ac
1520 2472 1630 2507 super
1655 2465 1730 2494 ter-

265 2505 352 2539 tiam
378 2506 687 2549 contignationem
720 2509 875 2541 elevatas
900 2510 1053 2554 profano
1089 2510 1157 2543 ritu
1185 2509 1418 2543 consecravit.

77 2558 253 2603 A-C.44o
312 2601 321 2609 .
360 2552 516 2599 Cpoleos
555 2554 713 2601 episcopi
743 2555 924 2598 Flaviani,
961 2557 1200 2591 Alexandriae
1238 2557 1399 2604 episcopi
1426 2556 1591 2590 Dioscori
1616 2566 1731 2589 annus

263 2612 414 2647 primus.

358 2649 436 2682 Hoc
467 2660 563 2683 anno
602 2648 845 2695 chrysaphius
881 2652 1067 2686 eunuchus
1103 2665 1274 2687 summam
1313 2653 1352 2685 in
1377 2651 1515 2698 palatio
1542 2656 1579 2685 et
1617 2661 1731 2697 penes

261 2696 515 2741 imperatorem
543 2704 756 2743 assequutus
786 2703 1016 2744 potestatem,
1055 2701 1265 2735 Flavianum
1293 2700 1501 2734 ordinatum
1530 2710 1610 2733 cum
1635 2699 1730 2732 invi-

262 2743 321 2777 dia
347 2750 384 2778 et
409 2744 561 2779 moleste
598 2744 739 2785 serens,
765 2746 974 2791 imperatori
1008 2749 1146 2794 alioqui
1181 2750 1328 2783 minime
1361 2749 1470 2790 malo,
1497 2746 1728 2781 Chalcedone

261 2797 349 2825 tunc
373 2804 509 2826 moram
543 2793 686 2837 agenti,
712 2794 906 2838 suggessit,
941 2801 981 2828 ut
1005 2796 1042 2829 in
1066 2796 1308 2830 ordinationis
1340 2802 1377 2830 et
1395 2795 1585 2840 dignitatis
1614 2795 1728 2828 vicem

261 2838 530 2875 benedictionis
556 2840 707 2888 aliquod
735 2854 863 2877 munus
893 2843 1108 2890 rependeret
1131 2844 1345 2891 patriarcha,
1388 2844 1522 2880 litteris
1551 2843 1729 2890 significa-
