1786 3204
261 170 280 206 1
301 169 319 205 1
332 169 366 203 Ο
833 163 1179 206 THEOPHANIS

250 281 448 338 λεγομένῃ
467 275 578 337 πύλῃ
596 276 816 335 προσθήκη
839 279 898 328 εἰς
920 276 1076 325 πλάτος
1099 277 1173 330 τῆς
1196 269 1388 329 γεφύρας
1409 273 1482 317 καί
1501 275 1726 333 ἕπεστεγοὶ-

249 350 348 403 σθη·
378 348 550 402 ἐκτίσθη
579 346 626 387 δὲ
655 346 727 386 καί
750 343 882 401 μικρὰ
913 341 1111 399 βασιλικὴ
1136 342 1180 383 ἐν
1199 342 1250 397 τῇ
1268 342 1428 398 παλαιᾷ
1458 345 1633 398 πλησίον
1651 351 1727 400 τῆς

249 412 442 469 μεγάλης.
498 414 543 455 ἑν
574 413 618 455 δὲ
640 413 909 470 Παλαιστίνῃ
936 407 1149 464 Ἐμμαούς
1178 408 1296 464 κώμῃ
1320 410 1492 451 παιδίον
1521 409 1725 468 ἐγεννήθη

212 481 409 523 Βτέλειον
440 478 522 522 οἷπὸ
553 483 628 522 τοῦ
670 478 886 535 ὀμφαλοῦ,
921 479 993 519 καί
1032 471 1120 518 ἄνω
1151 475 1416 532 διῃρημένον,
1448 474 1473 517 ὃ
1501 473 1618 530 εἶχεν
1649 478 1724 520 δύο

248 547 398 604 στήθη,
417 548 492 589 δύο
510 545 710 604 κεφαλάς,
730 545 801 588 καὶ
815 541 1001 588 ἑκάστων
1016 542 1090 593 τὰς
1108 542 1332 597 αἰσθήσεις
1347 540 1457 597 ἔχον.
1476 541 1521 585 τὸ
1538 546 1583 587 ἓν
1598 538 1724 600 ἤσθιε
1740 549 1763 589 5

248 617 322 658 καί
349 613 475 668 ἔπινε,
507 613 579 656 καί
602 612 647 655 τὸ
675 616 816 667 ἕτερον
857 613 933 654 οὔκ
964 606 1134 667 ἢσθιεν
1162 607 1209 651 τὸ
1243 608 1287 650 ἓν
1310 606 1541 665 ἐκάθευδε,
1572 616 1648 655 καί
1675 612 1721 655 τὸ

247 682 390 738 ἕτερον
418 680 662 737 ἐγρηγόρει·
717 678 807 723 ἔστι
836 681 882 722 δὲ
914 676 985 720 δ’τε
1011 676 1084 720 καί
1110 676 1365 729 συνέπαιζον
1398 677 1507 732 πρὸς
1545 675 1722 736 ἄλληλα,

247 752 320 792 καί
342 748 507 791 ἔκλαιον
536 748 772 805 ἀμφότερα,
798 747 871 789 καί
898 745 1072 789 ἔτυπτον
1102 740 1277 800 ἄλληλα,
1304 742 1460 800 ἔζησαν
1491 746 1538 788 δὲ
1566 746 1723 802 μικρὸν

245 817 353 872 πρὸς
385 814 455 872 ἔτη
486 813 577 858 δι’-ο.
644 817 718 857 καί
744 813 787 857 τὸ
815 817 893 869 μὲν
921 813 964 855 ἓν
993 813 1220 866 ἀπέθανεν,
1250 810 1294 854 τὸ
1329 814 1376 855 δὲ
1405 815 1547 870 ἕτερον
1574 812 1722 871 ἔζησεν

245 881 406 940 ἡμέρας
434 884 659 937 τέσσαρας,
688 881 763 924 καί
786 881 1000 923 ἀπέθανεν
1029 881 1104 921 καί
1134 875 1254 925 αὕτό,
1740 891 1786 917 ιο

339 944 427 1009 ’Τιιῖἰ
448 952 485 992 δ’
507 949 619 1007 αι’-τῷ
646 947 728 992 ἔτει
757 947 932 1005 ἔστησεν
962 947 984 989 ὃ
1014 945 1216 1002 βασιλεὺς
1239 944 1471 998 Θεοδόσιος
1500 947 1575 992 τὸν
1601 951 1720 992 κιόνα

243 1020 318 1060 τοῦ
350 1018 533 1073 Ταύρου.

33 1095 230 1143 A.M.5859
359 1083 499 1143 Toircp
540 1084 601 1141 τῷ
627 1081 713 1126 ἔτει
746 1082 959 1138 Τιμοθέου
999 1081 1327 1138 τελευτήσαντος
1367 1083 1445 1125 τοῦ
1485 1083 1719 1127 ἐπισκόπου

203 1151 557 1206 οἈλεξανδρειάς
585 1151 688 1207 μηνί
712 1150 856 1208 Ἐπιφὶ
886 1149 1024 1192 εἰκάδι
1064 1149 1160 1208 ἕκτῃ
1188 1156 1493 1205 χειροτονεῖται
1526 1151 1615 1194 ἄντ’
1642 1153 1718 1194 αὕ-

239 1221 314 1262 τοῢ
343 1219 365 1260 ὁ
400 1218 625 1275 Θεόφιλος.
1737 1216 1785 1258 15

30 1294 227 1333 A.M.5880
343 1287 667 1341 ’Ἀλεξανδρείας
699 1282 929 1327 ἐπισκόπου
959 1283 1173 1342 Θεοφίλου
1196 1283 1289 1334 ἔτος
1317 1286 1497 1339 πρῶτον.

354 1353 497 1413 Τούτῳ
543 1355 602 1412 τῷ
630 1351 716 1395 ἔτει
749 1349 977 1402 Θεοδόσιος
1010 1350 1032 1393 ὃ
1077 1351 1258 1408 εὕσεβής
1295 1351 1502 1407 βασιλευς
1542 1352 1718 1410 νικήσας

238 1422 444 1476 Μάξιμον
475 1419 545 1462 τὸν
574 1419 782 1474 τύραννον
814 1420 980 1461 οἷνεῖλεν
999 1418 1080 1475 πρὸ
1105 1419 1270 1462 δώδεκα
1299 1421 1521 1462 καλανδῶν
1538 1417 1717 1476 Adyrm-

239 1506 355 1546 στου,
387 1487 460 1530 καί
481 1484 790 1542 Ἀνδραγοῖθιον
827 1485 900 1529 τὸν
941 1486 1179 1543 στρατηγὸν
1206 1483 1362 1540 αὐτοῦ,
1404 1485 1461 1537 ιὸς
1483 1488 1716 1546 δολοφονή-

194 1571 367 1605 Βσαντα
396 1554 468 1599 τὸν
496 1553 746 1612 Γρατιανόν.
1728 1570 1780 1597 20

331 1683 365 1716 5.
392 1681 550 1716 ἕκαστον
574 1681 616 1715 Α.
726 1678 834 1722 ἤσθιε
864 1680 912 1722 Α,
940 1681 1045 1716 ἔσθιε
1071 1681 1166 1726 vulg.
1195 1688 1349 1727 utroque
1378 1681 1470 1715 loco.
1570 1694 1603 1727 7.
1633 1682 1714 1716 ἔστι

330 1729 373 1764 δὲ
401 1728 461 1764 ὅτε
487 1730 536 1770 Α,
564 1730 629 1763 καὶ
658 1728 738 1763 ἔστι
765 1728 805 1763 δὲ
833 1727 894 1763 ὅτε
918 1729 1015 1773 vulg.
1174 1730 1207 1764 8.
1235 1733 1298 1764 καὶ
1325 1731 1477 1765 ἔκλαιον
1501 1750 1547 1756 —-
1578 1728 1712 1772 ἄλληλα

332 1789 400 1811 om.
426 1778 454 1810 A
479 1777 502 1810 f.
583 1787 632 1810 12.
661 1778 725 1811 τοῦ
751 1776 834 1810 add.
859 1788 903 1810 ex
927 1777 957 1810 A
991 1783 1027 1811 et
1052 1776 1147 1810 aliis.
1230 1778 1279 1810 15.
1308 1776 1327 1812 ὁ
1356 1777 1440 1814 add.
1464 1788 1509 1811 ex
1537 1778 1578 1812 A.
1657 1790 1710 1824 ¹7·

332 1824 352 1860 ὅ
378 1818 531 1871 εὐσεβῆς
554 1836 624 1859 om.
650 1835 682 1857 a.

237 1940 427 1974 aedificata
455 1945 508 1974 est
536 1940 582 1973 ad
602 1940 723 1985 pontis
743 1938 991 1980 latitudinem,
1017 1945 1189 1988 tectoque
1219 1945 1364 1988 operta:
1392 1940 1482 1975 item
1511 1952 1621 1987 parva
1646 1941 1713 1975 ba-

237 1989 341 2023 silica
375 1988 412 2021 iu
450 1989 562 2021 veteri
597 2000 710 2034 prope
743 1989 913 2021 maiorem
951 1993 1126 2022 extructa.
1190 1989 1228 2023 in
1256 1988 1460 2023 Palaestina
1499 2000 1585 2024 vero
1617 2001 1712 2036 pago

234 2037 399 2070 Emmaus
429 2035 547 2069 infans
571 2042 676 2069 natus
710 2041 765 2069 est
788 2035 833 2068 ab
857 2035 1027 2069 umbilico
1068 2037 1237 2070 deorsum
1267 2049 1359 2070 unus
1391 2043 1427 2071 et
1454 2036 1608 2083 integer,
1632 2049 1713 2071 sur-

235 2097 312 2119 sum
340 2089 458 2117 autem
492 2084 534 2116 in·
565 2083 652 2117 duas
691 2085 827 2128 species
853 2090 1037 2129 separatas
1066 2084 1225 2119 divisus:
1252 2084 1345 2119 adeo
1378 2091 1420 2119 ut
1447 2084 1520 2119 duo
1550 2091 1712 2132 pectora,

234 2132 414 2177 geminum
444 2136 564 2176 caput,
591 2137 628 2165 et
646 2132 833 2177 utriusque
859 2133 1059 2178 comple-tos
1076 2144 1202 2167 sensus
1228 2130 1392 2167 haberet.
1422 2145 1513 2167 unus
1542 2133 1712 2168 comede-

231 2180 297 2214 bat
324 2185 359 2213 et
378 2178 540 2220 bibebat,
569 2179 662 2213 alter
696 2179 815 2213 cibum
851 2180 1058 2226 respuebat.
1122 2181 1328 2215 dormiebat
1362 2181 1451 2223 ille„
1486 2187 1523 2215 et
1549 2183 1642 2216 alius
1670 2183 1710 2215 in

231 2227 366 2274 vigiliis
393 2232 481 2260 erat.
533 2228 687 2272 contigit
714 2227 820 2261 etiam
849 2233 891 2261 ut
915 2228 1147 2263 colluderent
1174 2230 1342 2272 invicem,
1372 2235 1409 2263 et
1435 2229 1542 2263 ambo
1566 2230 1710 2272 flerent,

234 2282 271 2309 et
295 2275 340 2309 ad
364 2275 517 2309 invicem
543 2274 781 2309 colluctantes
811 2276 1023 2310 rixarentur.
1075 2277 1183 2311 simul
1208 2278 1330 2311 vixere
1357 2284 1478 2311 autem
1499 2279 1604 2312 annis
1632 2290 1709 2311 am-

230 2323 326 2369 plius
354 2322 518 2356 duobus:
554 2328 590 2356 et
617 2335 688 2356 uno
715 2322 861 2369 quidem
887 2331 1003 2358 morte
1029 2331 1234 2372 praerepto,
1272 2326 1365 2360 alius
1395 2325 1524 2360 diebus
1551 2332 1709 2373 quatuor

232 2371 364 2405 mansit
390 2376 583 2416 superstes,
609 2376 645 2404 et
661 2372 739 2417 pari
765 2371 839 2404 sato
867 2371 1031 2406 decessit.

328 2418 406 2452 Hoc
432 2419 541 2452 etiam
569 2430 662 2451 anno
688 2418 915 2453 Theodosius
940 2421 1137 2467 imperator
1160 2420 1272 2454 Tauri
1299 2426 1455 2455 statuam
1484 2422 1612 2456 erexit.

49 2475 220 2522 A‚C‚379
324 2467 401 2499 Hoc
428 2478 522 2500 anno
542 2467 674 2500 mensis
698 2466 853 2513 Epiphei
882 2474 983 2502 sexto
1014 2480 1120 2514 supra
1144 2469 1374 2514 vigesimum,·
1394 2469 1591 2504 Timotheo
1619 2470 1708 2503 Ale-

234 2513 407 2548 xandriae
448 2514 619 2560 episcopo
652 2515 727 2549 vita
764 2515 912 2557 functo,
938 2517 978 2550 in
1013 2518 1091 2551 eius
1117 2517 1238 2550 locum
1264 2516 1494 2564 Theophilus
1525 2523 1580 2553 est
1607 2517 1708 2551 ordi-

234 2567 354 2596 natus.

43 2620 221 2658 A‚C·380
328 2609 573 2644 Alexandriae
602 2610 765 2656 episcopi
790 2610 989 2656 Theophili
1019 2623 1133 2646 annus
1162 2613 1309 2660 primus.

329 2658 406 2691 Hoc
433 2669 529 2693 anno
567 2658 797 2692 Theodosius
831 2660 1077 2704 pientissimus
1112 2662 1309 2706 imperator
1335 2662 1451 2695 victor
1475 2663 1709 2696 renunciatus

233 2706 433 2740 Maximum
468 2712 660 2751 tyrannum
694 2706 879 2740 interfecit
915 2706 1129 2742 duodecimo
1158 2709 1342 2744 Kalendas
1366 2710 1606 2755 Augustales:
1633 2711 1710 2744 An-

233 2753 463 2836 drapztlthium
490 2765 638 2802 quoque
665 2753 806 2797 ducem,
831 2754 930 2801 quod
955 2756 1167 2790 Gratianum
1205 2757 1291 2792 dolo
1318 2758 1574 2801 interfecisset,
1599 2760 1708 2792 morti

231 2802 325 2836 traci
355 2802 395 2837 it.
