1786 3204
238 142 352 199 308
808 159 1154 201 THEOPHAle

236 260 310 304 καί
336 259 572 317 Μινόρικα,
602 260 919 317 Ἀηολλινοξριον
961 258 1154 302 ἔστελλεν
1183 254 1320 312 ἄνδρα
1353 257 1518 314 ἀγαθὸν
1553 258 1613 307 εἷς
1655 256 1706 298 τοὶ

97 337 139 372 V.
160 337 222 372 135
237 332 431 383 πολέμια.
492 329 713 372 ἀπέστειλε
741 330 788 371 δὲ
821 329 894 371 καί
920 330 964 370 ἑν
1004 329 1173 384 Σικελίᾳ
1201 324 1320 375 τινὰς
1361 329 1445 369 τῶν
1485 326 1711 379 Λιβυαίων

236 399 311 442 καί
353 399 435 441 τῶν
464 395 727 451 Ουάνδήλων
767 394 814 438 τὸ
869 393 1074 452 φρούριον
1116 397 1261 448 λαβεῖν
1300 396 1529 436 ἐκέλευσεν.
1596 391 1711 435 οἶδὲ

202 466 363 508 Βτοῦτο
394 463 677 521 φυλάττοντες
693 465 733 506 Γ
732 461 855 506 ότθοι
884 461 990 517 πρὸς
1008 460 1081 517 τήν
1100 464 1264 517 μητέρα
1290 460 1575 517 Ἀταλαρίχου
1606 459 1714 501 ταῦ-

237 549 292 575 τα
320 533 427 586 δῆλα
456 532 677 586 ἐποίησαν.
754 530 780 585 ἢ
810 531 857 571 δὲ
888 528 1046 586 γράφει
1075 526 1181 583 πρὸς
1212 527 1467 583 Βελισὰριον
1498 526 1558 583 μή
1585 528 1750 572 τοῦτοὸ

235 600 458 654 τυραννίδι
485 601 632 651 λαβεῖν
662 595 709 639 τὸ
744 595 971 654 φρούριον,
1003 595 1082 646 ἕως
1115 590 1168 637 ἂν
1195 595 1397 649 βασιλεὺς
1419 590 1714 643 Ἰουστινιανὸς

236 668 334 724 γνῷ,
365 666 439 707 καί
462 663 511 708 τοὶ
545 666 753 707 δοκοῦντα
785 664 903 722 αὐτῷ
928 664 1100 722 ποιήσῃ.
1161 666 1205 706 ἐν
1235 660 1367 722 τούτῳ
1397 663 1443 706 δὲ
1473 661 1494 703 ὅ
1517 661 1714 705 Οὖανδα-

232 732 354 785 λικὸς
383 732 564 785 πόλεμος
604 731 813 774 ἐτελεύτα.
871 731 894 773 ὄ
926 733 973 774 δὲ
1003 731 1183 788 φθόνος,
1216 726 1284 773 οἶα
1305 732 1350 773 ἐν
1375 730 1534 788 μεγάλῃ
1567 729 1714 771 εὐδαι-

238 801 364 859 μονίᾳ
393 803 515 856 φιλεῖ
553 798 761 855 γίνεσθαι,
806 795 933 841 &aava
965 801 1040 841 καί
1068 800 1128 848 εἰς
1154 797 1423 853 Βελισάριον.
1495 800 1604 846 τινὲς
1629 794 1712 850 γὰρ

241 869 461 922 διέβαλλον
503 865 638 909 αὐτὸν
677 867 738 916 εἰς
763 865 838 909 τὸν
866 867 1046 921 βασιλέα
1086 868 1318 920 τυραννίδα
1349 867 1543 922 μελετᾷν.
1616 862 1639 906 ὅ
1668 865 1781 906 δὲιο

240 933 443 988 βασιλεὺς
472 936 647 989 πέμψας
667 937 894 988 Σολομῶνα
923 935 1205 988 α’ποπειρᾶται
1238 932 1585 988 τὴνΒελισαριόυ
1612 927 1717 986 γνώ-

239 1020 336 1059 μην,
364 1002 545 1056 πότερον
573 1001 655 1045 συν
685 1003 895 1057 Γελίμερί
919 1018 963 1044 τε
993 1002 1066 1044 καὶ
1098 1000 1361 1057 Ουάνδήλοις
1389 1001 1449 1050 εἰς
1480 999 1719 1051 Βυζάντιον

242 1068 370 1126 ἥκειν,
399 1065 429 1126 ἦ
455 1070 593 1112 αὐτοῦ
621 1072 830 1123 μένοντος,
862 1070 1045 1119 ἐκείνους
1072 1075 1237 1112 στεῖλαι
1261 1063 1370 1110 ὦδε·
1429 1068 1481 1109 οὐ
1508 1066 1590 1124 γὰρ
1620 1065 1719 1109 ἔλα-

204 1141 323 1184 εθον
354 1136 487 1180 αὐτὸν
515 1136 553 1179 οἱ
584 1131 787 1192 ἄρχοντες
819 1135 859 1178 οἱ
891 1135 968 1190 τὴν
993 1137 1225 1191 τυραννίδα
1262 1133 1564 1190 ἐπενεγκόντες.
1619 1130 1640 1176 ὃ
1671 1135 1719 1176 δὲ

244 1207 499 1262 Βελισοίριος
532 1205 591 1255 εἰς
623 1201 857 1256 Βυζάντιον
890 1204 1065 1259 α’φίκετο
1106 1206 1333 1257 Σολομῶνα
1372 1200 1606 1259 στρατηγὸν
1635 1205 1719 1245 Λι-
1739 1203 1785 1244 15

241 1272 349 1329 βύης
382 1273 639 1316 καταλιπών.
671 1269 919 1325 καταλαβών
948 1272 995 1314 δὲ
1009 1270 1265 1327 Βελισάριος
1292 1271 1338 1313 τό
1358 1269 1598 1323 Βυζάντιον
1626 1265 1719 1320 ἅμα
1742 1299 1747 1302 -

244 1343 285 1384 Γ
283 1343 448 1395 ελίμερι
487 1339 559 1382 καὶ
596 1344 685 1388 τοῖς
720 1337 984 1394 Ουάνδήλοις
1013 1341 1147 1395 γερῶν
1187 1335 1350 1395 ἠξιώθη
1388 1338 1601 1393 μεγάλων,
1631 1332 1720 1379 οἷον

243 1410 290 1451 ἐν
322 1414 410 1457 τοῖς
440 1402 528 1449 ἄνω
554 1404 722 1462 χρόνοις
755 1404 794 1448 οἱ
817 1405 1041 1459 Ῥωμαίων
1082 1407 1309 1463 στρατηγοί
1334 1408 1379 1449 ἐν
1408 1407 1630 1461 μεγίσταις
1657 1405 1721 1447 νί-

243 1491 340 1526 καις
371 1473 641 1529 οἶνεδὴσαντο.
700 1469 927 1524 ἑξακοσίων
954 1489 999 1515 τε
1036 1473 1203 1528 χρόνων
1232 1472 1547 1530 παρωχηκὸτων
1579 1473 1721 1521 ου’δείς

245 1541 447 1599 ἐληλύθει
471 1543 530 1591 εἰς
557 1539 683 1597 τιμὴν
711 1542 922 1596 τοιαύτην,
966 1540 1092 1597 εἰμὴ
1128 1544 1250 1591 Τῖτος
1283 1544 1356 1583 καὶ
1389 1538 1617 1598 Τραϊανός,
1649 1539 1785 1581 καίαο

344 1690 378 1734 4.
407 1688 515 1726 τοῦτο
543 1690 630 1737 (pul.
658 1691 698 1731 A,
727 1691 811 1736 φυλ.
836 1690 944 1725 τοῦτο
974 1690 1068 1735 vulg.
1213 1686 1312 1737 πρὸς
1335 1689 1418 1724 add.
1447 1701 1491 1723 ex
1515 1688 1556 1722 A.
1686 1691 1721 1722 6.

342 1738 542 1785 τυραννίδι
568 1740 594 1771 Α
618 1750 637 1770 a
656 1764 666 1780 ‚
692 1738 898 1783 τυραννίδα
922 1739 1017 1783 vulg.
1145 1750 1176 1782 7.
1205 1734 1246 1773 τὸ
1278 1738 1414 1774 δοκοῦν
1438 1739 1477 1772 A.
1601 1747 1635 1782 9.
1662 1741 1721 1784 γί-

343 1790 483 1835 νξσθαι
510 1787 549 1827 Α,
577 1788 762 1832 γενέσθαι
785 1786 881 1831 vulg.
1013 1787 1063 1831 ¹4·
1095 1780 1210 1823 αὐτὸν
1234 1787 1275 1829 Α,
1309 1786 1410 1833 αὐτῷ
1437 1786 1535 1831 vulg.
1669 1797 1719 1831 ¹7·

344 1838 429 1870 οἱον
454 1836 483 1868 Α
513 1834 538 1876 f,
566 1835 658 1870 οἵων
682 1834 779 1878 vulg.

249 1961 331 2006 pius
356 1959 491 1994 absunt
518 1960 564 1993 ab
591 1960 726 1994 Oceani
752 1961 790 1994 in
810 1961 1112 1996 mediterraneum
1136 1962 1288 2004 influxu,
1313 1962 1524 1997 Maioricam
1552 1961 1722 1994 nimirum

250 2014 361 2053 atque
386 2009 600 2042 Minoricam
618 2008 826 2050 destinavit,
852 2016 889 2044 et
912 2011 951 2043 in
977 2011 1134 2044 Siciliam
1150 2011 1347 2044 nonnullos
1371 2011 1507 2044 milites
1537 2020 1582 2043 ex
1595 2008 1722 2053 Libya,

250 2056 314 2102 qui
336 2055 583 2090 vandalorum
608 2068 726 2090 arcem
752 2057 819 2091 sub
845 2058 1026 2103 praesidio
1062 2064 1242 2092 tenerent.
1307 2059 1415 2092 castri
1440 2069 1524 2092 vero
1553 2056 1724 2090 custodes

251 2102 381 2137 Gotthi
414 2103 513 2137 istud
537 2104 738 2138 Atalarichi
761 2106 868 2138 matri
897 2107 1026 2140 litteris
1059 2106 1397 2140 manifestaverunt.
1448 2106 1513 2138 illa
1537 2105 1724 2144 Befismio,
1746 2109 1747 2112 ’

250 2163 297 2186 ue
324 2157 481 2184 castrum
518 2153 705 2196 tyrannice
733 2160 1024 2198 expugnaretur,
1052 2155 1260 2200 priusquam
1283 2155 1476 2199 imperator
1499 2153 1723 2187 Iustinianus

251 2199 385 2234 certior
411 2199 533 2240 fieret,
563 2211 741 2245 suumque
770 2212 878 2247 super
903 2213 944 2235 ea
971 2213 1008 2235 re
1033 2202 1223 2236 consilium
1255 2202 1503 2246 explicuisset,¹
1530 2201 1722 2246 significat.

250 2253 302 2282 ita
329 2246 473 2280 demum
496 2246 697 2280 Vandalica
729 2247 829 2281 bella
856 2249 964 2283 finem
995 2249 1166 2284 habuere.
1219 2256 1398 2283 caeterum
1422 2249 1572 2291 invidia,
1595 2260 1723 2294 quem-

252 2294 447 2329 admodum
472 2295 510 2328 in
538 2306 667 2340 inagna
704 2295 880 2330 felicitate
911 2297 988 2330 fieri
1009 2304 1115 2339 amat,
1153 2298 1261 2331 etiam
1290 2298 1461 2331 Belisario
1482 2297 1725 2331 calamitatem

252 2343 410 2390 peperit.
461 2343 610 2388 quidam
636 2343 731 2375 enim
756 2343 874 2389 ipsum
900 2347 1089 2379 affectatae
1115 2345 1318 2389 tyrannidis
1347 2345 1446 2391 apud
1468 2346 1723 2391 imperatorem

255 2390 433 2425 criminati
459 2396 554 2424 sunt.
604 2390 801 2436 imperator
824 2398 945 2425 autem
970 2405 1035 2439 per
1061 2393 1287 2427 Salomonem
1315 2394 1480 2427 Belisarii
1507 2393 1724 2427 sententiam

255 2439 466 2485 experitur,
502 2444 621 2472 utrum
654 2439 733 2484 ipse
773 2450 853 2472 cum
889 2441 1071 2474 Gelimere
1108 2446 1145 2474 et
1170 2442 1343 2475 Vandalis
1370 2442 1579 2486 Byzantium
1613 2440 1727 2486 profi-

256 2487 361 2528 cisci,
394 2498 441 2520 an
482 2492 579 2520 certe
613 2486 692 2531 ipso
728 2488 767 2520 in
808 2487 923 2531 Libya
962 2488 1225 2522 diuturniorem
1251 2501 1386 2523 moram
1420 2489 1603 2530 trahente,
1628 2488 1728 2533 ipsos

256 2535 347 2569 illuc
375 2535 519 2568 mittere
548 2534 757 2568 statueret?
817 2546 925 2580 porro
951 2537 1140 2570 Belisarius
1177 2538 1370 2572 Salomone
1397 2538 1532 2582 Libyae
1555 2535 1648 2570 duce
1673 2547 1729 2569 re-

257 2584 345 2617 licto
383 2582 444 2629 (ab
471 2582 706 2628 optimatibus
734 2583 831 2616 enim
867 2594 904 2616 se
930 2584 1129 2628 tyrannidis
1162 2586 1411 2619 insimulatum
1443 2597 1517 2619 non
1552 2590 1631 2618 erat
1662 2594 1731 2616 ne·

258 2629 368 2676 scius)
384 2631 596 2674 Byzantium
621 2642 744 2664 versus
768 2631 838 2665 iter
862 2632 998 2678 arripit.
1048 2632 1202 2667 subinde
1219 2646 1298 2667 cuin
1324 2634 1508 2668 Gelimere
1533 2631 1728 2667 etVanda-

259 2679 304 2712 lis
336 2679 542 2723 Byzantium
572 2678 767 2724 profectus,
794 2690 834 2712 ea
859 2679 1038 2713 honorum
1062 2681 1316 2727 amplitudine,
1341 2693 1413 2727 qua
1440 2681 1620 2727 prioribus
1649 2689 1729 2712 sae-

261 2727 352 2760 culis
379 2727 616 2760 Romanorum
641 2726 749 2760 duces
778 2733 860 2773 post
885 2729 995 2772 magis
1022 2729 1179 2774 insignes
1208 2730 1373 2763 victorias
1398 2729 1637 2768 donabantur,
1661 2738 1726 2759 cu-

259 2775 418 2809 mulatus
443 2781 522 2809 est:
552 2780 741 2810 sexcentos
767 2776 863 2810 enim
888 2787 1001 2811 annos
1028 2777 1058 2810 si
1083 2778 1340 2820 numeraveris,
1369 2777 1505 2819 nullus,
1533 2776 1604 2810 nisi
1633 2774 1727 2809 forte
