1786 3204
259 144 332 221 76
750 186 754 193 .
796 149 1146 197 TquPuAle

257 262 519 320 κατέφλεξεν.
590 257 747 314 βοτάνη
779 258 826 300 δὲ
859 253 1012 312 ἐφύετο
1054 249 1136 294 ὑπὸ
1168 247 1246 304 την
1272 244 1398 302 βάσιν
1426 247 1504 288 τοῦ
1536 245 1736 303 ἀνδριαν-

257 346 326 381 τος
352 327 489 385 πάσης
531 326 657 371 νόσου
693 323 985 381 ἀλεξητήριος,
1016 318 1106 376 ἥτις
1141 316 1215 359 καί
1242 314 1350 373 πρὸς
1381 315 1544 371 φθόνον
1572 314 1736 369 ἐκίνησε

259 397 335 442 τὸν
364 392 601 452 α’ποστάτην
628 391 854 437 Ἰουλιανόν
880 387 1172 444 καταστρέψαι
1199 382 1270 427 τὸν
1298 385 1376 426 τοῦ
1403 379 1555 439 κυρίου
1585 381 1736 436 ἀνδρι-

260 465 379 509 άντα.
437 466 482 507 ἐν
513 462 746 508 Νικοπόλει
783 461 857 516 τῆς
896 457 1194 509 Παλαιστίνης
1230 453 1282 509 τῇ
1327 452 1532 508 λεγομένῃ
1560 447 1606 492 τό
1637 450 1739 504 πρίν

255 530 472 588 Ἐιι,ιιαοὺς
500 529 607 586 πηγή
641 530 757 571 ἐστιν
785 524 993 569 παντοιων
1012 523 1166 564 παθῶν
1196 519 1439 575 ἀνθρώπων
1467 533 1512 559 τε
1543 515 1618 560 καί
1642 512 1778 559 ἆλό-5

260 618 345 657 γων
374 598 508 647 ἰάσεις
539 598 802 651 παρέχουσα.
873 595 918 635 ἐν
951 591 1061 648 αυ’τῇ
1099 585 1179 644 γάρ
1224 602 1335 644 φασι
1374 583 1450 629 τὸν
1493 582 1643 639 κύριον
1670 587 1741 627 καὶ

260 667 363 711 θεὸν
389 666 508 722 ἡμῶν
535 664 693 721 Ἰησοῦν
721 659 915 718 Χριστὸν
941 657 1039 707 τοὺς
1067 657 1198 705 πόδας
1218 655 1522 707 α’πονίψασθαι
1551 654 1596 704 ἐξ
1626 651 1742 694 ὁδοι-

261 737 425 792 πορίας,
455 734 529 774 καί
553 729 708 787 ταύτην
729 729 767 786 [ὁ
794 725 1018 782 δυσσεβὴς]
1052 725 1390 778 καταχωσθῆναι
1418 723 1664 778 ἐπέτρεψεν.
1695 721 1742 763 ἑν

255 799 532 859 Ἑρμουπόλει
577 800 652 854 τῆς
687 798 900 853 Θηβαΐδος
936 794 1111 850 δένδρον
1151 792 1323 834 ἵσταται
1351 791 1526 845 περσέα.
1583 787 1743 845 ταύτης

155 876 191 910 P.
204 877 247 922 42
263 869 423 927 φύλλον
458 861 485 923 ἢ
519 864 683 924 κάρφος
717 867 757 908 εἰ
785 863 909 919 λάβοι
938 878 999 912 τις
1042 859 1149 916 πρὸς
1177 860 1317 902 πᾶσαν
1346 857 1471 900 νόσον
1501 854 1743 914 ἀνθρώπων
1761 865 1786 891 ¹⁴

262 938 375 980 ἐστίν
417 934 599 989 ἰάσιμον.
658 931 770 990 φασί
801 933 870 988 δέ,
912 926 980 972 ὅτι
1021 927 1145 985 ἡνίκα
1187 924 1209 968 ὅ
1241 927 1388 983 κύριος
1425 927 1487 975 εἰς
1517 922 1743 981 Αἴγυπτον

261 1002 395 1061 ἔφυγε
423 1001 492 1046 τὸν
513 1000 713 1058 ίΙ“Ιρα5δην
740 997 822 1042 σῦν
850 1000 902 1057 τῇ
923 995 1115 1055 &sordue
1139 994 1214 1037 καί
1239 997 1297 1053 τῷ
1320 990 1494 1050 Ἰωσήφ,
1527 990 1634 1035 κατά
1668 990 1745 1035 τὸν

260 1069 388 1114 τόπον
416 1072 572 1113 ἐκεῖνον
591 1067 824 1124 γενόμενος,
854 1067 999 1108 κλιθὲν
1029 1062 1076 1106 τὸ
1110 1064 1286 1118 δένδρον
1311 1060 1384 1104 ἐπὶ
1410 1059 1486 1117 τὴν
1512 1062 1591 1117 γῆν
1609 1073 1744 1116 προσ-

259 1138 457 1194 εκύνησεν
486 1138 614 1193 αὐτῷ,
644 1134 871 1190 καὶμέχρι
896 1135 972 1176 τοῦ
1001 1134 1076 1175 νῦν
1099 1129 1228 1184 σώζει
1258 1127 1306 1172 τὸ
1329 1131 1477 1185 σχῆμα
1507 1131 1584 1185 τῆς
1612 1144 1744 1185 προσ-

259 1205 484 1261 κυνήσεως.
547 1202 771 1253 Ἰουλιανὸς
815 1204 860 1245 δὲ
899 1198 1059 1256 διάγων
1099 1200 1143 1242 ἐν
1172 1199 1226 1256 τῇ
1250 1197 1515 1256 Ἀντιοχειῖιι,
1546 1198 1621 1239 καί
1646 1205 1778 1239 συν-1

261 1276 373 1328 εχῶς
412 1274 457 1315 ἐν
500 1272 654 1329 Δάφνῃ
692 1270 840 1326 α’νιαίν,
886 1270 959 1311 καί
998 1268 1041 1311 τὸ
1078 1270 1152 1310 τοῦ
1188 1262 1458 1316 ’Λπόλλωνος
1489 1262 1748 1322 θεραπεύων

263 1341 459 1397 εἴδωλον,
487 1340 691 1393 ου’δεμιᾶς
720 1338 1004 1394 ἀποκρίσεως,
1040 1336 1098 1385 ὥς
1133 1330 1255 1394 ᾤετο,
1287 1333 1521 1389 ἐτύγχανεν
1553 1333 1637 1374 α’πὸ
1669 1332 1749 1374 τοῦ

265 1406 457 1452 εἰδώλου.
516 1404 669 1462 νοήσας
700 1408 759 1463 δέ,
784 1403 847 1448 ὅτι
876 1405 947 1447 διὰ
975 1403 1023 1447 τά
1048 1404 1303 1457 <innuentem
1333 1403 1379 1444 ἐν
1407 1403 1462 1458 τῇ
1478 1400 1636 1459 Δάφνῃ
1666 1403 1753 1443 λεί-

226 1486 382 1532 Βψανα
412 1478 490 1519 τοῦ
512 1475 633 1530 ἁγίου
662 1472 877 1530 μάρτυρος
895 1474 1077 1527 Βαβυλᾶ
1106 1471 1334 1528 α’ποσιωπᾷ
1362 1468 1407 1512 τὸ
1428 1467 1620 1526 εἴδωλον,
1652 1465 1751 1524 δόγ-

263 1562 325 1600 μα
363 1545 596 1599 ἐξέπεμψεν
631 1543 769 1586 πάντα
808 1542 859 1584 τά
881 1542 1137 1594 α’ποκειζιιενα
1159 1540 1251 1582 ἐκεῖ
1263 1540 1348 1580 ταῖν
1376 1539 1536 1596 νεκρῶν
1564 1538 1786 1592 λείψανα2

360 1696 394 1728 3.
415 1690 481 1730 τὸν
506 1693 659 1727 alterum
686 1691 767 1726 add.
799 1703 842 1725 ex
870 1692 910 1725 A.
1008 1694 1042 1726 6.
1076 1699 1174 1736 φησι
1198 1690 1237 1723 Α.
1358 1690 1391 1724 8.
1421 1687 1441 1725 ὃ
1461 1683 1647 1734 δυσσεβὴς
1676 1698 1749 1720 om.

362 1744 390 1776 A
409 1754 428 1775 a
448 1742 469 1775 b
486 1752 504 1775 c
529 1741 553 1774 d
575 1753 593 1774 e
617 1741 642 1776 f.
722 1752 773 1774 ιο.
804 1738 824 1784 ἢ
853 1741 893 1783 Α,
922 1741 986 1774 καὶ
1014 1739 1110 1783 vulg.
1190 1737 1311 1774 νόσον
1336 1749 1406 1771 om.
1434 1737 1477 1772 A.
1561 1748 1612 1770 ιι.
1643 1737 1754 1771 ἴασεν

363 1793 425 1874 tell-(5
459 1838 486 1872 Α
530 1787 588 1825 ὅτι
613 1788 695 1823 add.
723 1800 767 1822 ex
795 1790 834 1822 A.
979 1790 1031 1823 15.
1059 1788 1100 1823 δὲ
1127 1786 1210 1821 add.
1243 1797 1288 1820 ex
1314 1786 1355 1820 A.
1499 1796 1550 1832 ¹7·
1579 1778 1656 1820 ὑπὸ
1685 1785 1754 1820 τοῦ

271 1973 432 2007 lachrum
467 1971 559 2017 ignis
594 1983 613 2005 e
648 1970 750 2005 caelo
785 1970 914 2004 missus
950 1971 1186 2016 consumpsit.
1248 1982 1292 2003 ex
1326 1969 1495 2014 imaginis
1533 1979 1643 2015 porro
1673 1966 1754 2001 basi

273 2020 509 2056 enascebatur
550 2019 662 2053 herba
699 2019 907 2053 morborum
950 2019 1112 2052 oninium
1159 2018 1493 2064 praesentissimum
1531 2015 1754 2057 remedium,

273 2081 366 2116 quae
394 2068 440 2102 ad
466 2068 699 2102 evertendam
738 2067 875 2101 domini
901 2066 1054 2112 effigiem
1079 2067 1224 2100 Iuliano
1263 2066 1440 2100 desertori
1466 2064 1630 2099 invidiae
1657 2064 1757 2098 faces

275 2118 462 2163 suggessit.
511 2116 683 2161 Nicopoli
710 2116 957 2156 Palaestinae,
998 2126 1092 2161 quae
1118 2116 1218 2162 prius
1243 2116 1411 2149 Emmaus
1431 2114 1640 2155 vocabatur,
1673 2113 1757 2147 fons

277 2167 463 2206 exoritur,
505 2165 569 2210 qui
603 2164 772 2198 omnibus
805 2170 878 2197 tam
919 2163 1109 2197 brutorum
1145 2175 1253 2210 quam
1301 2162 1491 2197 hominum
1531 2162 1668 2195 morbis
1696 2172 1757 2194 re-

276 2214 435 2248 medium
473 2212 639 2246 exhibet:
677 2213 715 2246 in
756 2224 798 2246 eo
839 2212 975 2258 quippe
1014 2211 1202 2246 dominum
1238 2217 1275 2246 et
1305 2212 1416 2246 deum
1442 2216 1605 2245 nostrum
1638 2212 1760 2244 Iesum

278 2263 463 2297 Christum
503 2272 547 2294 ex
592 2260 724 2294 itinere
776 2272 956 2294 reversum
994 2260 1107 2306 pedes
1142 2260 1304 2295 abluisse
1336 2260 1523 2294 referunt:
1577 2257 1760 2292 eundem-

280 2322 353 2357 que
383 2314 528 2355 aggesta
561 2314 657 2342 terra
700 2308 839 2342 obstrui
876 2308 1037 2343 nefarius
1075 2309 1282 2355 imperavit.
1342 2307 1548 2354 Hermipoli
1585 2307 1624 2340 in
1656 2305 1760 2341 The-

279 2358 389 2393 baide
414 2357 520 2390 arbor
547 2363 647 2391 extat
676 2358 825 2390 nornine
865 2357 1003 2390 Persea.
1068 2358 1146 2391 eius
1180 2357 1310 2392 folium
1350 2358 1411 2392 vel
1446 2356 1691 2390 ramusculum
1731 2355 1763 2388 si

281 2407 362 2453 quis
387 2406 626 2451 decerpserit,
652 2406 750 2438 omni
776 2405 956 2439 humanae
982 2405 1455 2440 medicabitur-infirmitati.
1508 2404 1661 2438 domino
1680 2414 1763 2436 cum

282 2455 406 2489 divina
446 2453 620 2499 genitrice
658 2459 695 2487 et
726 2453 882 2499 Iosepho
922 2455 1215 2499 persecutionem
1255 2454 1413 2489 Herodis
1459 2452 1639 2499 fugienti,
1682 2462 1764 2485 cum

282 2503 328 2537 ad
357 2502 493 2536 arboris
518 2502 638 2535 locum
666 2503 940 2546 pervenissent,
968 2513 1047 2535 eam
1072 2502 1119 2536 ad
1141 2509 1274 2537 terram
1303 2513 1422 2549 usque
1453 2501 1655 2548 proclivem
1685 2510 1765 2534 sese

283 2552 412 2585 dicunt
437 2550 630 2591 inflexisse,
658 2555 695 2583 et
720 2561 836 2596 usque
860 2562 959 2583 nunc
983 2551 1090 2584 etiam
1116 2551 1300 2586 adorantis
1335 2551 1497 2598 speciem
1523 2560 1675 2583 servare.
1702 2551 1765 2582 Iu-

283 2600 404 2633 lianus
423 2598 640 2633 Antiochiae
666 2609 802 2632 moram
831 2598 988 2639 trahens,
1015 2605 1052 2632 et
1072 2601 1236 2645 repetitis
1271 2600 1412 2634 vicibus
1437 2599 1477 2633 in
1506 2597 1700 2645 Daphnem
1726 2606 1765 2630 se

284 2648 500 2689 conferens,
527 2646 709 2692 Apollinis
736 2647 926 2679 simulacro
966 2647 1101 2680 cultum
1126 2648 1380 2690 exhibiturus,
1419 2647 1577 2686 nullius,
1613 2651 1654 2679 ut
1680 2657 1765 2692 spe-

286 2697 410 2738 rabat,
449 2695 614 2741 responsi
654 2695 802 2740 gratiam
839 2695 883 2726 ab
910 2695 1009 2727 idolo
1042 2697 1177 2730 retulit.
1240 2697 1414 2743 quocirca
1447 2707 1492 2729 ex
1522 2692 1689 2741 repositis
1727 2694 1767 2726 in

286 2743 440 2790 Daphne
468 2744 584 2778 sancti
617 2743 783 2786 martyris
821 2742 978 2786 Babylae
1015 2744 1176 2790 reliquiis
1210 2745 1396 2779 silentium
1432 2743 1534 2777 idolo
1573 2741 1770 2776 obvenisse

287 2792 513 2840 suspicatus,
538 2798 665 2827 cuncta
689 2796 913 2827 mortuorum
939 2791 1111 2828 cadavera
1146 2804 1186 2827 ac
1226 2793 1391 2839 martyris
1417 2792 1531 2840 ipsi-us
1558 2790 1612 2826 ibi
1636 2800 1768 2824 recon-
