1768 3106
300 168 409 228 702
858 170 1206 215 THEOPHANIS

291 288 365 326 μοι
394 271 580 327 μοναχοί
609 269 936 328 α’νεὸείχθησαν.
969 269 992 314 ὅ
1022 274 1070 315 δὲ
1090 271 1264 330 Ἀαρών
1294 272 1498 316 εἰσελθών
1527 274 1588 324 εἰς
1613 273 1661 317 τό
1691 277 1768 318 τῶν

292 341 582 395 Ἀρμενιακῶν
619 340 735 393 θέμα
775 338 1068 395 παρεκάθισεν
1112 342 1174 391 εἰς
1208 339 1253 383 τὸ
1299 343 1548 397 Σημαλοῦος
1593 343 1768 397 κάστρον

291 404 390 450 ὅλον
417 406 462 449 τὸ
490 407 631 462 θέρος,
663 404 736 448 καί
765 407 822 462 τῷ
852 406 1128 466 Σεπτεμβριζο
1155 409 1259 464 μηνί
1285 411 1527 464 παρέβαλεν
1557 409 1659 452 αὐτὸ
1689 408 1768 451 ὑπὸ

291 473 429 530 λόγου.
506 471 559 530 ἦν
591 477 639 517 δὲ
669 477 844 528 πέμψας
869 474 943 517 τὸν
975 475 1182 528 Ου’τθμᾶν
1210 476 1280 518 ἐπὶ
1307 475 1458 519 Ἀσίαν
1484 474 1592 530 μετὰ
1623 493 1768 533 πεντη-

290 558 416 586 κοντα
445 541 681 599 χιλιάδων,
713 539 788 583 καί
827 539 1098 598 συναντήσας
1132 542 1320 598 Μιχαὴλ
1366 541 1388 585 ὅ
1419 542 1768 602 Λαχανοὸράκωι

289 611 456 669 κούρσῳ
485 610 624 653 αὐτοῦ
638 610 779 667 μικρῷ
803 610 1063 665 ἐπολέμησεν
1096 611 1224 668 αύτῷ,
1248 608 1324 653 καί
1347 607 1530 654 ἔκτεινεν
1549 611 1624 654 τὸν
1650 613 1768 655 doe).-

289 677 373 736 φόν
400 680 477 722 τοῦ
509 678 728 731 Ου’τθμᾶν.
805 679 858 735 τῇ
886 678 934 720 δὲ
963 677 1090 736 ὀγδόῃ
1119 679 1198 720 τοῦ
1223 678 1515 734 Σεπτεμβρίου
1543 679 1675 737 μηνὸς
1702 683 1768 735 τῆς

289 745 489 803 τετάρτης
519 746 781 796 ἰνδικτιῶνος
810 747 986 802 τέθνηκε
1004 748 1135 790 Λέων
1162 744 1256 796 υἱὸς
1275 747 1605 790 Κωνσταντίνου
1633 747 1768 806 τρόπῳ

290 816 453 873 τοιῷδε.
510 813 747 870 λιθομανὴς
775 812 986 869 ὑπάρχων
1012 813 1108 856 λίαν
1138 813 1311 871 ἠράσθη
1339 815 1417 856 τοῦ
1434 815 1676 869 στέμματος
1702 817 1768 870 τῆς

247 893 280 927 D
292 881 478 939 μεγάλης
502 883 746 936 ἐκκλησίας,
783 882 858 924 καί
892 880 1037 935 λαβών
1067 880 1276 938 ἐφόρεσεν
1314 878 1436 925 αὐτό.
1496 883 1571 925 καί
1597 884 1768 937 ἐξῆλθον

291 948 506 1006 ἄνθρακες
533 948 605 993 ἐπὶ
634 948 712 1005 τὴν
741 947 931 1006 κεφαλὴν
970 949 1129 1004 αὐτοῦ’,
1168 948 1243 992 καὶ
1278 952 1461 1006 ληφθείς
1487 952 1666 1010 σφοδρῷ
1693 969 1768 994 πυ-

289 1021 397 1076 ρεταῖ
423 1021 599 1075 τέθνηκε
624 1019 888 1073 βασιλεύσας
916 1015 1032 1074 παρά
1065 1019 1109 1069 ἓξ
1140 1019 1282 1074 μῆνας
1312 1015 1385 1074 ἔτη
1412 1021 1547 1062 πέντε.

79 1094 276 1142 A.M.6273
395 1084 619 1141 Ῥωμαίων
643 1087 856 1140 βασιλέως
875 1086 1207 1128 Κωνσταντίνου
1238 1083 1330 1136 ἔτος
1350 1084 1404 1129 α’.

404 1155 547 1213 Τούτῳ
571 1155 629 1213 τῷ
657 1151 744 1196 ἔτει
770 1151 931 1210 Εἰρήνη
961 1151 988 1209 ἦ
1014 1149 1300 1210 εὐσεβεστάτη
1329 1151 1422 1208 ἅμα
1448 1156 1509 1214 τῷ
1536 1153 1617 1214 υἱῷ
1641 1155 1768 1212 αὐτῆς

154 1229 190 1263 Ρ.
207 1229 274 1264 383
291 1224 599 1280 Κωνσταντίνῳ
642 1219 897 1282 παραδόξως
937 1218 1093 1263 θεόθεν
1117 1219 1195 1277 τήν
1238 1222 1461 1276 βασιλειάν
1492 1223 1768 1280 ἐγχειριζεται

284 1292 392 1346 μηνί
422 1291 699 1348 Σεπτεμβρίῳ
726 1289 985 1339 ἰνὸικτιῶνος
1019 1289 1068 1345 δ’,
1108 1287 1166 1339 ὥς
1204 1283 1258 1332 ἄν
1285 1293 1590 1350 θαυμαστωθῇ
1620 1290 1642 1333 ὅ
1672 1291 1768 1343 θεὸς

285 1357 362 1401 καί
389 1358 435 1400 ἐν
462 1357 601 1416 τούτῳ
621 1356 692 1399 διὰ
721 1355 922 1412 γυναικός
949 1352 1092 1412 χήρας
1115 1357 1188 1398 καί
1211 1355 1367 1407 παιδός
1387 1360 1582 1415 ὀρφανοῦ
1607 1360 1768 1414 μέλλων

287 1426 514 1480 καθαίρειν
531 1423 608 1482 τὴν
627 1418 814 1480 ἄμετρον
841 1425 929 1467 κατ’
957 1425 1090 1466 αὐτοῦ
1116 1422 1192 1466 καί
1216 1426 1301 1468 τῶν
1330 1427 1468 1468 αὐτοῦ
1498 1424 1768 1482 θεραπόντων

286 1493 543 1546 δυσσέβειαν
571 1493 647 1535 καί
671 1493 821 1535 πασῶν
848 1493 934 1534 τῶν
975 1492 1206 1548 ἐκκλησιῶν
1235 1494 1471 1548 τυραννίδα
1506 1495 1583 1537 τοῦ
1611 1494 1768 1550 θεομά.

283 1575 368 1615 χου
398 1562 744 1615 Κωνσταντίνου,
774 1558 832 1610 ὥς
858 1557 993 1602 πάλαι
1020 1560 1106 1616 τοῦ,
1139 1559 1344 1615 διαβόλου
1372 1562 1424 1619 τῇ
1451 1560 1653 1620 ἆσθενειξε
1683 1564 1766 1605 τῶν

275 1627 440 1672 ἁλιέων
468 1627 544 1672 καί
570 1626 879 1686 ἀγραμμάτων.
939 1626 1050 1681 μετὰ
1087 1629 1135 1670 δὲ
1161 1626 1478 1685 τεσσαράκοντα
1504 1630 1663 1687 ἡμέρας
1692 1633 1768 1673 τοῦ

376 1773 409 1806 3.
437 1768 513 1808 ὑπὸ
542 1772 659 1818 λόγον
691 1772 731 1806 Α.
831 1783 864 1816 7.
891 1770 960 1807 τοῦ
984 1771 1027 1814 A,
1059 1769 1176 1808 αὐτοῦ
1197 1772 1294 1818 vulg.
1422 1773 1472 1818 ¹4·
1502 1771 1523 1817 ἦ
1547 1773 1632 1808 add.
1658 1785 1702 1808 ex
1725 1775 1767 1809 A.

384 1822 436 1856 16.
461 1820 727 1869 θαυμαστωθῇ
752 1820 794 1862 Δ,
820 1823 987 1868 θαυματ.
1015 1820 1112 1865 vulg.
1215 1832 1267 1868 ¹7·
1289 1821 1413 1869 χήρας
1436 1833 1506 1856 om.
1523 1823 1565 1856 A.

282 1949 362 1982 simi
390 1947 557 1982 monachi
585 1952 790 1982 evaserunt.
848 1946 994 1981 demum
1021 1947 1144 1982 Aaron
1178 1948 1218 1982 in
1243 1947 1536 1983 Armeniacorum
1562 1949 1683 1984 thema
1708 1952 1766 1985 in-

280 2008 424 2042 gressus
462 2002 616 2030 castrum
656 1996 863 2030 Semalvum
901 2007 967 2042 per
1008 2000 1122 2029 totam
1159 2001 1335 2030 aestatem
1370 1996 1535 2040 obsedit,
1573 2004 1611 2032 et
1646 2000 1766 2044 ipsum

281 2057 406 2079 mense
431 2044 635 2090 Septembri
662 2045 777 2090 pactis
802 2044 905 2078 initis
926 2044 964 2077 in
988 2054 1088 2077 suam
1114 2049 1334 2090 potestatem
1360 2046 1467 2079 misit.
1517 2046 1617 2091 prius
1642 2054 1765 2082 autem

281 2093 440 2127 Uthman
465 2105 546 2126 cum
572 2093 837 2139 quinquaginta
871 2092 1036 2126 millibus
1070 2092 1260 2126 hominum
1287 2093 1405 2127 Asiam
1442 2093 1543 2127 bello
1570 2102 1765 2140 oppressu-

280 2153 358 2174 rum
386 2141 593 2185 delegarat,
623 2142 682 2174 cui
720 2140 880 2173 Michael
919 2140 1199 2174 Lachanodraco
1234 2140 1307 2174 levi
1341 2142 1419 2174 acie
1443 2142 1487 2175 ad
1516 2143 1764 2187 praedandum

279 2188 413 2222 idonea
440 2189 594 2235 stipatus
621 2195 658 2222 et
681 2188 825 2222 obviam
855 2188 984 2230 factus,
1011 2189 1150 2234 praelio
1176 2189 1283 2230 inito,
1307 2188 1455 2223 fratrem
1478 2191 1764 2235 ipsiusUthman

279 2237 476 2271 interfecit.
526 2242 707 2270 caeterum
735 2237 869 2270 mensis
906 2236 1129 2283 Septembris
1163 2236 1224 2269 die
1251 2242 1379 2270 octavo
1403 2244 1532 2284 qivarta
1559 2239 1763 2274 indictione

279 2286 358 2320 Leo
382 2285 477 2319 filius
504 2284 741 2318 Constantini,
772 2285 811 2318 in
835 2284 934 2318 hunc
961 2285 1109 2318 modum
1147 2284 1244 2318 diem
1274 2296 1378 2318 suum
1403 2286 1544 2320 clausit.
1593 2299 1673 2321 cum
1702 2290 1762 2322 in-

279 2345 365 2367 sana
403 2333 441 2366 in
467 2344 685 2378 gemmarum
712 2338 748 2365 et
773 2334 953 2378 pretiosos
991 2333 1132 2379 lapides
1160 2333 1306 2366 arderet
1332 2333 1502 2377 libidine,
1529 2347 1698 2369 coronam
1723 2337 1762 2370 in

278 2393 406 2427 magua
434 2381 588 2415 ecclesia
626 2391 821 2426 appensam
859 2381 1072 2426 deperibat,
1110 2392 1186 2414 eam
1225 2386 1409 2426 acceptam
1433 2384 1545 2428 capiti
1573 2384 1761 2430 imposuit,

279 2442 321 2463 ac
349 2429 542 2464 confestim
568 2440 587 2462 e
614 2429 733 2474 capite
758 2427 986 2463 ebullierunt
1012 2427 1250 2469 carbunculi,
1280 2429 1449 2476 febrique
1474 2431 1683 2466 vehementi
1709 2432 1761 2466 si-

278 2479 356 2512 mul
395 2483 583 2524 correptus
619 2476 766 2523 imperii
804 2475 960 2523 demptis
993 2476 1180 2511 mensibus
1215 2488 1278 2510 sex
1317 2489 1415 2512 anno
1453 2480 1582 2526 quinto
1624 2480 1762 2515 defun-

279 2533 358 2561 ctus
390 2531 457 2560 est.

91 2574 129 2607 A.
145 2574 265 2621 0573
372 2576 613 2608 Romanorum
640 2572 872 2619 imperatoris
899 2571 1131 2606 Constantini
1162 2583 1277 2606 annus
1302 2573 1451 2618 primus.

368 2624 447 2657 Hoc
483 2633 579 2655 anno
615 2621 777 2667 piissima
806 2621 912 2654 Irene
942 2632 1012 2653 nna
1046 2631 1126 2653 cum
1152 2621 1227 2654 filio
1257 2621 1498 2656 Constantino
1521 2627 1665 2667 praeter
1690 2623 1759 2657 ho-

276 2671 417 2705 miuum
446 2670 672 2717 opinionem,
699 2669 768 2702 deo
787 2669 838 2702 ita
863 2667 1068 2710 ordinante,
1095 2669 1287 2714 imperium
1314 2670 1468 2715 suscipit
1493 2670 1758 2705 administran-

277 2719 362 2752 dum
395 2730 520 2753 mense
555 2717 762 2764 Septembri
786 2716 991 2750 indictione
1026 2723 1167 2762 quarta,
1209 2723 1248 2750 ut
1275 2716 1493 2751 mirandum'
1510 2717 1568 2752 dei
1594 2731 1685 2764 opus
1711 2731 1755 2753 eo

278 2767 412 2800 clarius
451 2767 661 2811 effulgeret,
699 2777 771 2811 quo
813 2776 879 2811 per
917 2764 1105 2797 mulierem
1142 2764 1286 2798 viduam
1314 2771 1351 2798 et
1373 2777 1525 2811 puerum
1551 2766 1755 2812 orphanum

278 2816 470 2849 immanem
497 2814 684 2850 adversum
714 2825 752 2847 se
779 2819 816 2847 et
854 2813 1009 2847 famulos
1036 2824 1119 2847 suos
1148 2813 1379 2847 Constantini
1405 2825 1522 2848 rerum
1552 2814 1754 2851 divinarum
