1708 3172
183 150 350 192 XXVIII
654 149 999 194 THEOPHANIS
1026 149 1181 193 'VITA-

180 250 262 308 γὰρ
292 251 369 294 τοῦ
394 252 568 308 πλησίον
594 249 758 308 α’γοὶπης
786 253 980 307 ἀκριβέσι
997 256 1172 307 θεσμοῖς
1199 249 1496 310 τειχιζόμενος,
1529 254 1647 296 ἐνίκα

182 319 239 360 δι’
267 320 401 374 αότῆς
442 317 487 361 τό
534 318 733 361 ταπεινὸν
761 322 838 362 τοῦ
867 318 1156 376 φρονήματος,
1188 322 1259 362 καί
1285 317 1519 376 προστάτης
1548 321 1647 361 τού-

180 401 264 427 των
292 386 516 442 ἐδείκνυτο,
544 380 604 428 ὧν
631 384 737 428 πολύ
767 388 891 429 πλέον
923 385 985 443 [τὸ
1023 386 1220 429 ταπεινὸν
1249 388 1325 429 τοῦ
1354 385 1644 444 φρονήματος]

179 455 199 475 *
227 452 432 505 οἷμέλειαν
456 458 540 503 τοῖς
567 451 672 508 πρὸς
701 452 852 508 α’ρετὴν
865 457 1271 510 χειραγωγουμένοις
1293 450 1521 509 οἷπέτικτεν,
1553 450 1645 495 ἀλλ’

180 521 470 574 α’ναλογοῦσαν
500 520 546 576 τῄ
579 518 685 575 πρὸς
705 519 861 570 αὐτούς
890 523 1048 579 στοργῇ
1074 519 1149 578 την
1168 521 1358 577 ὗπακοην
1385 521 1682 575 παρείχοντο,5

177 585 255 642 τὴν
278 585 429 642 ἀρετὴν
459 587 715 642 αἰδούμενοι.

277 652 354 705 Ὣς
381 671 428 708 γε
470 658 541 697 καί
573 658 671 714 θείᾳ
701 654 967 711 λαμπόμενος
994 656 1165 713 χάριτι,
1194 657 1266 698 καί
1294 657 1482 698 συνιδεῖν
1509 655 1645 713 ῥᾷστα

176 721 220 765 τὸ
247 724 343 764 δέον
373 717 461 771 οἶός
487 738 533 764 τε
563 718 633 779 α’ίν,
663 729 750 773 τοῖς
780 724 885 766 κατὰ
901 727 1114 767 Βιθυνίαν
1133 723 1324 780 ἐνδημῶν
1348 723 1646 779 μοναστηριόις

175 792 249 831 καί
277 786 435 844 ἑτέροις
474 789 714 844 ἀλλαχόθεν
752 793 1042 847 προσομιλῶν,
1078 796 1164 840 τοῖς
1194 792 1361 833 ἐκείνων
1389 790 1467 845 τῆς
1495 790 1646 843 α’ρετῆς

175 857 375 911 λειμῶσι,
415 856 491 906 τὰς
519 852 640 910 ὄψεις
678 859 879 914 ἐπαφείς,
909 860 1149 912 συνελέγετο
1178 854 1234 906 ὥς
1264 857 1371 914 ῥόδα
1400 854 1452 899 τὰ
1481 854 1640 899 τούτων
1664 873 1708 900 ιο

174 925 473 978 ἀγωνίσματα,
513 925 692 974 καὶτοῖς
724 928 892 974 οἰκείοις
934 924 1248 979 προσεκόμιζεν,
1279 924 1441 980 α’γάπης
1472 925 1645 977 α’ρίστης

172 990 248 1033 καί
286 988 501 1044 ὑψοποιοῦ
539 992 828 1043 ταπεινώσεως
873 994 918 1035 ἐν
952 988 1089 1049 ἐαυτῷ
1126 994 1370 1047 περιφέρων
1395 990 1446 1034 τὰ
1474 991 1644 1033 ὑποδεί-

169 1074 326 1112 γματα.
357 1059 576 1118 ἐγκρατείᾳ
604 1061 650 1102 δὲ
682 1061 869 1116 διηνεκεῖ
891 1059 1187 1113 στομούμενος,
1217 1058 1341 1114 ἡνίκα
1373 1062 1510 1115 φίλων
1541 1058 1642 1100 ἐκά-

170 1130 236 1167 λει
268 1129 481 1179 παρουσία
521 1126 628 1179 πρὸς
664 1125 926 1183 μετάληψιν,
963 1125 1010 1170 τὸ
1048 1128 1121 1182 τῆς
1161 1129 1401 1183 ἐγκρατείας
1441 1125 1570 1169 καλὸν
1600 1126 1644 1167 ἐν

170 1193 354 1250 δευτέρῳ
382 1194 615 1247 τιθέμενος,
644 1191 718 1249 τήν
747 1196 897 1249 κυρίαν
934 1195 1151 1249 προῦτίμα
1180 1197 1265 1238 τῶν
1295 1196 1479 1248 ἀρετῶν·
1534 1210 1643 1249 χορ-
1662 1193 1707 1236 15

166 1257 380 1310 τάζεσθαί
403 1276 446 1303 τε
476 1260 546 1303 καί
576 1259 854 1316 ὑστερεῖσθαι
885 1261 994 1304 κατὰ
1028 1261 1099 1304 τὸν
1125 1265 1259 1317 μέγαν
1287 1263 1468 1305 Παῦλον
1494 1255 1543 1304 εὖ
1579 1262 1644 1304 εἰ-

168 1327 271 1378 δώς,
296 1329 372 1370 καί
398 1330 473 1382 τῆς
502 1331 622 1384 κενῆς
666 1329 786 1384 δόξης
818 1330 1088 1383 δραπετεύων
1115 1330 1193 1385 τὴν
1226 1330 1508 1384 ἐπικράτειαν.
1566 1346 1642 1382 μι-

165 1396 276 1449 κροῦ
301 1411 356 1448 με
383 1398 467 1437 τῶν
495 1398 655 1439 ἐκείνου
678 1398 816 1438 καλῶν
836 1398 984 1450 διέδρα
1007 1397 1053 1439 τὸ
1084 1399 1291 1452 μέγιστον.
1321 1399 1393 1452 τῆς
1423 1395 1503 1453 γὰρ
1532 1396 1635 1438 κατὰ

167 1463 355 1505 Νικαίαν
382 1463 564 1505 συνόδου
593 1462 806 1520 συστάσης
835 1461 882 1506 τό
919 1462 1128 1522 δεύτερον,
1157 1463 1237 1508 σὺν
1267 1471 1356 1515 τοῖς
1384 1460 1528 1514 ἄλλοις
1555 1483 1640 1506 πα·-

165 1528 314 1585 τρὰσιν
346 1530 419 1573 ἐπὶ
454 1531 590 1587 αὐτην
630 1533 840 1589 ἐκέκλητο.
906 1531 1072 1576 πάντων
1119 1535 1159 1575 δ’
1196 1532 1269 1590 ἐφ’
1303 1536 1442 1576 ἵππων
1479 1533 1639 1587 ἐξόχων
1653 1550 1705 1576 20

258 1662 291 1695 3.
317 1657 426 1694 verba
451 1656 492 1695 τὸ
534 1653 715 1696 ταπεινὸν
753 1659 819 1696 τοῦ
845 1658 1088 1708 φρονήματος
1125 1672 1169 1695 ex
1191 1662 1355 1709 proxime
1385 1657 1637 1707 superioribus

257 1708 411 1755 repetita
450 1708 548 1742 haud
587 1709 697 1743 dubie
729 1707 886 1745 delenda
923 1717 1024 1745 sunt:
1056 1711 1196 1756 reliqua
1223 1716 1347 1757 aperte
1373 1715 1543 1756 corrupta
1570 1707 1636 1742 do-

257 1756 434 1793 ctioribus
462 1757 563 1794 trado
591 1757 761 1793 sananda.
931 1759 984 1793 16.
1011 1757 1243 1807 ὖστερῆσθαι
1269 1759 1345 1793 Par.
1381 1758 1445 1792 cfr.
1485 1757 1574 1792 Phil.
1601 1757 1635 1801 4.

257 1817 291 1840 v.
322 1819 372 1842 ια.
493 1802 640 1848 οἱειδώς
664 1808 739 1842 Par.

165 1904 374 1945 subierant,
400 1906 496 1940 vitae
533 1918 613 1940 eum
640 1907 903 1949 institutorem,
929 1907 992 1953 qui
1017 1906 1062 1940 ad
1090 1906 1257 1941 virtutem
1283 1907 1470 1944 animaret,
1495 1904 1632 1948 ingenti

165 1957 382 2003 compendio
406 1954 602 1989 habebant.
661 1956 837 1989 accuratis
877 1956 973 1989 enim
1009 1957 1048 1989 in
1087 1956 1289 2001 proximum
1324 1952 1508 1989 charitatis
1535 1952 1635 1985 scitis

163 2006 349 2045 munitus,
378 2006 427 2039 sic
452 2003 625 2037 humilem
652 2003 696 2036 de
725 2015 763 2037 se
797 2015 941 2038 sensnm
973 2005 1155 2045 vincebat,
1185 2014 1382 2048 eorumque
1411 2001 1634 2046 praefectum

163 2053 313 2097 agebat3
339 2064 490 2100 quorum
517 2053 644 2085 animis
671 2052 839 2086 initiante
866 2054 931 2086 iilo
961 2053 1007 2086 ad
1032 2053 1215 2093 virtutem,
1242 2050 1440 2096 impensior
1463 2049 1526 2082 illa
1545 2047 1634 2081 sub-

162 2101 284 2135 missio
315 2107 561 2147 contemptum
584 2101 685 2134 velut
708 2101 961 2146 progignebat:
987 2101 1130 2134 tametsi
1151 2101 1207 2134 ilii
1233 2100 1310 2133 eius
1335 2095 1504 2132 vir'tutem
1530 2107 1636 2129 reve-

163 2149 237 2191 riti,
264 2162 328 2194 pro
354 2149 614 2183 benevolentia
641 2159 711 2193 qua
736 2160 796 2183 eos
823 2148 1123 2196 prosequebatur,
1159 2148 1365 2194 amorisque
1391 2143 1514 2186 modo,
1542 2144 1635 2178 obe-

163 2196 339 2231 dientiam
356 2209 477 2243 parem
505 2196 766 2243 rependebant.

257 2245 371 2279 Velut
410 2251 531 2279 autem
558 2244 680 2278 divina
710 2244 912 2278 illustratus
939 2244 1076 2288 gratia,
1116 2254 1235 2289 eoque
1260 2240 1407 2286 ingenio
1433 2239 1634 2285 praeditus,

164 2298 205 2327 ut
230 2305 324 2339 quae
355 2299 451 2327 recta
477 2305 517 2326 ac
542 2298 784 2327 consentanea
809 2296 929 2325 essent
952 2292 1058 2325 facile
1090 2290 1297 2337 dispiceret,
1327 2299 1420 2334 quae
1444 2288 1481 2320 in
1506 2286 1635 2330 Bithy-

163 2341 238 2381 nia,
266 2353 308 2374 ac
330 2342 420 2375 locis
444 2342 525 2374 aliis
549 2341 768 2374 monasteria
793 2340 861 2373 sita
888 2345 971 2373 sunt
995 2339 1168 2380 invisens,
1194 2339 1303 2383 inque
1330 2337 1380 2369 eis
1398 2336 1634 2368 monasticem

163 2389 422 2433 profitentibus
450 2388 661 2422 familiarius
677 2388 901 2430 colloquens,
921 2387 1095 2421 coniectis
1113 2387 1150 2420 in
1176 2386 1320 2419 illorum
1334 2384 1506 2417 virtutum
1532 2388 1635 2428 prata

163 2436 376 2478 luminibus,
402 2449 559 2470 rosarum
585 2437 698 2470 instar
724 2436 856 2481 quibus
887 2435 1146 2480 praelucebant
1176 2431 1394 2478 decerpebat
1421 2431 1630 2472 certamina,

164 2483 384 2530 domumque
422 2484 469 2518 ad
495 2497 578 2518 suos
605 2483 823 2529 reportabat,
855 2483 1053 2528 perfectam
1085 2482 1283 2522 charitatis,
1310 2485 1346 2513 et
1373 2478 1534 2512 sublimis
1560 2477 1631 2518 liu-,-

162 2532 328 2566 militatis
351 2533 391 2566 in
411 2544 448 2566 se
478 2532 732 2566 circumferens
760 2531 987 2565 documenta.
1038 2531 1111 2575 iugi
1137 2535 1256 2564 autem
1274 2527 1493 2561 abstinentia
1522 2525 1632 2559 dura-

164 2586 235 2622 tus,
264 2592 344 2614 cum
381 2581 572 2614 amicorum
610 2580 839 2613 invisentium
881 2579 1084 2624 praesentia
1122 2577 1168 2611 ad⁴
1203 2577 1322 2610 cibum
1353 2573 1631 2620 percipiendum

163 2634 318 2669 vocaret,
342 2628 444 2662 illius
468 2628 697 2663 honestatem
723 2627 761 2660 in
788 2626 954 2660 secundis
980 2625 1128 2666 habens,
1165 2626 1337 2659 virtutum
1367 2622 1549 2656 dominam
1574 2622 1629 2654 illi

163 2676 363 2720 praelatam
390 2676 559 2711 volebat:
586 2677 649 2722 qui
678 2676 797 2717 magni
820 2675 919 2708 Pauli
953 2686 1053 2707 more
1075 2674 1181 2707 sciret
1206 2672 1351 2712 satiari,
1378 2676 1415 2704 et
1441 2668 1631 2714 penurIam

163 2724 252 2769 pati,
272 2725 461 2770 inanisque
484 2724 620 2767 gloriae
647 2723 871 2757 dominatum
898 2722 1046 2766 fugeret.
1071 2721 1352 2767 pulcherrimum
1373 2718 1472 2752 illius
1496 2717 1630 2750 factum

163 2782 220 2805 me
250 2785 344 2818 pene
370 2773 571 2820 praeteriit.
631 2783 711 2805 cum
745 2772 839 2805 enim
865 2770 1020 2805 Nicaeae
1054 2769 1211 2813 synodus
1234 2767 1393 2803 secundo
1420 2771 1545 2800 coacta
1571 2775 1631 2797 es-
