1768 3106
283 131 319 200 4
333 152 397 187 ¹0
854 154 1200 197 THEOPHANJS

283 253 344 302 εἰς
370 252 446 308 την
469 251 637 310 μνήμην
662 256 739 309 τῆς
765 251 888 309 ἆγιάς
919 256 1123 302 θεοτόκου
1159 255 1235 310 τήν
1264 256 1381 312 λιτὴν
1410 260 1455 301 ἐν
1468 262 1750 319 Βλαχέρναις,

281 319 355 363 κατ’
392 321 581 377 ἐγκώμια
624 324 759 378 λέγειν
793 325 867 378 τῆς
898 322 1137 381 δεσποίνης,
1181 321 1395 378 ὀνομάσας
1436 325 1572 384 αὐτὴν
1618 329 1752 385 πανή-

363 405 413 432 ιν.

70 474 262 509 Α,Μ,608,
279 403 359 446 7⁶⁰9
393 459 579 512 Περσῶν
607 460 818 512 βασιλέως
846 455 1048 513 Χοσρόου
1073 455 1166 508 ἔτος
1193 459 1244 503 α’.

240 540 266 574 Β
397 526 541 584 Τούτῳ
567 527 626 584 τῷ
654 524 736 568 ε”τει
763 527 1073 582 τεκνοποιηθείς
1102 525 1124 569 ὅ
1150 527 1354 581 βασιλεὺς
1368 527 1614 584 Μαυρίκιος
1630 533 1768 580 Xon-f

278 590 382 649 ρόην
426 591 501 635 τὸν
542 595 723 647 βασιλέα
766 596 973 650 Περσῶν,
1006 593 1270 647 Δομετιανὸν
1310 597 1536 640 ἐπίσκοπον
1563 601 1748 641 Μελιτι-

276 663 352 716 νῆς
380 659 484 714 πρὸς
513 658 646 703 αὐτὸν
672 662 907 717 ἐξέπεμψεν
927 660 997 705 τὸν
1024 661 1136 706 ἴδιον
1162 666 1342 720 συγγενῆ
1372 664 1453 707 σὺν
1471 667 1638 723 Ναρσῇ,
1670 666 1748 722 τήν

274 724 499 782 ἡγεμονίαν
527 730 602 770 τοῦ
640 731 828 782 πολέμου
869 730 1004 789 τούτῳ
1038 730 1391 782 καταπιστεύσας.
1459 732 1634 783 οἵτινες
1661 752 1745 777 πα-

275 795 530 851 ραλαβόντες
555 794 626 839 τὸν
657 795 853 854 Χοσρὸην
883 798 957 840 καί
983 796 1124 848 πάσας
1160 798 1236 849 τὰς
1257 799 1501 854 Ῥωμαϊκὰς
1530 803 1745 859 δυνάμεις,

274 864 334 912 εἰς
360 861 434 918 τὴν
468 863 667 918 Περσίδα
696 864 1006 918 εἰσβάλλουσιν.
1085 865 1107 908 ὃ
1147 869 1194 910 δὲ
1230 867 1392 922 Βαρὰμ
1427 873 1551 913 τοῦτο
1589 871 1768 927 μαθών]

272 927 348 980 τὰς
382 929 479 986 περί
510 930 638 974 αὐτὸν
678 930 882 986 δυνάμεις
922 933 1170 997 α’ναλαβῴν,
1209 936 1253 978 ἑν
1280 935 1391 996 τόπῳ
1424 938 1745 997 Ἀλεξανδρίνης

233 996 569 1059 (Σόνομαζομὲνῳ
609 1000 1015 1059 ἐστρατοπέδευσεν,
1054 1002 1233 1046 κωλύειν
1278 1004 1470 1058 οἰόμενος
1503 1006 1552 1050 τοὶ
1596 1011 1642 1052 ἐκ
1671 1013 1747 1066 τῆς

273 1066 499 1121 Ἀρμενίας
526 1067 737 1124 ἐρχόμενα
765 1069 1061 1124 στρατεύματα
1097 1074 1175 1114 τοῦ
1200 1070 1258 1128 μή
1289 1069 1499 1129 {venefica
1528 1077 1585 1134 τῷ
1619 1080 1745 1131 Nap-

272 1135 343 1192 σῇ.
398 1137 591 1178 ἐκέλευσε
629 1134 711 1191 γάρ
747 1137 993 1192 Μαυρίκιος
1024 1137 1216 1195 Ἰωάννην
1243 1139 1314 1183 τὸν
1335 1140 1640 1186 Μουστοέκωνα
1669 1143 1744 1189 τόν

268 1204 344 1256 τῆς
369 1202 594 1258 Ἀρμενίας
634 1203 924 1261 στρατηλάτην
966 1206 1194 1262 ἀναλαβεῖν
1229 1207 1283 1251 τὰ
1324 1210 1633 1267 στρατεύματα,
1672 1215 1743 1257 καὶ
1762 1226 1768 1252 1

270 1267 481 1326 ἓνωθῆναι
506 1273 563 1329 τῷ
596 1274 763 1330 Ναρσῇ,
792 1275 869 1315 τοῦ
896 1270 988 1327 ἅμα
1014 1274 1312 1330 συστήσασθαι
1330 1275 1404 1321 τὸν
1431 1278 1537 1334 πρὸς
1564 1279 1640 1323 τὸν
1653 1283 1743 1323 Βα-

268 1338 356 1393 ρὰμ
383 1336 579 1392 πόλεμον.
613 1338 683 1381 διὰ
717 1342 764 1382 δὲ
793 1342 869 1397 τῆς
897 1341 1049 1394 νυκτὸς
1074 1340 1302 1400 ἧνώθησαν
1318 1348 1456 1389 πᾶσαι
1485 1345 1530 1389 αἱ
1553 1347 1740 1402 Ῥωμαϊ-

268 1408 341 1449 καί
369 1404 595 1465 δυνάμεις,
638 1408 714 1450 καί
750 1407 1039 1464 παρετάξαντο
1079 1410 1183 1454 κατὰ
1217 1412 1392 1468 Βαράμ.
1451 1413 1473 1457 ὅ
1503 1415 1551 1458 δὲ
1580 1414 1742 1471 Βαράμ

267 1475 373 1531 πρὸς
398 1474 445 1518 τὸ
479 1468 576 1531 ὅρος
603 1477 994 1536 ἐστρατοπέδευσεν,
1033 1480 1168 1538 δειλίᾳ
1199 1480 1494 1536 κατεχόμενος.
1552 1485 1740 1537 πολέμου

268 1544 316 1587 δὲ
346 1546 534 1601 φοβεροῦ
560 1547 848 1602 κροτηθέντος,
879 1546 902 1589 ὅ
935 1550 1113 1603 Ναρσῆς
1141 1552 1227 1592 τῶν
1250 1546 1438 1593 Ἰνδικῶν
1466 1550 1768 1607 καταφρονή-π

265 1627 346 1663 σας
376 1612 551 1670 θηρίων,
578 1613 653 1669 την
679 1615 812 1670 μέσην
837 1618 922 1658 τῶν
945 1614 1180 1674 βαρβάρων
1211 1619 1379 1661 διέλυσε
1400 1618 1611 1676 φάλαγγα.
1641 1616 1740 1662 τού-

360 1775 396 1809 6.
422 1770 627 1818 Μελιτηνῆς
652 1776 691 1808 Α.
810 1787 846 1820 9.
875 1771 942 1813 τὸν
965 1775 1047 1811 add.
1074 1788 1117 1810 ex
1140 1779 1179 1811 A.
1320 1778 1370 1812 13.
1395 1777 1445 1825 τῷ
1471 1777 1607 1826 Ναρσῇ
1625 1798 1672 1805 -
1694 1798 1739 1804 -

360 1844 409 1850 ——-
431 1845 478 1850 -
500 1824 693 1867 ἕνωθῆναι
721 1835 791 1858 om.
812 1837 844 1858 a.
973 1838 1026 1871 ¹7·
1054 1826 1179 1861 πᾶσαι
1204 1827 1247 1861 αἱ
1274 1825 1488 1875 ἀμφότεραι
1533 1826 1612 1861 δυν.
1629 1853 1638 1868 ,
1676 1829 1741 1861 καὶ

359 1871 499 1912 πάντες
522 1872 816 1921 ἐστρατεύσαντο
844 1870 940 1909 κατὰ
961 1869 1100 1924 Βαράμ
1127 1886 1158 1908 a.
1255 1886 1312 1909 20.
1338 1874 1505 1923 φοβεροῦ
1530 1875 1614 1909 add.
1641 1876 1737 1909 οιΑ.

267 2000 453 2046 exemplar
477 2005 515 2034 et
537 2010 698 2034 normam
735 2001 931 2046 imperator
958 2001 1153 2037 Mauricius
1184 2001 1300 2044 dedit,
1321 2007 1358 2037 et
1382 2001 1551 2036 dominae
1576 2002 1738 2035 encomia

267 2049 412 2082 recitari
437 2049 555 2090 iussit,
580 2048 692 2094 idque
718 2052 924 2094 panegyrim
953 2051 1187 2096 nuncupavit.

82 2102 249 2138 A.C.581
359 2098 546 2131 Persarum
570 2098 663 2141 regis
693 2097 860 2132 Chosrois
889 2101 931 2132 II.
962 2110 1078 2133 annus
1111 2099 1259 2144 primus.

361 2146 439 2178 Hoc
465 2157 561 2179 anno
577 2145 736 2181 Chosroii
763 2148 944 2180 Persarum
974 2159 1055 2192 rege
1081 2148 1120 2181 iu
1144 2147 1258 2180 filium
1282 2144 1468 2191 adoptato,
1486 2145 1736 2179 Domitianum

266 2192 453 2227 Melitines
482 2194 689 2239 episcopum
715 2195 887 2239 sanguine
915 2195 984 2229 sibi
1009 2195 1242 2229 coniunctum
1279 2193 1326 2226 ad
1351 2204 1432 2226 eum
1461 2194 1560 2227 misit
1581 2195 1738 2240 impera-

266 2248 324 2275 tor
351 2241 545 2276 Mauricius
570 2254 642 2275 una
668 2255 747 2276 cum
773 2243 938 2285 Nar-sete,
965 2245 1022 2276 cui
1052 2243 1141 2277 belli
1167 2247 1204 2276 et
1228 2242 1408 2276 exercitus
1434 2242 1581 2286 regendi
1610 2253 1739 2287 supre-

266 2300 359 2323 mam
389 2290 545 2324 contulit
567 2295 798 2334 potestatem.
848 2292 905 2325 illi
935 2291 1093 2326 Chosro&
1118 2302 1237 2324 secum
1265 2289 1387 2332 ducto,
1413 2295 1450 2324 et
1473 2290 1649 2323 universis
1668 2291 1739 2323 Ro-

265 2338 380 2372 manis
406 2338 519 2384 copiis
545 2338 615 2372 sibi
639 2338 820 2373 adiunctis
849 2340 888 2373 in
911 2341 1063 2374 Persiam
1094 2339 1309 2384 irrumpunt.
1361 2339 1485 2371 Baram
1511 2349 1555 2372 eo
1586 2342 1736 2381 accepto

264 2386 399 2420 nuncio
416 2412 425 2428 ,
449 2397 558 2433 quem
597 2397 716 2420 secum
740 2386 872 2421 habuit
895 2388 1103 2429 exercitum,
1142 2387 1224 2420 loco
1250 2386 1305 2420 cui
1331 2398 1465 2421 nomeu
1490 2385 1737 2420 Alexandrina

265 2434 477 2475 constituit,
514 2439 552 2468 et
578 2439 691 2467 castra
720 2440 885 2473 metatus,
913 2436 1035 2480 copias
1066 2448 1109 2469 ex
1137 2435 1301 2468 Armenia
1330 2435 1478 2469 eductas
1516 2446 1562 2468 ne
1591 2433 1735 2467 Narseti

265 2488 543 2528 aggregarentur
578 2481 755 2527 impedire
793 2482 1049 2517 meditabatur.
1100 2483 1349 2517 Mustaconem
1386 2483 1524 2529 quippe
1563 2482 1735 2515 Ioannem

264 2531 475 2565 Armenicae
510 2529 666 2564 militiae
695 2530 904 2575 magistrum
942 2532 1038 2565 acies
1072 2530 1142 2564 sibi
1170 2530 1438 2565 commendatas
1466 2542 1586 2564 secum
1616 2540 1738 2564 sume-

266 2585 331 2619 ret,
360 2584 397 2612 et
423 2578 568 2613 Narseti
584 2603 594 2620 ‚
627 2577 728 2612 beflo
768 2589 839 2612 una
865 2590 944 2612 cum
979 2590 1022 2612 eo
1063 2579 1234 2613 adversus
1260 2580 1384 2614 Bar-am
1405 2577 1585 2612 movendo
1614 2589 1651 2611 se
1671 2576 1735 2610 ad-

263 2627 453 2671 iungeret,
477 2626 674 2662 Mauricius
698 2627 948 2673 imperaverat.
998 2626 1043 2660 de
1067 2633 1173 2661 nocte
1210 2628 1337 2674 itaque
1377 2633 1526 2661 cunctae
1554 2627 1734 2660 Romano-

265 2686 344 2707 rum
369 2675 495 2721 copiae
511 2675 550 2709 in
573 2675 688 2708 aciem
714 2686 824 2709 unam
859 2674 1052 2716 conflatae,
1091 2676 1129 2709 in
1155 2678 1280 2709 Raram
1305 2675 1490 2721 praeclaro
1522 2673 1648 2708 ordine
1675 2673 1734 2706 in-

265 2727 423 2758 structae
448 2729 543 2758 sunt.
595 2724 716 2757 Baram
739 2729 839 2758 metu
862 2723 1018 2769 agitatus
1036 2723 1082 2758 ad
1101 2730 1261 2758 montem
1285 2729 1398 2758 castra
1424 2728 1590 2757 metatur.
1642 2720 1733 2754 inito

265 2772 481 2814 certamine,
507 2771 636 2806 Narses
671 2772 815 2806 calcatis
852 2771 984 2807 Indicis
1009 2772 1277 2813 animantibus,
1307 2771 1464 2807 mediam
1498 2770 1732 2804 barbarorum
