1820 3120
299 166 412 249 738
865 187 1218 231 THEOPHANIS

83 303 278 348 A.M.6295
401 293 631 348 Ῥωμαίων
662 294 875 348 βασιλέως
905 290 1161 349 Νικηφόρον
1190 287 1285 340 ἔτος
1316 286 1371 332 α’.

252 354 277 385 ss
411 364 555 421 Τούτῳ
591 364 651 421 τῷ
679 359 790 418 ἔτει,
816 362 922 418 μηνὶ
945 361 1187 418 Ὀκτωβρίῳ
1228 355 1308 414 λα’,
1339 358 1570 402 immensu
1601 357 1671 416 ια’,
1701 354 1795 417 ὥρᾳ

290 433 518 490 νυκτερινῇ
548 429 597 488 δ’,
626 427 955 486 ἑπιφωσκοόσης
988 428 1152 483 ἡμέρας
1185 428 1406 484 δευτέρας,
1423 423 1678 484 Νικηφόρος
1706 444 1795 470 πα-

287 502 448 557 τρίκιος
477 501 554 542 καί
578 497 741 555 γενικὰς
781 501 1009 553 λογοθέτης
1046 493 1332 552 ἐτυράννησεν
1367 493 1476 539 κατὰ
1517 497 1596 553 τῆς
1621 496 1797 551 εὐσεβε-

286 566 445 625 στάτης
472 564 730 623 Αὖγοόστης
750 566 953 622 Εἰρήνης,
978 566 1089 607 θεοῦ
1113 566 1194 619 μὲν
1222 564 1584 622 συγχωρήσαντος
1611 562 1820 623 ἄφατοιςξ

287 637 492 693 κρίμασιν
530 633 601 678 διὰ
636 637 798 691 πλῆθος
827 634 1055 691 ἁμαρτιῶν
1085 632 1232 690 ἡμῶν,
1263 629 1597 691 ,συνεργούντων
1627 634 1676 676 δὲ
1710 627 1796 675 αὗ·-

287 706 372 747 τῶν
403 702 574 760 Νικήτα
613 703 840 759 πατρικίου
883 701 959 746 καί
998 703 1254 756 ὀομεστίκου
1285 702 1370 745 τῶν
1397 702 1580 758 σχολῶν,
1611 699 1688 744 καί
1716 703 1795 744 Σι-

288 771 454 816 σιννίου
486 774 712 827 πατρικίου
740 770 817 813 καί
849 771 1046 829 α’δελφοῦ
1074 769 1233 826 αὐτοῦ’,
1265 770 1350 813 τῶν
1378 769 1567 826 δολερῶν
1597 771 1672 812 καί
1699 770 1793 813 ἐπι-

288 840 424 898 όρκων
455 840 748 897 Τριφυλλίων.
821 840 1015 895 συνῆσαν
1041 839 1091 881 δὲ
1137 838 1284 888 αὐτοῖς
1310 839 1385 881 καί
1410 837 1542 882 Λέων
1570 837 1794 894 πατρίκιος

251 911 364 955 (3καί
391 909 623 964 κοιαίστωρ
655 905 679 948 ὅ
707 906 1045 965 Σεραντοέπηχος
1086 905 1162 949 καί
1198 908 1241 950 Γ
1238 903 1441 963 ρηγόριος
1472 904 1494 948 ὅ
1522 909 1742 962 πατρίκιος
1769 904 1820 948 ὁι

289 976 628 1020 ΙΙΙουσουλακίου
658 977 732 1018 καί
751 972 1006 1027 Θεόκτιστος
1033 973 1056 1019 ὃ
1085 977 1309 1032 πατρίκιος
1337 976 1414 1019 καί
1441 973 1689 1032 κοιαίστωρ,
1718 976 1795 1017 καί

288 1048 463 1102 Πέτρος
493 1047 728 1100 πατρίκιος,
759 1042 1064 1101 α’πατήσαντες
1093 1048 1172 1087 καί
1198 1060 1320 1094 τινας
1348 1044 1434 1087 τῶν
1461 1042 1685 1101 ἀρχόντων
1713 1044 1793 1086 τοῦ

286 1115 397 1156 λαοῦ
422 1114 506 1157 τῶν
535 1111 778 1168 ταγμάτων.
851 1112 1170 1168 καταλαβόντες
1208 1113 1257 1155 δὲ
1298 1111 1379 1169 τὴν
1407 1114 1635 1169 λεγομένην
1663 1113 1794 1155 Χαλ-

285 1182 375 1239 κῆν,
404 1181 479 1223 καὶ
506 1179 607 1232 τούς
628 1179 828 1238 φύλακας
857 1180 1034 1238 ἀθρόως
1054 1182 1230 1235 ψευδῶς
1261 1177 1572 1238 α’πατήσαντες,
1602 1177 1792 1237 ἔπεισαν,

151 1245 355 1295 V.3201‘1'n
382 1253 486 1307 παρ’
515 1250 649 1304 αϋτῆς
681 1247 985 1306 α’πεστάλησαν
1023 1250 1313 1306 α’ναγορεῦσαι
1341 1250 1523 1305 βασιλέα
1553 1246 1628 1291 τόν
1656 1247 1820 1292 αὕτὸνι

284 1317 560 1375 Νικηφόρον,
600 1316 672 1360 διὰ
717 1316 762 1360 τό
808 1317 884 1361 τὸν
914 1317 1140 1375 πατρίκιον
1173 1318 1339 1362 Ἀέτιον
1384 1315 1622 1374 βιάζεσθαι
1652 1315 1792 1374 αὐτήν

281 1385 358 1430 τὸν
382 1383 547 1429 ἑαυτοῦ
575 1385 770 1444 α’δελφόν
787 1390 959 1430 Λέοντα
990 1387 1283 1444 ἀναγορεῦσαι
1316 1389 1511 1442 βασιλέα.
1570 1383 1611 1429 οἱ
1639 1388 1688 1430 δὲ
1720 1403 1791 1428 πι-

282 1454 539 1505 στεύσαντες
559 1454 618 1514 τῷ
643 1456 878 1514 τηλικούτῳ
899 1453 1071 1512 ψεύδει,
1101 1454 1482 1513 συνανηγόρευσαν
1500 1454 1685 1510 βασιλέα
1713 1453 1790 1498 τόν

282 1521 502 1579 τύραννον.
561 1518 698 1573 οὕτως
733 1518 811 1566 οὖν
839 1524 911 1567 έπί
948 1522 994 1567 τὸ
1025 1526 1137 1581 μέγα
1168 1522 1380 1567 παλάτιον
1412 1525 1609 1575 ἐλθόντες
1636 1521 1676 1567 οἱ
1706 1525 1788 1566 av'·

231 1605 234 1608 ·
282 1592 350 1633 tot*
377 1591 604 1648 πατρίκιοι,
633 1591 838 1648 εἰσῆλθον
864 1594 911 1636 έν
942 1593 1073 1652 αὐτῷ.
1107 1595 1305 1636 κάκεῖθεν
1333 1594 1659 1642 α’ποστείλαντες
1686 1594 1820 1636 ›ea-9³2

380 1729 413 1763 5.
431 1729 658 1777 Λῦγούστης
681 1730 765 1764 add.
794 1742 839 1765 ex
867 1730 910 1765 A.
1033 1744 1065 1777 7.
1093 1731 1237 1777 Νικὴτα
1265 1732 1312 1775 Α,
1337 1730 1503 1775 Νικήτου
1526 1730 1624 1776 vulg.
1728 1740 1782 1763 ιο.

378 1781 444 1813 καὶ
469 1783 675 1826 κοιαίστωρ
701 1778 784 1813 add.
808 1791 852 1814 ex
878 1781 919 1814 A.
1020 1779 1040 1816 ὃ
1067 1785 1195 1816 Mona.
1223 1803 1267 1809 —-
1294 1801 1344 1808 —
1367 1782 1487 1827 Πέτρ.
1510 1792 1625 1825 πατρ.
1641 1789 1711 1812 om·
1740 1779 1782 1811 A·

385 1838 438 1860 12.
467 1824 604 1867 αὐτοὺς
630 1831 698 1863 καί
721 1840 828 1867 τινας
852 1839 884 1862 e.
1017 1829 1068 1873 ¹4·
1099 1828 1362 1874 ιῖπατήσαντες
1386 1829 1439 1868 Α,
1470 1826 1660 1871 ιῖπαντὴσ.
1685 1826 1784 1870 vulg.

383 1876 435 1908 16.
461 1870 527 1912 τὸν
552 1888 664 1922 πατρ.
683 1877 725 1918 A,
749 1875 816 1913 τὸν
834 1872 952 1912 αὐτόν
974 1890 1086 1925 πατρ.
1115 1879 1210 1925 vulg.
1310 1871 1369 1914 =18.
1395 1876 1447 1926 τῷ
1467 1876 1665 1924 τηλικούτῳ
1691 1874 1785 1922 iperi·

379 1922 436 1959 δἐι
462 1924 503 1967 A,
529 1920 571 1961 τό
599 1926 792 1969 τηλικοῦτο
818 1926 960 1973 ψεῦδος
987 1927 1084 1973 vulg.

94 2032 270 2079 A.C.795
380 2030 624 2064 Romanorum
651 2032 882 2078 imperatoris
907 2031 1107 2079 Nicephori
1131 2044 1248 2067 annus
1276 2032 1427 2079 primus.

380 2077 456 2111 Hoc
481 2090 576 2112 anno
602 2081 737 2114 mensis
765 2080 938 2115 Octobris
966 2080 1028 2115 die
1055 2082 1236 2116 tricesimo
1268 2082 1400 2127 primo,
1426 2079 1631 2114 indictione
1662 2078 1783 2112 unde-

282 2125 388 2166 cima,
415 2125 504 2159 hora
532 2128 649 2161 noctis
675 2135 805 2175 quarta
831 2130 1080 2165 illucescentis
1106 2130 1220 2164 feriae
1239 2129 1435 2171 secundae,
1459 2127 1691 2174 Nicephorius
1718 2138 1784 2173 pa-

283 2173 411 2207 tricius
445 2180 484 2208 et
519 2177 699 2220 generalis
737 2178 952 2223 logotheta,
980 2179 1020 2212 in
1045 2180 1246 2226 piissimam
1270 2179 1428 2218 Irenem,
1465 2175 1534 2210 deo
1563 2175 1783 2210 delictorum

283 2227 491 2256 nostrorum
523 2224 765 2260 multitudine
792 2228 962 2270 irritato,
992 2234 1029 2262 et
1061 2226 1312 2261 ineffabilibus
1345 2226 1419 2259 suis
1446 2223 1594 2258 iudiciis
1620 2224 1672 2258 ita
1698 2235 1782 2270 per—

282 2271 475 2312 mittente,
502 2273 732 2315 tyrannidem
770 2276 956 2317 excitavit,
980 2276 1213 2310 adiutoribus
1252 2276 1299 2308 ad
1326 2273 1365 2307 id
1395 2285 1479 2307 usus
1505 2273 1635 2307 Niceta
1664 2273 1783 2318 patri-

282 2320 340 2353 cio
370 2325 408 2353 et
435 2319 641 2354 scholarum
668 2322 867 2357 domestico
910 2331 948 2358 et
973 2325 1134 2359 Sisinnio
1175 2323 1345 2357 similiter
1380 2322 1537 2369 patricio
1564 2322 1643 2356 eius
1671 2321 1782 2355 fratre

282 2367 421 2402 dolosis
447 2374 485 2403 et
516 2370 668 2414 periuris
707 2370 938 2418 Triphylliis.
1002 2373 1204 2406 adiunxere
1239 2383 1279 2405 se
1318 2371 1393 2405 illis
1430 2371 1503 2405 Leo
1538 2369 1713 2416 patricius
1744 2375 1783 2404 et

282 2422 455 2462 quaestor
489 2417 780 2463 Serantapechus
816 2426 855 2454 et
891 2421 1089 2467 Gregorius
1130 2420 1323 2467 patricius,
1354 2419 1550 2453 Musulacii
1585 2418 1710 2460 filius,
1743 2423 1782 2452 et

282 2465 519 2499 Theoctistus
547 2467 718 2512 patricius
745 2473 782 2501 et
808 2475 982 2514 quaestor
1002 2476 1039 2504 et
1059 2470 1185 2504 Petrus
1211 2469 1385 2515 patricius
1403 2494 1413 2510 ‚
1441 2468 1506 2515 qui
1531 2466 1710 2515 quosdam
1737 2478 1782 2500 ex

283 2513 439 2547 ducibus
463 2514 680 2549 militarium
708 2515 876 2550 ordinum
904 2518 943 2551 in
971 2525 1093 2563 partes
1118 2530 1200 2552 suas
1228 2516 1483 2551 fraudulenter
1509 2521 1779 2563 pertraxerunt.

281 2568 507 2608 postremum
537 2569 660 2598 autem
686 2570 875 2611 occupata,
904 2578 998 2612 quae
1022 2565 1156 2600 Chalce
1182 2566 1330 2608 dicitur,
1358 2564 1528 2599 custodes
1554 2564 1658 2598 aliud
1681 2564 1781 2609 cogi-

281 2616 405 2644 tantes
442 2611 643 2647 mendaciis
681 2612 857 2660 deceptos
893 2614 933 2648 in
965 2614 1003 2648 id
1040 2614 1246 2656 inducunt,
1272 2620 1313 2649 ut
1340 2613 1512 2654 credant,
1537 2612 1781 2660 imperatricis

279 2659 452 2694 mandato
478 2660 728 2707 Nicephorum
757 2662 1015 2709 imperatorem
1044 2664 1322 2698 renunciaturos
1356 2674 1394 2697 se
1429 2663 1571 2703 missos,
1601 2672 1696 2709 quae
1721 2661 1781 2694 ni-

280 2708 413 2740 mirum
440 2720 460 2741 a
490 2710 644 2754 patricio
673 2710 791 2752 Aetio,
818 2717 859 2745 ut
886 2711 1036 2745 fratrem
1076 2713 1153 2746 eius
1181 2713 1345 2746 Leonem
1375 2711 1491 2745 invita
1517 2710 1564 2744 ad
1584 2709 1780 2756 imperium

279 2763 496 2801 promoveat
529 2764 567 2792 et
605 2759 810 2805 principem
835 2759 1018 2802 declaret,
1045 2761 1126 2804 cogi
1156 2773 1193 2795 se
1231 2761 1451 2807 experiatur.
1502 2759 1559 2792 illi
1585 2757 1779 2792 mendacio

280 2804 426 2838 facilem
442 2805 661 2841 adhibentes
682 2807 804 2849 fidem,
823 2815 1019 2853 tyrannum
1039 2809 1294 2843 salutaverunt
1312 2810 1579 2855 imperatorem,
1597 2813 1709 2853 atque
1729 2806 1780 2839 ita

279 2853 458 2898 palatium
476 2856 593 2889 maius
619 2855 730 2891 iidem
757 2858 902 2904 patricii
925 2858 1118 2904 progressi,
1156 2859 1195 2892 in
1222 2857 1316 2892 illud
1349 2869 1386 2892 se
1418 2857 1662 2892 immiserunt.
1691 2854 1778 2889 inde
