1786 3204
285 149 357 205 58
846 166 1190 208 THEOPHAle

282 273 369 317 τοῖς
396 266 642 324 γράμμασιν
674 266 845 311 Ἰουλίου
867 269 946 310 τοῦ
973 266 1095 310 πάπα
1120 266 1288 321 Ῥώμης
1318 264 1618 323 θαρρήσαντες
1648 263 1748 315 τούς

284 337 418 386 ἰδίους
447 336 630 392 θρόνους
660 337 907 389 κατέλαβον.
978 334 1001 376 ὁ
1036 336 1084 376 δὲ
1114 330 1406 383 Κωνστάντιος
1433 335 1479 376 ἐν
1507 333 1750 391 Ἀντιοχείᾳ

283 403 464 457 διάγων,
506 401 664 457 μαθών
695 399 757 444 ὅτι
789 401 954 461 Παύλῳ
991 401 1069 444 καὶ
1094 402 1348 459 Ἀθανασίῳ
1387 398 1460 443 διὰ
1488 398 1751 457 γραμμάτων

277 464 452 519 Ἰούλιος
491 467 587 519 τοὺς
617 470 751 519 ἰδίους
770 468 953 525 θρόνους
981 469 1206 520 α’πὲὸωκεν,
1239 465 1458 522 ὀργισθεὶς
1480 467 1643 510 κελεύει
1672 465 1751 508 αὕ-

1428 530 1501 546 ιυΊΙ
1588 531 1603 548 C
1639 528 1659 546 (Ι

245 534 381 586 Βτούς
407 537 700 591 α’πελασθῆναι
727 539 811 578 τῶν
829 536 949 578 ἰδίων
976 533 1158 591 θρόνων.
1191 537 1248 591 τῷ
1269 536 1306 576 δ’
1333 534 1444 592 αὕτῳ
1473 549 1559 577 ετει
1579 549 1601 576 ο
1631 535 1786 589 ηλιος5

281 602 409 646 πάλιν
443 601 759 660 αύχμηρότερος
797 605 981 659 γέγονεν,
1024 603 1068 644 ἐν
1096 598 1188 660 ὥρᾳ
1220 602 1397 660 δευτέρᾳ
1426 602 1501 657 τῆς
1545 602 1753 658 κυριακῆς

282 670 456 727 ἡμέρας·

76 749 271 794 Δ.Μ.5840
400 735 540 796 Τούτῳ
580 740 639 795 τῷ
677 736 758 780 ἔτει
806 738 987 792 σεισμοῦ
1026 737 1251 792 γενομένου
1280 732 1466 792 μεγάλου
1494 736 1540 779 ἐν
1567 736 1752 794 Βηρυτῷ

283 807 358 861 τῆς
389 807 609 861 Φοινίκης,
638 803 686 847 τὸ
726 808 917 848 πλεῖστον
957 806 1032 860 τῆς
1067 805 1225 853 πόλεως
1251 807 1489 847 πέπτωκεν·
1562 799 1672 847 ὥστε
1702 801 1749 845 τὸ

282 875 441 927 πλῆθος
468 874 550 914 τῶν
576 873 753 915 ἐθνικῶν
785 873 1103 928 εἰσεληλυθέναι
1131 873 1191 922 εἰς
1212 870 1289 927 τὴν
1315 873 1564 929 ἐκκλησίαν,
1593 869 1781 925 ὄμοίωςι

281 939 382 995 ἡμῖν
421 938 727 994 χριστιανιζειν
763 939 1122 994 ἐπαγγειλάμενοι.
1191 941 1392 982 ἐντεῦθεν
1430 938 1752 994 νεωτερίσαντές

285 1021 407 1058 τινες,
437 1004 536 1056 τούς
563 1006 719 1056 τύπους
733 1009 806 1062 τῆς
834 1007 1055 1062 ἐκκλησίας
1087 1003 1229 1062 ὥσπερ
1258 1003 1615 1062 ἀποσυλήσαντες,
1644 1006 1751 1058 ἐξίε-

280 1089 383 1116 σαν·
439 1075 514 1115 καί
552 1074 680 1115 τόπον
719 1075 848 1129 εύχῆς
878 1074 1243 1128 ἐπονομάσαντες,
1282 1071 1328 1116 τὸ
1368 1074 1531 1130 πλῆθος
1561 1075 1607 1116 ἐν
1634 1073 1751 1132 αύτῷ

242 1140 544 1195 Ούπεὸἐξαντο,
574 1137 742 1183 ἅπαντα
776 1140 827 1183 τοὶ
874 1143 947 1197 τῆς
976 1141 1197 1197 ἐκκλησίας
1228 1139 1499 1196 μιμούμενοι,
1526 1144 1751 1197 παραπλη-

282 1209 372 1251 σίον
397 1207 611 1263 γεγονότες
641 1207 745 1261 πρὸς
774 1208 907 1264 ἡμᾶς,
944 1208 1001 1258 ὥς
1041 1207 1067 1264 ἦ
1099 1210 1181 1251 τῶν
1210 1210 1490 1266 Σαμαρειτῶν
1521 1206 1625 1266 πρὸς
1644 1208 1779 1251 ‘lov-1

283 1276 430 1325 ὃαιόυς
459 1278 633 1331 αἵρεσις,
663 1277 838 1324 ἐθνικῶς
868 1277 1028 1327 ζῶντες.

73 1358 166 1393 ΑΜ,
178 1358 263 1403 584³
398 1341 537 1402 Τούτῳ
583 1344 640 1401 τῷ
678 1341 760 1385 ἔτει
789 1341 993 1399 Σαβώρης
1035 1339 1163 1386 πάλιν
1194 1342 1217 1385 ὅ
1247 1340 1452 1398 βασιλεύς
1481 1342 1671 1399 Περσῶν
1698 1343 1749 1399 τῇ

283 1411 431 1464 Νίσιβι
472 1412 841 1466 παρακαθεσθείς,
888 1408 1042 1460 ἱκανῶς
1070 1411 1178 1468 αυ’τῇ
1202 1407 1442 1467 διηνιόχλει,
1475 1409 1534 1460 (ὃς
1559 1412 1632 1453 καί
1658 1411 1749 1453 ἐλε-

378 1553 406 1574 ι.
431 1539 597 1586 Ἰουλίου]
625 1542 802 1588 Λιβερίου
828 1540 862 1574 h.
881 1553 928 1575 m.
956 1552 1003 1575 sc.
1074 1539 1212 1589 Ῥώμης
1235 1552 1304 1575 om.
1323 1553 1355 1575 a.
1451 1541 1486 1576 3.
1511 1538 1657 1586 Παύλῳ
1680 1541 1746 1574 καὶ

364 1589 582 1636 Ἀθανασίῳ
610 1589 672 1622 alii
700 1589 818 1631 codd„
831 1589 991 1626 Παῦλον
1008 1592 1071 1624 καὶ
1091 1590 1325 1627 Ἀθανάσιον
1344 1589 1442 1634 vulg.
1520 1589 1552 1633 4.
1578 1586 1744 1634 Ἰούλιος]

371 1639 546 1683 Λιβίριος
559 1638 594 1671 b.
665 1637 830 1685 θρόνους
852 1637 958 1674 ninid*-
972 1636 1132 1680 Α,ἀπέὸ“.
1152 1642 1212 1683 θρ.
1231 1639 1327 1683 vulg.
1398 1638 1463 1672 καὶ
1487 1634 1684 1683 ὀργισθεὶς
1706 1636 1743 1669 b.

372 1685 407 1718 6·
434 1684 710 1733 τῆς-ἡμέρας
735 1697 803 1719 om.
829 1697 849 1719 a
876 1686 913 1719 b.
1017 1697 1066 1720 io.
1094 1688 1147 1725 εἰς
1164 1683 1232 1730 τὴν
1259 1686 1341 1720 add.
1367 1686 1455 1719 exA
1479 1696 1500 1717 a
1523 1685 1547 1717 b
1577 1695 1596 1717 c
1625 1684 1648 1717 d
1673 1695 1692 1717 e
1719 1684 1743 1716 f.

377 1743 430 1765 ιι.
460 1733 562 1782 ἡμῖν]
591 1735 628 1769 οἱ
648 1733 720 1781 μὲν
747 1735 789 1770 Α.
883 1732 1201 1781 ἐπαγγελλόμενοι
1226 1734 1301 1768 alii.
1318 1760 1328 1777 ,
1355 1734 1438 1768 fort.
1465 1731 1746 1780 ἐπαγγειλάμε-

370 1791 453 1816 νον.
553 1792 602 1816 12.
630 1793 727 1821 τινες
751 1780 832 1815 add.
858 1792 902 1815 ex
926 1783 953 1815 A
969 1807 979 1823 ‚
1004 1781 1146 1821 τύπους
1162 1786 1213 1824 A,
1236 1781 1380 1822 τόπους
1403 1782 1500 1826 vulg.
1551 1786 1745 1825 utrumque

373 1828 581 1863 Anastasius
606 1828 761 1875 legebat.
902 1829 1065 1879 ἐξίεσαν]
1092 1830 1247 1879 ἐξῄεσαν
1281 1831 1365 1865 alii:
1391 1831 1513 1865 Anast.
1539 1833 1746 1862 resecantes

368 1881 512 1911 vertens
538 1876 639 1910 aliud
664 1877 752 1924 quid
776 1877 905 1923 legisse
929 1877 1087 1913 videtur.
1244 1879 1294 1923 14.
1319 1879 1590 1926 παραπλησίαν
1617 1877 1645 1910 Α
1668 1887 1688 1909 a
1720 1875 1744 1909 b

370 1936 389 1957 c
417 1924 440 1957 d
464 1936 483 1958 e
511 1925 546 1966 f,
572 1925 834 1970 παραπλήσιοι
848 1926 944 1973 vulg.
1071 1938 1122 1973 ¹7·
1150 1920 1218 1971 τὴν
1240 1930 1396 1974 Νίσιβιν
1424 1939 1455 1960 a.
1582 1926 1634 1960 18·
1662 1923 1742 1967 διη-

371 1972 503 2020 νώχλει
532 1974 581 2015 Α,
606 1971 784 2020 διενόχλει
805 1973 901 2018 vulg.

277 2074 463 2120 pontificis
489 2075 615 2109 confisi
651 2077 816 2122 proprias
854 2076 924 2110 sibi
952 2077 1057 2111 sedes
1082 2083 1310 2124 receperunt.
1363 2076 1597 2112 Constantius
1621 2080 1744 2109 autem

276 2122 491 2156 Antiochiae
517 2123 650 2167 degens
668 2149 678 2165 ‚
718 2130 756 2158 et
780 2125 890 2158 Paulo
915 2124 1188 2172 Athanasioque
1214 2127 1296 2159 lulii
1324 2125 1456 2160 litteris
1479 2123 1629 2158 munitis
1655 2134 1744 2168 pro-

277 2171 375 2217 prias
406 2170 509 2203 sedes
550 2172 732 2205 restitutas
762 2172 933 2214 audiens,
969 2173 1022 2207 ira
1065 2180 1251 2219 permotus
1290 2174 1419 2207 iisdem
1456 2185 1517 2207 eos
1554 2170 1743 2205 deturbari

277 2218 473 2264 praecepit.
533 2217 602 2251 hoc
627 2220 732 2252 etiam
775 2231 870 2254 anno
904 2220 992 2254 hora
1030 2221 1103 2255 diei
1136 2222 1340 2256 dominicae
1374 2221 1534 2256 secunda
1558 2219 1745 2254 obscurior

279 2271 389 2312 atque
413 2265 630 2311 squallidior
657 2268 711 2301 sol
737 2268 866 2302 iterum
892 2268 1006 2303 factus
1036 2275 1100 2304 est.

90 2325 266 2371 A.C.350
374 2312 467 2359 (Hoc
493 2325 586 2347 anno
610 2326 737 2360 magno
764 2316 882 2359 Beryti
923 2317 961 2350 in
989 2317 1182 2351 Phoenicia
1211 2324 1328 2352 terrae
1353 2322 1453 2351 motu
1483 2320 1633 2356 exorto,
1657 2313 1745 2360 plu-

280 2361 370 2394 rima
399 2361 553 2394 civitatis
582 2373 663 2406 pars
691 2363 870 2398 concidit:
896 2364 946 2398 ita
971 2371 1012 2399 ut
1033 2378 1107 2399 non
1134 2365 1421 2400 contemnendus
1456 2363 1651 2410 gentilium
1677 2374 1747 2395 nu—

279 2420 397 2442 merus
421 2409 499 2454 pari
526 2409 630 2443 nobis
658 2410 727 2443 ritu
752 2411 991 2445 Christianam
1014 2414 1124 2447 vitam
1151 2420 1313 2448 acturum
1339 2413 1526 2459 pollicitus
1552 2411 1599 2445 ad
1626 2410 1745 2444 eccle-

280 2457 370 2490 siam
395 2455 593 2490 accederet.
643 2457 729 2491 inde
753 2460 854 2493 velut
877 2459 1002 2494 abacta
1026 2461 1172 2506 praeda,
1204 2462 1353 2496 mutatis
1381 2461 1570 2505 religiosae
1598 2464 1747 2492 nostrae

279 2505 374 2538 vitae
397 2504 597 2545 institutis,
623 2516 664 2538 ac
691 2506 798 2541 rebus
821 2508 923 2540 novis
958 2508 1165 2551 studentes,
1193 2509 1432 2544 deseruerunt
1457 2507 1661 2549 ecclesiam3
1687 2504 1746 2539 lo-

279 2562 435 2598 cumque
476 2551 522 2585 de
559 2554 735 2588 orationis
760 2555 907 2588 nomine
945 2555 1172 2601 designantes
1189 2584 1198 2598 ‚
1235 2559 1274 2592 in
1300 2570 1344 2592 eo
1370 2568 1533 2602 magnam
1559 2554 1747 2588 hominum

278 2599 423 2634 turbam
451 2599 696 2634 admiserunt:
740 2607 777 2636 et
801 2603 1076 2638 eeclesiasticam
1100 2605 1231 2650 agendi
1255 2607 1434 2640 rationem
1461 2603 1611 2643 imitati,
1638 2601 1747 2635 nobis

279 2653 473 2682 evaserunt
501 2659 607 2693 quam
629 2649 826 2683 simillimi:
849 2662 921 2696 quo
946 2657 1052 2695 pacto
1078 2653 1268 2696 gentilium
1295 2653 1496 2687 observatis
1524 2651 1655 2685 ritibus
1683 2650 1746 2682 Iu-

280 2695 451 2729 daeorum
479 2695 629 2740 effigiem
659 2698 856 2731 Samaritae
880 2698 1088 2733 nitebantur
1114 2701 1345 2748 exprimere.)

90 2742 180 2777 A.C.
199 2742 260 2787 341
372 2744 451 2776 Hoc
476 2755 570 2777 anno
597 2745 750 2779 Sabores
777 2747 960 2779 Persarum
997 2758 1060 2780 rex
1083 2748 1217 2781 Nisibis
1243 2749 1434 2782 obsidione
1461 2751 1645 2788 renovata,
1671 2755 1748 2778 ma-

280 2801 367 2835 gnas
394 2790 476 2825 urbi
495 2792 720 2827 calamitates
750 2793 893 2828 intulit:
921 2800 961 2828 et
982 2793 1260 2841 elephantorum
1285 2796 1385 2830 bello
1413 2794 1630 2828 idoneorum
1649 2803 1749 2827 com-
