<?xml version="1.0" encoding="UTF-8"?>
<!DOCTYPE html PUBLIC "-//W3C//DTD XHTML 1.0 Transitional//EN"
    "http://www.w3.org/TR/xhtml1/DTD/xhtml1-transitional.dtd">
<html xmlns="http://www.w3.org/1999/xhtml" xml:lang="en" lang="en">
 <head>
  <title>
</title>
<meta http-equiv="Content-Type" content="text/html;charset=utf-8" />
  <meta name='ocr-system' content='tesseract 3.04.00' />
  <meta name='ocr-capabilities' content='ocr_page ocr_carea ocr_par ocr_line ocrx_word'/>
</head>
<body>
  <div class='ocr_page' id='page_1' title='image "./corpusscriptorum46niebuoft_0806.png"; bbox 0 0 1820 3120; ppageno 0'>
   <div class='ocr_carea' id='block_1_1' title="bbox 283 78 1198 156">
    <p class='ocr_par' dir='ltr' id='par_1_1' title="bbox 283 78 1198 156">
     <span class='ocr_line' id='line_1_1' title="bbox 283 78 1198 156; baseline -0.007 -7"><span class='ocrx_word' id='word_1_1' title='bbox 283 78 398 156; x_wconf 74' lang='grc'><strong>746</strong></span> <span class='ocrx_word' id='word_1_2' title='bbox 845 99 1198 143; x_wconf 73' lang='lat' dir='ltr'><strong>TiffloPHAle</strong></span> 
     </span>
    </p>
   </div>
   <div class='ocr_carea' id='block_1_2' title="bbox 55 198 1820 1495">
    <p class='ocr_par' dir='ltr' id='par_1_2' title="bbox 55 198 1820 1495">
     <span class='ocr_line' id='line_1_2' title="bbox 275 198 1773 264; baseline 0.005 -21"><span class='ocrx_word' id='word_1_3' title='bbox 275 201 360 259; x_wconf 82' lang='grc' dir='ltr'><strong><em>ἀεί,</em></strong></span> <span class='ocrx_word' id='word_1_4' title='bbox 389 199 464 244; x_wconf 77' lang='grc' dir='ltr'><strong>καί</strong></span> <span class='ocrx_word' id='word_1_5' title='bbox 489 201 624 259; x_wconf 80' lang='grc' dir='ltr'><strong><em>μηδὲν</em></strong></span> <span class='ocrx_word' id='word_1_6' title='bbox 652 199 759 246; x_wconf 79' lang='grc' dir='ltr'><strong><em>κατὰ</em></strong></span> <span class='ocrx_word' id='word_1_7' title='bbox 798 202 903 247; x_wconf 77' lang='grc' dir='ltr'><strong><em>θεὸν</em></strong></span> <span class='ocrx_word' id='word_1_8' title='bbox 940 202 1155 262; x_wconf 79' lang='grc' dir='ltr'><strong><em>πράττων.</em></strong></span> <span class='ocrx_word' id='word_1_9' title='bbox 1211 198 1266 259; x_wconf 70' lang='grc' dir='ltr'><strong>ἦν</strong></span> <span class='ocrx_word' id='word_1_10' title='bbox 1293 202 1376 260; x_wconf 80' lang='grc' dir='ltr'><strong>γὰρ</strong></span> <span class='ocrx_word' id='word_1_11' title='bbox 1405 203 1525 264; x_wconf 70' lang='grc' dir='ltr'><strong><em>αὐτῷ’</em></strong></span> <span class='ocrx_word' id='word_1_12' title='bbox 1553 202 1661 259; x_wconf 78' lang='grc' dir='ltr'><strong><em>μετὰ</em></strong></span> <span class='ocrx_word' id='word_1_13' title='bbox 1686 205 1773 249; x_wconf 75' lang='grc' dir='ltr'><strong>τῶν</strong></span> 
     </span>
     <span class='ocr_line' id='line_1_3' title="bbox 272 270 1773 330; baseline 0.003 -18"><span class='ocrx_word' id='word_1_14' title='bbox 272 270 434 312; x_wconf 76' lang='grc' dir='ltr'><strong><em>λοιπῶν</em></strong></span> <span class='ocrx_word' id='word_1_15' title='bbox 471 272 752 327; x_wconf 71' lang='grc' dir='ltr'><strong><em>παρανομιῶν</em></strong></span> <span class='ocrx_word' id='word_1_16' title='bbox 791 270 868 315; x_wconf 74' lang='grc' dir='ltr'><strong>καὶ</strong></span> <span class='ocrx_word' id='word_1_17' title='bbox 907 272 953 316; x_wconf 86' lang='grc' dir='ltr'><strong><em>τὸ</em></strong></span> <span class='ocrx_word' id='word_1_18' title='bbox 992 274 1183 315; x_wconf 78' lang='grc' dir='ltr'><strong><em>τοιοῦτον</em></strong></span> <span class='ocrx_word' id='word_1_19' title='bbox 1222 274 1297 328; x_wconf 80' lang='grc' dir='ltr'><strong>τῆς</strong></span> <span class='ocrx_word' id='word_1_20' title='bbox 1338 272 1510 330; x_wconf 81' lang='grc' dir='ltr'><strong><em>γνώμης</em></strong></span> <span class='ocrx_word' id='word_1_21' title='bbox 1555 273 1773 330; x_wconf 74' lang='grc' dir='ltr'><strong><em>ἐξαίρετον</em></strong></span> 
     </span>
     <span class='ocr_line' id='line_1_4' title="bbox 273 335 1774 400; baseline 0.002 -18"><span class='ocrx_word' id='word_1_22' title='bbox 273 341 449 397; x_wconf 79' lang='grc' dir='ltr'><strong><em>ἰδίωμα,</em></strong></span> <span class='ocrx_word' id='word_1_23' title='bbox 481 341 540 383; x_wconf 90' lang='grc' dir='ltr'><strong>δι’</strong></span> <span class='ocrx_word' id='word_1_24' title='bbox 569 335 625 383; x_wconf 67' lang='grc' dir='ltr'><strong>οὗ</strong></span> <span class='ocrx_word' id='word_1_25' title='bbox 640 339 714 384; x_wconf 84' lang='grc' dir='ltr'><em>καί</em></span> <span class='ocrx_word' id='word_1_26' title='bbox 740 339 912 398; x_wconf 77' lang='grc' dir='ltr'><strong><em>πρὸτῆς</em></strong></span> <span class='ocrx_word' id='word_1_27' title='bbox 933 342 1159 397; x_wconf 77' lang='grc' dir='ltr'><strong><em>βασιλείας</em></strong></span> <span class='ocrx_word' id='word_1_28' title='bbox 1190 339 1375 392; x_wconf 80' lang='grc' dir='ltr'><strong><em>πολλοὺς</em></strong></span> <span class='ocrx_word' id='word_1_29' title='bbox 1403 341 1632 400; x_wconf 83' lang='grc' dir='ltr'><strong><em>ἦπάτησεν.</em></strong></span> <span class='ocrx_word' id='word_1_30' title='bbox 1661 341 1774 398; x_wconf 78' lang='grc' dir='ltr'><strong><em>πλὴν</em></strong></span> 
     </span>
     <span class='ocr_line' id='line_1_5' title="bbox 270 404 1772 467; baseline 0.001 -17"><span class='ocrx_word' id='word_1_31' title='bbox 270 408 540 463; x_wconf 75' lang='grc' dir='ltr'><strong><em>γελοιότατος</em></strong></span> <span class='ocrx_word' id='word_1_32' title='bbox 580 404 635 466; x_wconf 74' lang='grc' dir='ltr'><strong>ἦν</strong></span> <span class='ocrx_word' id='word_1_33' title='bbox 672 414 762 460; x_wconf 83' lang='grc' dir='ltr'><strong><em>τοῖς</em></strong></span> <span class='ocrx_word' id='word_1_34' title='bbox 793 410 952 453; x_wconf 77' lang='grc' dir='ltr'><strong><em>εἰδόσιν</em></strong></span> <span class='ocrx_word' id='word_1_35' title='bbox 997 410 1189 466; x_wconf 77' lang='grc' dir='ltr'><strong><em>ἀκριβῶς</em></strong></span> <span class='ocrx_word' id='word_1_36' title='bbox 1226 405 1618 467; x_wconf 72' lang='grc' dir='ltr'><strong><em>τόὲπιτήδευμα,</em></strong></span> <span class='ocrx_word' id='word_1_37' title='bbox 1658 407 1772 454; x_wconf 71' lang='grc' dir='ltr'><strong><em>ὥστε</em></strong></span> 
     </span>
     <span class='ocr_line' id='line_1_6' title="bbox 270 475 1809 536; baseline 0 -17"><span class='ocrx_word' id='word_1_38' title='bbox 270 476 464 520; x_wconf 82' lang='grc' dir='ltr'><strong><em>κάκεῖνον</em></strong></span> <span class='ocrx_word' id='word_1_39' title='bbox 505 477 703 536; x_wconf 76' lang='grc' dir='ltr'><strong><em>ἀναιδείᾳ</em></strong></span> <span class='ocrx_word' id='word_1_40' title='bbox 742 479 880 536; x_wconf 81' lang='grc' dir='ltr'><strong><em>πολλῇ</em></strong></span> <span class='ocrx_word' id='word_1_41' title='bbox 910 478 1208 535; x_wconf 79' lang='grc' dir='ltr'><strong><em>ζεζοφωμὲνον</em></strong></span> <span class='ocrx_word' id='word_1_42' title='bbox 1240 475 1287 521; x_wconf 86' lang='grc' dir='ltr'><strong><em>τό</em></strong></span> <span class='ocrx_word' id='word_1_43' title='bbox 1329 476 1606 534; x_wconf 76' lang='grc' dir='ltr'><strong><em>μιαρώτατον</em></strong></span> <span class='ocrx_word' id='word_1_44' title='bbox 1635 477 1773 520; x_wconf 76' lang='grc' dir='ltr'><strong><em>αὐτοῦ</em></strong></span> <span class='ocrx_word' id='word_1_45' title='bbox 1784 483 1809 526; x_wconf 90' lang='grc'><em>5</em></span> 
     </span>
     <span class='ocr_line' id='line_1_7' title="bbox 269 543 1772 602; baseline 0 -14"><span class='ocrx_word' id='word_1_46' title='bbox 269 544 499 602; x_wconf 86' lang='grc' dir='ltr'><strong><em>πρόσωπον</em></strong></span> <span class='ocrx_word' id='word_1_47' title='bbox 524 545 606 599; x_wconf 85' lang='grc' dir='ltr'><strong><em>ἀεί,</em></strong></span> <span class='ocrx_word' id='word_1_48' title='bbox 633 543 730 588; x_wconf 77' lang='grc' dir='ltr'><strong><em>τότε</em></strong></span> <span class='ocrx_word' id='word_1_49' title='bbox 761 543 968 602; x_wconf 80' lang='grc' dir='ltr'><strong><em>ἀπρόϊτον</em></strong></span> <span class='ocrx_word' id='word_1_50' title='bbox 993 546 1200 601; x_wconf 77' lang='grc' dir='ltr'><strong><em>γενέσθαι</em></strong></span> <span class='ocrx_word' id='word_1_51' title='bbox 1228 547 1303 589; x_wconf 85' lang='grc' dir='ltr'><strong><em>ε’πί</em></strong></span> <span class='ocrx_word' id='word_1_52' title='bbox 1327 545 1494 602; x_wconf 74' lang='grc' dir='ltr'><strong><em>ἡμέρας</em></strong></span> <span class='ocrx_word' id='word_1_53' title='bbox 1523 544 1555 599; x_wconf 83' lang='grc' dir='ltr'><strong>ζ’</strong></span> <span class='ocrx_word' id='word_1_54' title='bbox 1586 547 1663 590; x_wconf 78' lang='grc' dir='ltr'><strong><em>τοῦ</em></strong></span> <span class='ocrx_word' id='word_1_55' title='bbox 1690 549 1772 600; x_wconf 89' lang='grc' dir='ltr'><strong>βα-</strong></span> 
     </span>
     <span class='ocr_line' id='line_1_8' title="bbox 129 612 1774 671; baseline -0.001 -13"><span class='ocrx_word' id='word_1_56' title='bbox 129 623 173 657; x_wconf 90' lang='lat' dir='ltr'><strong>V.</strong></span> <span class='ocrx_word' id='word_1_57' title='bbox 188 623 256 658; x_wconf 77' lang='lat'><strong>323</strong></span> <span class='ocrx_word' id='word_1_58' title='bbox 270 615 442 657; x_wconf 78' lang='grc' dir='ltr'><strong><em>σιλικοῦ</em></strong></span> <span class='ocrx_word' id='word_1_59' title='bbox 469 615 668 664; x_wconf 76' lang='grc' dir='ltr'><strong><em>κοιτῶνος</em></strong></span> <span class='ocrx_word' id='word_1_60' title='bbox 696 615 850 665; x_wconf 82' lang='grc' dir='ltr'><strong><em>δολίως</em></strong></span> <span class='ocrx_word' id='word_1_61' title='bbox 877 612 1321 671; x_wconf 75' lang='grc' dir='ltr'><strong><em>κλαυθμυριζόμενος,</em></strong></span> <span class='ocrx_word' id='word_1_62' title='bbox 1350 612 1447 658; x_wconf 82' lang='grc' dir='ltr'><strong><em>ε’πεί</em></strong></span> <span class='ocrx_word' id='word_1_63' title='bbox 1473 616 1550 658; x_wconf 80' lang='grc' dir='ltr'><em>καί</em></span> <span class='ocrx_word' id='word_1_64' title='bbox 1577 615 1774 671; x_wconf 78' lang='grc' dir='ltr'><strong><em>φυσικῶς</em></strong></span> 
     </span>
     <span class='ocr_line' id='line_1_9' title="bbox 230 677 1772 740; baseline -0.001 -16"><span class='ocrx_word' id='word_1_65' title='bbox 230 677 394 740; x_wconf 55' lang='lat' dir='ltr'><strong>Caninii</strong></span> <span class='ocrx_word' id='word_1_66' title='bbox 420 679 664 739; x_wconf 78' lang='grc' dir='ltr'><strong><em>γυναικώδη</em></strong></span> <span class='ocrx_word' id='word_1_67' title='bbox 694 683 921 738; x_wconf 79' lang='grc' dir='ltr'><strong><em>προσῆσαν</em></strong></span> <span class='ocrx_word' id='word_1_68' title='bbox 941 682 1122 739; x_wconf 84' lang='grc' dir='ltr'><strong><em>δάκρυα,</em></strong></span> <span class='ocrx_word' id='word_1_69' title='bbox 1152 680 1183 725; x_wconf 67' lang='grc' dir='ltr'><strong>οἳ</strong></span> <span class='ocrx_word' id='word_1_70' title='bbox 1216 688 1303 733; x_wconf 82' lang='grc' dir='ltr'><strong><em>τοῖς</em></strong></span> <span class='ocrx_word' id='word_1_71' title='bbox 1330 686 1502 733; x_wconf 83' lang='grc' dir='ltr'><strong><em>πολλοῖς</em></strong></span> <span class='ocrx_word' id='word_1_72' title='bbox 1535 684 1622 726; x_wconf 81' lang='grc' dir='ltr'><strong>τῶν</strong></span> <span class='ocrx_word' id='word_1_73' title='bbox 1651 682 1772 740; x_wconf 78' lang='grc' dir='ltr'><strong><em>φαύ-</em></strong></span> 
     </span>
     <span class='ocr_line' id='line_1_10' title="bbox 269 746 1773 809; baseline -0.001 -15"><span class='ocrx_word' id='word_1_74' title='bbox 269 755 356 794; x_wconf 85' lang='grc' dir='ltr'><strong>λων</strong></span> <span class='ocrx_word' id='word_1_75' title='bbox 384 752 717 806; x_wconf 80' lang='grc' dir='ltr'><strong><em>ψευδοχρίστοις</em></strong></span> <span class='ocrx_word' id='word_1_76' title='bbox 744 757 970 807; x_wconf 82' lang='grc' dir='ltr'><strong><em>προσεῖναι</em></strong></span> <span class='ocrx_word' id='word_1_77' title='bbox 999 753 1208 809; x_wconf 81' lang='grc' dir='ltr'><strong><em>πέφυκεν.</em></strong></span> <span class='ocrx_word' id='word_1_78' title='bbox 1252 752 1348 795; x_wconf 81' lang='grc' dir='ltr'><strong><em>ἀλλ’</em></strong></span> <span class='ocrx_word' id='word_1_79' title='bbox 1377 746 1456 794; x_wconf 69' lang='grc' dir='ltr'><strong>οὔκ</strong></span> <span class='ocrx_word' id='word_1_80' title='bbox 1483 748 1641 794; x_wconf 79' lang='grc' dir='ltr'><strong><em>ἔλαθεν</em></strong></span> <span class='ocrx_word' id='word_1_81' title='bbox 1670 749 1773 800; x_wconf 83' lang='grc' dir='ltr'><strong><em>τούς</em></strong></span> 
     </span>
     <span class='ocr_line' id='line_1_11' title="bbox 267 816 1820 879; baseline 0.002 -18"><span class='ocrx_word' id='word_1_82' title='bbox 267 816 468 869; x_wconf 79' lang='grc' dir='ltr'><strong><em>πολλούς.</em></strong></span> <span class='ocrx_word' id='word_1_83' title='bbox 526 821 586 877; x_wconf 80' lang='grc' dir='ltr'><strong><em>τῷ</em></strong></span> <span class='ocrx_word' id='word_1_84' title='bbox 617 820 665 861; x_wconf 78' lang='grc' dir='ltr'><strong><em>δὲ</em></strong></span> <span class='ocrx_word' id='word_1_85' title='bbox 678 818 922 879; x_wconf 78' lang='grc' dir='ltr'><strong><em>Αιῖγοὺστῳ</em></strong></span> <span class='ocrx_word' id='word_1_86' title='bbox 949 821 1056 877; x_wconf 80' lang='grc' dir='ltr'><strong><em>μηνί</em></strong></span> <span class='ocrx_word' id='word_1_87' title='bbox 1082 818 1272 873; x_wconf 75' lang='grc' dir='ltr'><strong><em>ἐξελθών</em></strong></span> <span class='ocrx_word' id='word_1_88' title='bbox 1300 818 1410 864; x_wconf 76' lang='grc' dir='ltr'><strong><em>κατὰ</em></strong></span> <span class='ocrx_word' id='word_1_89' title='bbox 1438 819 1638 876; x_wconf 80' lang='grc' dir='ltr'><strong><em>Ἀράβων</em></strong></span> <span class='ocrx_word' id='word_1_90' title='bbox 1666 835 1770 863; x_wconf 86' lang='grc' dir='ltr'><strong><em>συν-</em></strong></span> <span class='ocrx_word' id='word_1_91' title='bbox 1790 839 1820 866; x_wconf 75' lang='grc' dir='ltr'><strong><em>ιι</em></strong></span> 
     </span>
     <span class='ocr_line' id='line_1_12' title="bbox 267 883 1772 945; baseline 0.001 -17"><span class='ocrx_word' id='word_1_92' title='bbox 267 885 448 943; x_wconf 89' lang='grc' dir='ltr'><strong><em>η’ντησεν</em></strong></span> <span class='ocrx_word' id='word_1_93' title='bbox 477 886 624 937; x_wconf 76' lang='grc' dir='ltr'><strong><em>αὐτοῖς</em></strong></span> <span class='ocrx_word' id='word_1_94' title='bbox 657 889 720 937; x_wconf 88' lang='grc' dir='ltr'><strong>εἰς</strong></span> <span class='ocrx_word' id='word_1_95' title='bbox 750 887 935 944; x_wconf 86' lang='grc' dir='ltr'><strong><em>Κρασὸν</em></strong></span> <span class='ocrx_word' id='word_1_96' title='bbox 963 889 1038 945; x_wconf 82' lang='grc' dir='ltr'><strong>τῆς</strong></span> <span class='ocrx_word' id='word_1_97' title='bbox 1070 888 1282 945; x_wconf 78' lang='grc' dir='ltr'><strong><em>Φρυγίας,</em></strong></span> <span class='ocrx_word' id='word_1_98' title='bbox 1313 889 1391 931; x_wconf 81' lang='grc' dir='ltr'>καί</span> <span class='ocrx_word' id='word_1_99' title='bbox 1417 885 1666 944; x_wconf 75' lang='grc' dir='ltr'><strong><em>πολεμήσας</em></strong></span> <span class='ocrx_word' id='word_1_100' title='bbox 1696 883 1772 942; x_wconf 78' lang='grc' dir='ltr'><strong><em>ἧτ-</em></strong></span> 
     </span>
     <span class='ocr_line' id='line_1_13' title="bbox 267 955 1773 1015; baseline 0 -17"><span class='ocrx_word' id='word_1_101' title='bbox 267 957 417 998; x_wconf 65' lang='lat' dir='ltr'><strong>ultae·</strong></span> <span class='ocrx_word' id='word_1_102' title='bbox 446 955 521 998; x_wconf 82' lang='grc' dir='ltr'><em>καί</em></span> <span class='ocrx_word' id='word_1_103' title='bbox 549 955 732 1007; x_wconf 79' lang='grc' dir='ltr'><strong><em>πολλοὺς</em></strong></span> <span class='ocrx_word' id='word_1_104' title='bbox 761 955 996 1011; x_wconf 80' lang='grc' dir='ltr'><strong><em>ἀποβαλών</em></strong></span> <span class='ocrx_word' id='word_1_105' title='bbox 1023 958 1186 1015; x_wconf 81' lang='grc' dir='ltr'><strong><em>μικροῦ</em></strong></span> <span class='ocrx_word' id='word_1_106' title='bbox 1223 958 1314 1000; x_wconf 84' lang='grc' dir='ltr'><strong><em>δεῖν</em></strong></span> <span class='ocrx_word' id='word_1_107' title='bbox 1342 955 1416 999; x_wconf 84' lang='grc' dir='ltr'>καί</span> <span class='ocrx_word' id='word_1_108' title='bbox 1444 955 1574 1006; x_wconf 73' lang='grc' dir='ltr'><strong><em>αύτὸς</em></strong></span> <span class='ocrx_word' id='word_1_109' title='bbox 1603 959 1773 1012; x_wconf 83' lang='grc' dir='ltr'><strong><em>κρατεῖ-</em></strong></span> 
     </span>
     <span class='ocr_line' id='line_1_14' title="bbox 268 1018 1772 1083; baseline 0 -17"><span class='ocrx_word' id='word_1_110' title='bbox 268 1027 374 1066; x_wconf 76' lang='grc' dir='ltr'><strong><em>σθαι</em></strong></span> <span class='ocrx_word' id='word_1_111' title='bbox 402 1018 595 1080; x_wconf 69' lang='grc' dir='ltr'><strong><em>ἤμελλεν,</em></strong></span> <span class='ocrx_word' id='word_1_112' title='bbox 623 1025 664 1067; x_wconf 87' lang='grc' dir='ltr'><strong><em>εἰ</em></strong></span> <span class='ocrx_word' id='word_1_113' title='bbox 685 1022 747 1080; x_wconf 78' lang='grc' dir='ltr'><strong><em>μὴ</em></strong></span> <span class='ocrx_word' id='word_1_114' title='bbox 786 1027 871 1068; x_wconf 75' lang='grc' dir='ltr'><strong>τῶν</strong></span> <span class='ocrx_word' id='word_1_115' title='bbox 903 1018 1129 1080; x_wconf 83' lang='grc' dir='ltr'><strong><em>ἀρχόντων</em></strong></span> <span class='ocrx_word' id='word_1_116' title='bbox 1165 1026 1278 1076; x_wconf 81' lang='grc' dir='ltr'><strong><em>τινὲς</em></strong></span> <span class='ocrx_word' id='word_1_117' title='bbox 1299 1022 1595 1083; x_wconf 76' lang='grc' dir='ltr'><strong><em>ἀνδρειότατοι</em></strong></span> <span class='ocrx_word' id='word_1_118' title='bbox 1623 1025 1772 1068; x_wconf 83' lang='grc' dir='ltr'><strong><em>τοῦτον</em></strong></span> 
     </span>
     <span class='ocr_line' id='line_1_15' title="bbox 267 1089 1306 1150; baseline 0.002 -16"><span class='ocrx_word' id='word_1_119' title='bbox 267 1089 394 1147; x_wconf 82' lang='grc' dir='ltr'><strong><em>μόλις</em></strong></span> <span class='ocrx_word' id='word_1_120' title='bbox 422 1094 497 1148; x_wconf 80' lang='grc' dir='ltr'><strong><em>τῆς</em></strong></span> <span class='ocrx_word' id='word_1_121' title='bbox 525 1090 713 1150; x_wconf 79' lang='grc' dir='ltr'><strong><em>ἀνάγκης</em></strong></span> <span class='ocrx_word' id='word_1_122' title='bbox 741 1090 1073 1150; x_wconf 81' lang='grc' dir='ltr'><strong><em>περισώσασθαι</em></strong></span> <span class='ocrx_word' id='word_1_123' title='bbox 1101 1093 1306 1150; x_wconf 83' lang='grc' dir='ltr'><strong><em>ἴσχυσαν.</em></strong></span> 
     </span>
     <span class='ocr_line' id='line_1_16' title="bbox 55 1158 1820 1220; baseline 0.003 -19"><span class='ocrx_word' id='word_1_124' title='bbox 55 1167 255 1214; x_wconf 82' lang='lat' dir='ltr'><strong>A.M.6297</strong></span> <span class='ocrx_word' id='word_1_125' title='bbox 389 1158 532 1220; x_wconf 79' lang='grc' dir='ltr'><strong><em>Τούτῳ</em></strong></span> <span class='ocrx_word' id='word_1_126' title='bbox 562 1162 618 1220; x_wconf 83' lang='grc' dir='ltr'><strong><em>τῷ</em></strong></span> <span class='ocrx_word' id='word_1_127' title='bbox 659 1159 742 1204; x_wconf 82' lang='grc' dir='ltr'><strong><em>ἔτει</em></strong></span> <span class='ocrx_word' id='word_1_128' title='bbox 781 1160 972 1212; x_wconf 81' lang='grc' dir='ltr'><strong><em>στάσεως</em></strong></span> <span class='ocrx_word' id='word_1_129' title='bbox 1013 1164 1240 1219; x_wconf 83' lang='grc' dir='ltr'><strong><em>γενομένης</em></strong></span> <span class='ocrx_word' id='word_1_130' title='bbox 1277 1160 1384 1206; x_wconf 79' lang='grc' dir='ltr'><strong><em>κατὰ</em></strong></span> <span class='ocrx_word' id='word_1_131' title='bbox 1426 1158 1504 1218; x_wconf 84' lang='grc' dir='ltr'><strong>τὴν</strong></span> <span class='ocrx_word' id='word_1_132' title='bbox 1532 1163 1820 1219; x_wconf 77' lang='grc' dir='ltr'><strong><em>Περσικήν,ιέ</em></strong></span> 
     </span>
     <span class='ocr_line' id='line_1_17' title="bbox 223 1227 1773 1288; baseline -0.001 -16"><span class='ocrx_word' id='word_1_133' title='bbox 223 1231 482 1286; x_wconf 77' lang='grc' dir='ltr'><strong><em>Βκατῆλθεν</em></strong></span> <span class='ocrx_word' id='word_1_134' title='bbox 510 1227 533 1272; x_wconf 81' lang='grc' dir='ltr'><em>ὃ</em></span> <span class='ocrx_word' id='word_1_135' title='bbox 566 1231 652 1272; x_wconf 76' lang='grc' dir='ltr'><strong>τῶν</strong></span> <span class='ocrx_word' id='word_1_136' title='bbox 676 1227 877 1287; x_wconf 81' lang='grc' dir='ltr'><strong><em>Ἀράβων</em></strong></span> <span class='ocrx_word' id='word_1_137' title='bbox 905 1230 1098 1288; x_wconf 81' lang='grc' dir='ltr'><strong><em>ἀρχηγὸς</em></strong></span> <span class='ocrx_word' id='word_1_138' title='bbox 1125 1228 1463 1288; x_wconf 79' lang='grc' dir='ltr'><strong><em>εἶρηνοποιήσων</em></strong></span> <span class='ocrx_word' id='word_1_139' title='bbox 1491 1227 1662 1281; x_wconf 75' lang='grc' dir='ltr'><strong><em>αὐτούς.</em></strong></span> <span class='ocrx_word' id='word_1_140' title='bbox 1690 1233 1773 1275; x_wconf 84' lang='grc' dir='ltr'><strong><em>Νι-</em></strong></span> 
     </span>
     <span class='ocr_line' id='line_1_18' title="bbox 266 1293 1773 1356; baseline 0.001 -16"><span class='ocrx_word' id='word_1_141' title='bbox 266 1296 458 1356; x_wconf 85' lang='grc' dir='ltr'><strong><em>κηφόρος</em></strong></span> <span class='ocrx_word' id='word_1_142' title='bbox 487 1299 535 1342; x_wconf 86' lang='grc' dir='ltr'><strong><em>δὲ</em></strong></span> <span class='ocrx_word' id='word_1_143' title='bbox 564 1293 715 1341; x_wconf 74' lang='grc' dir='ltr'><strong><em>ἄδειαν</em></strong></span> <span class='ocrx_word' id='word_1_144' title='bbox 742 1297 895 1356; x_wconf 76' lang='grc' dir='ltr'><strong><em>εὑρών,</em></strong></span> <span class='ocrx_word' id='word_1_145' title='bbox 927 1299 1092 1344; x_wconf 80' lang='grc' dir='ltr'><strong><em>ἔκτισεν</em></strong></span> <span class='ocrx_word' id='word_1_146' title='bbox 1121 1298 1198 1356; x_wconf 77' lang='grc' dir='ltr'><strong>την</strong></span> <span class='ocrx_word' id='word_1_147' title='bbox 1218 1294 1440 1355; x_wconf 75' lang='grc' dir='ltr'><strong><em>’Ἄγκυραν</em></strong></span> <span class='ocrx_word' id='word_1_148' title='bbox 1461 1300 1535 1356; x_wconf 70' lang='grc' dir='ltr'><strong>τῆς</strong></span> <span class='ocrx_word' id='word_1_149' title='bbox 1550 1299 1773 1348; x_wconf 84' lang='grc' dir='ltr'><strong><em>Γαλατίας</em></strong></span> 
     </span>
     <span class='ocr_line' id='line_1_19' title="bbox 263 1363 1774 1425; baseline 0 -16"><span class='ocrx_word' id='word_1_150' title='bbox 263 1368 342 1409; x_wconf 85' lang='grc' dir='ltr'><em>καί</em></span> <span class='ocrx_word' id='word_1_151' title='bbox 369 1364 449 1423; x_wconf 76' lang='grc' dir='ltr'><strong>τὴν</strong></span> <span class='ocrx_word' id='word_1_152' title='bbox 481 1363 692 1422; x_wconf 77' lang='grc' dir='ltr'><strong><em>Θήβασαν</em></strong></span> <span class='ocrx_word' id='word_1_153' title='bbox 731 1365 807 1409; x_wconf 81' lang='grc' dir='ltr'><em>καί</em></span> <span class='ocrx_word' id='word_1_154' title='bbox 842 1366 923 1425; x_wconf 64' lang='grc' dir='ltr'><strong>τὴν</strong></span> <span class='ocrx_word' id='word_1_155' title='bbox 949 1365 1198 1423; x_wconf 86' lang='grc' dir='ltr'><strong><em>Ἀνδρασόν.</em></strong></span> <span class='ocrx_word' id='word_1_156' title='bbox 1265 1367 1517 1411; x_wconf 81' lang='grc' dir='ltr'><strong><em>ἀπέστειλεν</em></strong></span> <span class='ocrx_word' id='word_1_157' title='bbox 1545 1367 1594 1409; x_wconf 77' lang='grc' dir='ltr'><strong><em>δὲ</em></strong></span> <span class='ocrx_word' id='word_1_158' title='bbox 1623 1365 1700 1409; x_wconf 81' lang='grc' dir='ltr'><em>καί</em></span> <span class='ocrx_word' id='word_1_159' title='bbox 1727 1367 1774 1409; x_wconf 80' lang='grc' dir='ltr'><strong>ἐν</strong></span> 
     </span>
     <span class='ocr_line' id='line_1_20' title="bbox 264 1432 1773 1495; baseline -0.001 -17"><span class='ocrx_word' id='word_1_160' title='bbox 264 1436 403 1495; x_wconf 71' lang='grc' dir='ltr'><strong><em>Συρία</em></strong></span> <span class='ocrx_word' id='word_1_161' title='bbox 431 1436 628 1491; x_wconf 81' lang='grc' dir='ltr'><strong><em>κοῦρσον,</em></strong></span> <span class='ocrx_word' id='word_1_162' title='bbox 657 1435 734 1477; x_wconf 82' lang='grc' dir='ltr'><em>καί</em></span> <span class='ocrx_word' id='word_1_163' title='bbox 758 1436 896 1492; x_wconf 85' lang='grc' dir='ltr'><strong><em>μηδὲν</em></strong></span> <span class='ocrx_word' id='word_1_164' title='bbox 923 1432 1089 1479; x_wconf 75' lang='grc' dir='ltr'><strong><em>ἀνύσαν</em></strong></span> <span class='ocrx_word' id='word_1_165' title='bbox 1124 1433 1414 1493; x_wconf 70' lang='grc' dir='ltr'><strong><em>ὑπέστρεψεν,</em></strong></span> <span class='ocrx_word' id='word_1_166' title='bbox 1442 1434 1693 1479; x_wconf 71' lang='grc' dir='ltr'><strong><em>τούναντίον</em></strong></span> <span class='ocrx_word' id='word_1_167' title='bbox 1723 1436 1773 1478; x_wconf 81' lang='grc' dir='ltr'><strong><em>δὲ</em></strong></span> 
     </span>
    </p>
   </div>
   <div class='ocr_carea' id='block_1_3' title="bbox 263 1500 1820 1743">
    <p class='ocr_par' dir='ltr' id='par_1_3' title="bbox 263 1500 1820 1743">
     <span class='ocr_line' id='line_1_21' title="bbox 263 1500 1820 1560; baseline 0.002 -13"><span class='ocrx_word' id='word_1_168' title='bbox 263 1503 429 1558; x_wconf 75' lang='grc' dir='ltr'><strong><em>μᾶλλον</em></strong></span> <span class='ocrx_word' id='word_1_169' title='bbox 458 1504 536 1546; x_wconf 84' lang='grc' dir='ltr'><em>καί</em></span> <span class='ocrx_word' id='word_1_170' title='bbox 560 1500 747 1556; x_wconf 75' lang='grc' dir='ltr'><strong><em>πολλοὺς</em></strong></span> <span class='ocrx_word' id='word_1_171' title='bbox 785 1503 1022 1560; x_wconf 83' lang='grc' dir='ltr'><strong><em>ἀποβαλόν.</em></strong></span> <span class='ocrx_word' id='word_1_172' title='bbox 1782 1523 1820 1550; x_wconf 84' lang='lat'><strong>2(</strong></span> 
     </span>
     <span class='ocr_line' id='line_1_22' title="bbox 369 1591 1768 1646; baseline 0.001 -16"><span class='ocrx_word' id='word_1_173' title='bbox 369 1608 398 1630; x_wconf 84' lang='lat' dir='ltr'><strong>i.</strong></span> <span class='ocrx_word' id='word_1_174' title='bbox 425 1593 527 1644; x_wconf 73' lang='grc' dir='ltr'><strong><em>αὐτῷ</em></strong></span> <span class='ocrx_word' id='word_1_175' title='bbox 553 1595 596 1639; x_wconf 85' lang='grc' dir='ltr'><strong>Α,</strong></span> <span class='ocrx_word' id='word_1_176' title='bbox 627 1591 719 1634; x_wconf 81' lang='grc' dir='ltr'><strong><em>αὖτὸ</em></strong></span> <span class='ocrx_word' id='word_1_177' title='bbox 746 1598 843 1643; x_wconf 86' lang='lat' dir='ltr'><strong>vulg.</strong></span> <span class='ocrx_word' id='word_1_178' title='bbox 963 1598 998 1642; x_wconf 75' lang='grc'><strong>4.</strong></span> <span class='ocrx_word' id='word_1_179' title='bbox 1027 1595 1190 1646; x_wconf 78' lang='grc' dir='ltr'><strong><em>ἀκριβῶς</em></strong></span> <span class='ocrx_word' id='word_1_180' title='bbox 1213 1597 1297 1632; x_wconf 84' lang='lat' dir='ltr'><strong>add.</strong></span> <span class='ocrx_word' id='word_1_181' title='bbox 1333 1609 1378 1632; x_wconf 86' lang='lat' dir='ltr'><strong>ex</strong></span> <span class='ocrx_word' id='word_1_182' title='bbox 1405 1597 1447 1632; x_wconf 85' lang='lat' dir='ltr'><strong>A.</strong></span> <span class='ocrx_word' id='word_1_183' title='bbox 1570 1599 1604 1633; x_wconf 87' lang='grc'><strong>8.</strong></span> <span class='ocrx_word' id='word_1_184' title='bbox 1630 1609 1768 1645; x_wconf 83' lang='grc' dir='ltr'><strong><em>γυναι-</em></strong></span> 
     </span>
     <span class='ocr_line' id='line_1_23' title="bbox 361 1642 1767 1693; baseline -0.001 -13"><span class='ocrx_word' id='word_1_185' title='bbox 361 1646 560 1684; x_wconf 80' lang='grc' dir='ltr'><strong><em>κωνιτίδος</em></strong></span> <span class='ocrx_word' id='word_1_186' title='bbox 586 1647 633 1684; x_wconf 84' lang='lat' dir='ltr'><strong>A,</strong></span> <span class='ocrx_word' id='word_1_187' title='bbox 657 1645 891 1693; x_wconf 82' lang='grc' dir='ltr'><strong><em>γυναικώδει</em></strong></span> <span class='ocrx_word' id='word_1_188' title='bbox 916 1647 1017 1692; x_wconf 88' lang='lat' dir='ltr'><strong>vulg.</strong></span> <span class='ocrx_word' id='word_1_189' title='bbox 1166 1658 1219 1681; x_wconf 89' lang='grc' dir='ltr'><strong><em>ιο.</em></strong></span> <span class='ocrx_word' id='word_1_190' title='bbox 1245 1643 1407 1688; x_wconf 72' lang='grc' dir='ltr'><strong><em>ἐξελθών</em></strong></span> <span class='ocrx_word' id='word_1_191' title='bbox 1431 1647 1482 1688; x_wconf 82' lang='grc' dir='ltr'><strong>Α,</strong></span> <span class='ocrx_word' id='word_1_192' title='bbox 1522 1642 1645 1683; x_wconf 67' lang='grc' dir='ltr'><strong><em>ἐλθών</em></strong></span> <span class='ocrx_word' id='word_1_193' title='bbox 1668 1647 1767 1691; x_wconf 84' lang='lat' dir='ltr'><strong>vulg.</strong></span> 
     </span>
     <span class='ocr_line' id='line_1_24' title="bbox 371 1690 1767 1743; baseline 0.004 -17"><span class='ocrx_word' id='word_1_194' title='bbox 371 1705 422 1727; x_wconf 70' lang='grc' dir='ltr'><strong>ια.</strong></span> <span class='ocrx_word' id='word_1_195' title='bbox 449 1690 657 1740; x_wconf 70' lang='grc' dir='ltr'><strong><em>ἀποβαλών</em></strong></span> <span class='ocrx_word' id='word_1_196' title='bbox 680 1695 723 1736; x_wconf 90' lang='lat' dir='ltr'><strong>A,</strong></span> <span class='ocrx_word' id='word_1_197' title='bbox 750 1694 977 1741; x_wconf 75' lang='grc' dir='ltr'><strong><em>ἀποβάλλων</em></strong></span> <span class='ocrx_word' id='word_1_198' title='bbox 997 1695 1094 1741; x_wconf 86' lang='lat' dir='ltr'><strong>vulg.</strong></span> <span class='ocrx_word' id='word_1_199' title='bbox 1198 1706 1252 1740; x_wconf 87' lang='lat'><strong>¹9·</strong></span> <span class='ocrx_word' id='word_1_200' title='bbox 1279 1694 1432 1733; x_wconf 79' lang='grc' dir='ltr'><strong><em>ἄνύσαν</em></strong></span> <span class='ocrx_word' id='word_1_201' title='bbox 1459 1693 1698 1743; x_wconf 77' lang='grc' dir='ltr'><strong><em>ὑπέστρεψεν</em></strong></span> <span class='ocrx_word' id='word_1_202' title='bbox 1721 1715 1767 1722; x_wconf 89' lang='lat'><strong>-—</strong></span> 
     </span>
    </p>
   </div>
   <div class='ocr_carea' id='block_1_4' title="bbox 365 1740 1670 1792">
    <p class='ocr_par' dir='ltr' id='par_1_4' title="bbox 365 1740 1670 1792">
     <span class='ocr_line' id='line_1_25' title="bbox 365 1740 1670 1792; baseline 0 -15"><span class='ocrx_word' id='word_1_203' title='bbox 365 1740 562 1789; x_wconf 78' lang='grc' dir='ltr'><strong><em>ἀποβαλὸν</em></strong></span> <span class='ocrx_word' id='word_1_204' title='bbox 588 1745 643 1787; x_wconf 83' lang='grc' dir='ltr'><strong>Α,</strong></span> <span class='ocrx_word' id='word_1_205' title='bbox 673 1741 888 1784; x_wconf 77' lang='grc' dir='ltr'><strong><em>ἀνύσαντες</em></strong></span> <span class='ocrx_word' id='word_1_206' title='bbox 914 1743 1165 1792; x_wconf 82' lang='grc' dir='ltr'><strong><em>ὑπέστρεψαν</em></strong></span> <span class='ocrx_word' id='word_1_207' title='bbox 1191 1765 1239 1771; x_wconf 93' lang='grc'>-</span> <span class='ocrx_word' id='word_1_208' title='bbox 1265 1744 1543 1792; x_wconf 75' lang='grc' dir='ltr'><strong><em>ἀποβάλλοντες</em></strong></span> <span class='ocrx_word' id='word_1_209' title='bbox 1570 1743 1670 1790; x_wconf 80' lang='lat' dir='ltr'><strong>vulg.</strong></span> 
     </span>
    </p>
   </div>
   <div class='ocr_carea' id='block_1_5' title="bbox 77 1838 1770 2813">
    <p class='ocr_par' dir='ltr' id='par_1_5' title="bbox 264 1838 1770 2567">
     <span class='ocr_line' id='line_1_26' title="bbox 267 1838 1770 1886; baseline 0.001 -16"><span class='ocrx_word' id='word_1_210' title='bbox 267 1848 394 1871; x_wconf 84' lang='lat' dir='ltr'><strong>omnes</strong></span> <span class='ocrx_word' id='word_1_211' title='bbox 421 1838 632 1882; x_wconf 84' lang='lat' dir='ltr'><strong>Lycaonum</strong></span> <span class='ocrx_word' id='word_1_212' title='bbox 666 1838 878 1885; x_wconf 80' lang='lat' dir='ltr'><strong>optimates,</strong></span> <span class='ocrx_word' id='word_1_213' title='bbox 902 1839 1010 1886; x_wconf 81' lang='lat' dir='ltr'><strong>quasi</strong></span> <span class='ocrx_word' id='word_1_214' title='bbox 1044 1838 1246 1873; x_wconf 90' lang='lat' dir='ltr'><strong>Bardanem</strong></span> <span class='ocrx_word' id='word_1_215' title='bbox 1273 1838 1462 1874; x_wconf 87' lang='lat' dir='ltr'><strong>vindicare</strong></span> <span class='ocrx_word' id='word_1_216' title='bbox 1487 1838 1677 1880; x_wconf 86' lang='lat' dir='ltr'><strong>voluisset,</strong></span> <span class='ocrx_word' id='word_1_217' title='bbox 1703 1849 1770 1884; x_wconf 90' lang='lat' dir='ltr'><strong>per</strong></span> 
     </span>
     <span class='ocr_line' id='line_1_27' title="bbox 266 1886 1768 1935; baseline 0.001 -17"><span class='ocrx_word' id='word_1_218' title='bbox 266 1886 474 1920; x_wconf 79' lang='lat' dir='ltr'><strong>iuramenta</strong></span> <span class='ocrx_word' id='word_1_219' title='bbox 499 1887 624 1934; x_wconf 87' lang='lat' dir='ltr'><strong>coepit</strong></span> <span class='ocrx_word' id='word_1_220' title='bbox 648 1887 852 1934; x_wconf 85' lang='lat' dir='ltr'><strong>inquirere.</strong></span> <span class='ocrx_word' id='word_1_221' title='bbox 903 1890 1026 1922; x_wconf 87' lang='lat' dir='ltr'><strong>inerat</strong></span> <span class='ocrx_word' id='word_1_222' title='bbox 1042 1889 1140 1922; x_wconf 88' lang='lat' dir='ltr'><strong>enim</strong></span> <span class='ocrx_word' id='word_1_223' title='bbox 1166 1888 1311 1923; x_wconf 89' lang='lat' dir='ltr'><strong>homini</strong></span> <span class='ocrx_word' id='word_1_224' title='bbox 1338 1893 1486 1935; x_wconf 84' lang='lat' dir='ltr'><strong>praeter</strong></span> <span class='ocrx_word' id='word_1_225' title='bbox 1515 1887 1589 1921; x_wconf 80' lang='lat' dir='ltr'><strong>alia</strong></span> <span class='ocrx_word' id='word_1_226' title='bbox 1613 1893 1768 1921; x_wconf 81' lang='lat' dir='ltr'><strong>naturae</strong></span> 
     </span>
     <span class='ocr_line' id='line_1_28' title="bbox 264 1935 1768 1984; baseline 0.001 -17"><span class='ocrx_word' id='word_1_227' title='bbox 264 1935 355 1968; x_wconf 87' lang='lat' dir='ltr'><strong>vitia</strong></span> <span class='ocrx_word' id='word_1_228' title='bbox 390 1935 509 1969; x_wconf 86' lang='lat' dir='ltr'><strong>facilis</strong></span> <span class='ocrx_word' id='word_1_229' title='bbox 551 1936 598 1971; x_wconf 84' lang='lat' dir='ltr'><strong>ad</strong></span> <span class='ocrx_word' id='word_1_230' title='bbox 636 1936 885 1971; x_wconf 83' lang='lat' dir='ltr'><strong>simulandum</strong></span> <span class='ocrx_word' id='word_1_231' title='bbox 920 1937 1137 1984; x_wconf 87' lang='lat' dir='ltr'><strong>propensio;</strong></span> <span class='ocrx_word' id='word_1_232' title='bbox 1183 1936 1254 1971; x_wconf 89' lang='lat' dir='ltr'><strong>hoc</strong></span> <span class='ocrx_word' id='word_1_233' title='bbox 1289 1937 1369 1971; x_wconf 90' lang='lat' dir='ltr'><strong>eius</strong></span> <span class='ocrx_word' id='word_1_234' title='bbox 1402 1937 1503 1983; x_wconf 84' lang='lat' dir='ltr'><strong>genii</strong></span> <span class='ocrx_word' id='word_1_235' title='bbox 1527 1937 1768 1983; x_wconf 83' lang='lat' dir='ltr'><strong>praecipuum</strong></span> 
     </span>
     <span class='ocr_line' id='line_1_29' title="bbox 265 1984 1770 2032; baseline 0.001 -16"><span class='ocrx_word' id='word_1_236' title='bbox 265 1994 416 2025; x_wconf 87' lang='lat' dir='ltr'><strong>munus,</strong></span> <span class='ocrx_word' id='word_1_237' title='bbox 441 1996 515 2031; x_wconf 92' lang='lat' dir='ltr'><strong>quo</strong></span> <span class='ocrx_word' id='word_1_238' title='bbox 542 1985 653 2019; x_wconf 88' lang='lat' dir='ltr'><strong>etiam</strong></span> <span class='ocrx_word' id='word_1_239' title='bbox 678 1990 764 2020; x_wconf 88' lang='lat' dir='ltr'><strong>ante</strong></span> <span class='ocrx_word' id='word_1_240' title='bbox 790 1993 1000 2032; x_wconf 87' lang='lat' dir='ltr'><strong>susceptum</strong></span> <span class='ocrx_word' id='word_1_241' title='bbox 1027 1986 1222 2032; x_wconf 87' lang='lat' dir='ltr'><strong>imperium</strong></span> <span class='ocrx_word' id='word_1_242' title='bbox 1246 1986 1424 2032; x_wconf 82' lang='lat' dir='ltr'><strong>plurimos</strong></span> <span class='ocrx_word' id='word_1_243' title='bbox 1454 1984 1623 2032; x_wconf 77' lang='lat' dir='ltr'><strong>decepit:</strong></span> <span class='ocrx_word' id='word_1_244' title='bbox 1651 1986 1770 2018; x_wconf 86' lang='lat' dir='ltr'><strong>simu-</strong></span> 
     </span>
     <span class='ocr_line' id='line_1_30' title="bbox 266 2030 1770 2081; baseline 0.002 -17"><span class='ocrx_word' id='word_1_245' title='bbox 266 2030 384 2065; x_wconf 79' lang='lat' dir='ltr'><strong>lutum</strong></span> <span class='ocrx_word' id='word_1_246' title='bbox 409 2038 533 2066; x_wconf 85' lang='lat' dir='ltr'><strong>tamen</strong></span> <span class='ocrx_word' id='word_1_247' title='bbox 561 2035 640 2068; x_wconf 89' lang='lat' dir='ltr'><strong>eius</strong></span> <span class='ocrx_word' id='word_1_248' title='bbox 666 2034 830 2068; x_wconf 88' lang='lat' dir='ltr'><strong>studium</strong></span> <span class='ocrx_word' id='word_1_249' title='bbox 858 2040 896 2069; x_wconf 85' lang='lat' dir='ltr'><strong>et</strong></span> <span class='ocrx_word' id='word_1_250' title='bbox 919 2036 1193 2069; x_wconf 82' lang='lat' dir='ltr'><strong>affectationem</strong></span> <span class='ocrx_word' id='word_1_251' title='bbox 1218 2034 1378 2081; x_wconf 80' lang='lat' dir='ltr'><strong>expertis</strong></span> <span class='ocrx_word' id='word_1_252' title='bbox 1397 2033 1602 2068; x_wconf 86' lang='lat' dir='ltr'><strong>deridiculo</strong></span> <span class='ocrx_word' id='word_1_253' title='bbox 1630 2034 1770 2074; x_wconf 82' lang='lat' dir='ltr'><strong>extitit,</strong></span> 
     </span>
     <span class='ocr_line' id='line_1_31' title="bbox 265 2080 1769 2129; baseline 0 -15"><span class='ocrx_word' id='word_1_254' title='bbox 265 2080 361 2114; x_wconf 77' lang='lat' dir='ltr'><strong>adeo</strong></span> <span class='ocrx_word' id='word_1_255' title='bbox 377 2085 418 2115; x_wconf 84' lang='lat' dir='ltr'><strong>ut</strong></span> <span class='ocrx_word' id='word_1_256' title='bbox 441 2081 583 2116; x_wconf 88' lang='lat' dir='ltr'><strong>vultum</strong></span> <span class='ocrx_word' id='word_1_257' title='bbox 611 2094 717 2118; x_wconf 88' lang='lat' dir='ltr'><strong>suum</strong></span> <span class='ocrx_word' id='word_1_258' title='bbox 740 2083 999 2127; x_wconf 82' lang='lat' dir='ltr'><strong>execrandum,</strong></span> <span class='ocrx_word' id='word_1_259' title='bbox 1025 2084 1203 2118; x_wconf 87' lang='lat' dir='ltr'><strong>continua</strong></span> <span class='ocrx_word' id='word_1_260' title='bbox 1228 2084 1316 2117; x_wconf 91' lang='lat' dir='ltr'><strong>licet</strong></span> <span class='ocrx_word' id='word_1_261' title='bbox 1332 2081 1566 2129; x_wconf 87' lang='lat' dir='ltr'><strong>impudentia</strong></span> <span class='ocrx_word' id='word_1_262' title='bbox 1592 2081 1769 2115; x_wconf 89' lang='lat' dir='ltr'><strong>obscura-</strong></span> 
     </span>
     <span class='ocr_line' id='line_1_32' title="bbox 268 2129 1769 2178; baseline 0 -15"><span class='ocrx_word' id='word_1_263' title='bbox 268 2135 360 2171; x_wconf 88' lang='lat' dir='ltr'><strong>tum,</strong></span> <span class='ocrx_word' id='word_1_264' title='bbox 386 2141 451 2176; x_wconf 87' lang='lat' dir='ltr'><strong>per</strong></span> <span class='ocrx_word' id='word_1_265' title='bbox 479 2129 558 2164; x_wconf 89' lang='lat' dir='ltr'><strong>dies</strong></span> <span class='ocrx_word' id='word_1_266' title='bbox 582 2136 723 2177; x_wconf 87' lang='lat' dir='ltr'><strong>septem</strong></span> <span class='ocrx_word' id='word_1_267' title='bbox 750 2132 988 2178; x_wconf 86' lang='lat' dir='ltr'><strong>imperatorio</strong></span> <span class='ocrx_word' id='word_1_268' title='bbox 1015 2132 1187 2167; x_wconf 91' lang='lat' dir='ltr'><strong>cubiculo</strong></span> <span class='ocrx_word' id='word_1_269' title='bbox 1213 2137 1332 2166; x_wconf 87' lang='lat' dir='ltr'><strong>tectus</strong></span> <span class='ocrx_word' id='word_1_270' title='bbox 1359 2137 1397 2165; x_wconf 90' lang='lat' dir='ltr'><strong>et</strong></span> <span class='ocrx_word' id='word_1_271' title='bbox 1426 2131 1568 2165; x_wconf 81' lang='lat' dir='ltr'><strong>eiulans</strong></span> <span class='ocrx_word' id='word_1_272' title='bbox 1594 2130 1769 2164; x_wconf 87' lang='lat' dir='ltr'><strong>reddide-</strong></span> 
     </span>
     <span class='ocr_line' id='line_1_33' title="bbox 270 2178 1768 2225; baseline 0.001 -14"><span class='ocrx_word' id='word_1_273' title='bbox 270 2178 320 2212; x_wconf 84' lang='lat' dir='ltr'><strong>rit</strong></span> <span class='ocrx_word' id='word_1_274' title='bbox 345 2189 388 2212; x_wconf 91' lang='lat' dir='ltr'><strong>eo</strong></span> <span class='ocrx_word' id='word_1_275' title='bbox 414 2183 580 2225; x_wconf 85' lang='lat' dir='ltr'><strong>tempore</strong></span> <span class='ocrx_word' id='word_1_276' title='bbox 597 2179 834 2214; x_wconf 87' lang='lat' dir='ltr'><strong>inaccessum.</strong></span> <span class='ocrx_word' id='word_1_277' title='bbox 885 2181 1039 2215; x_wconf 87' lang='lat' dir='ltr'><strong>aderant</strong></span> <span class='ocrx_word' id='word_1_278' title='bbox 1063 2181 1161 2215; x_wconf 89' lang='lat' dir='ltr'><strong>enim</strong></span> <span class='ocrx_word' id='word_1_279' title='bbox 1184 2180 1328 2216; x_wconf 87' lang='lat' dir='ltr'><strong>homini</strong></span> <span class='ocrx_word' id='word_1_280' title='bbox 1354 2180 1481 2214; x_wconf 81' lang='lat' dir='ltr'><strong>faciles</strong></span> <span class='ocrx_word' id='word_1_281' title='bbox 1507 2185 1546 2214; x_wconf 89' lang='lat' dir='ltr'><strong>et</strong></span> <span class='ocrx_word' id='word_1_282' title='bbox 1568 2179 1768 2214; x_wconf 81' lang='lat' dir='ltr'><strong>muliebres</strong></span> 
     </span>
     <span class='ocr_line' id='line_1_34' title="bbox 271 2227 1769 2277; baseline 0.001 -17"><span class='ocrx_word' id='word_1_283' title='bbox 271 2239 293 2260; x_wconf 86' lang='lat' dir='ltr'><strong>a</strong></span> <span class='ocrx_word' id='word_1_284' title='bbox 317 2232 448 2261; x_wconf 80' lang='lat' dir='ltr'><strong>natura</strong></span> <span class='ocrx_word' id='word_1_285' title='bbox 473 2239 669 2262; x_wconf 85' lang='lat' dir='ltr'><strong>concessae</strong></span> <span class='ocrx_word' id='word_1_286' title='bbox 695 2229 891 2271; x_wconf 83' lang='lat' dir='ltr'><strong>lacrimae,</strong></span> <span class='ocrx_word' id='word_1_287' title='bbox 932 2228 1034 2277; x_wconf 82' lang='lat' dir='ltr'><strong>quod</strong></span> <span class='ocrx_word' id='word_1_288' title='bbox 1058 2231 1185 2264; x_wconf 89' lang='lat' dir='ltr'><strong>multis</strong></span> <span class='ocrx_word' id='word_1_289' title='bbox 1214 2229 1336 2276; x_wconf 89' lang='lat' dir='ltr'><strong>pravis</strong></span> <span class='ocrx_word' id='word_1_290' title='bbox 1362 2227 1576 2263; x_wconf 84' lang='lat' dir='ltr'><strong>hominibus</strong></span> <span class='ocrx_word' id='word_1_291' title='bbox 1603 2228 1769 2262; x_wconf 81' lang='lat' dir='ltr'><strong>Christos</strong></span> 
     </span>
     <span class='ocr_line' id='line_1_35' title="bbox 272 2275 1768 2322; baseline 0 -13"><span class='ocrx_word' id='word_1_292' title='bbox 272 2281 309 2309; x_wconf 89' lang='lat' dir='ltr'><strong>et</strong></span> <span class='ocrx_word' id='word_1_293' title='bbox 333 2275 532 2322; x_wconf 85' lang='lat' dir='ltr'><strong>prophetas</strong></span> <span class='ocrx_word' id='word_1_294' title='bbox 564 2287 603 2311; x_wconf 85' lang='lat' dir='ltr'><strong>se</strong></span> <span class='ocrx_word' id='word_1_295' title='bbox 630 2276 723 2311; x_wconf 89' lang='lat' dir='ltr'><strong>salso</strong></span> <span class='ocrx_word' id='word_1_296' title='bbox 751 2278 1003 2313; x_wconf 85' lang='lat' dir='ltr'><strong>iactitantibus</strong></span> <span class='ocrx_word' id='word_1_297' title='bbox 1030 2279 1195 2313; x_wconf 84' lang='lat' dir='ltr'><strong>innatum</strong></span> <span class='ocrx_word' id='word_1_298' title='bbox 1222 2277 1416 2312; x_wconf 83' lang='lat' dir='ltr'><strong>videatur:</strong></span> <span class='ocrx_word' id='word_1_299' title='bbox 1445 2276 1485 2310; x_wconf 88' lang='lat' dir='ltr'><strong>id</strong></span> <span class='ocrx_word' id='word_1_300' title='bbox 1514 2283 1639 2312; x_wconf 84' lang='lat' dir='ltr'><strong>tamen</strong></span> <span class='ocrx_word' id='word_1_301' title='bbox 1665 2275 1768 2310; x_wconf 84' lang='lat' dir='ltr'><strong>haud</strong></span> 
     </span>
     <span class='ocr_line' id='line_1_36' title="bbox 269 2325 1768 2373; baseline 0.001 -15"><span class='ocrx_word' id='word_1_302' title='bbox 269 2325 396 2370; x_wconf 87' lang='lat' dir='ltr'><strong>plures</strong></span> <span class='ocrx_word' id='word_1_303' title='bbox 425 2325 547 2360; x_wconf 87' lang='lat' dir='ltr'><strong>latuit.</strong></span> <span class='ocrx_word' id='word_1_304' title='bbox 599 2330 782 2360; x_wconf 89' lang='lat' dir='ltr'><strong>caeterum</strong></span> <span class='ocrx_word' id='word_1_305' title='bbox 819 2338 946 2361; x_wconf 88' lang='lat' dir='ltr'><strong>mense</strong></span> <span class='ocrx_word' id='word_1_306' title='bbox 971 2329 1134 2372; x_wconf 85' lang='lat' dir='ltr'><strong>Augusto</strong></span> <span class='ocrx_word' id='word_1_307' title='bbox 1172 2326 1342 2360; x_wconf 81' lang='lat' dir='ltr'><strong>adversus</strong></span> <span class='ocrx_word' id='word_1_308' title='bbox 1371 2325 1510 2360; x_wconf 86' lang='lat' dir='ltr'><strong>Arabes</strong></span> <span class='ocrx_word' id='word_1_309' title='bbox 1535 2326 1768 2373; x_wconf 84' lang='lat' dir='ltr'><strong>profectione</strong></span> 
     </span>
     <span class='ocr_line' id='line_1_37' title="bbox 269 2373 1768 2420; baseline 0.001 -14"><span class='ocrx_word' id='word_1_310' title='bbox 269 2379 452 2419; x_wconf 83' lang='lat' dir='ltr'><strong>suscepta,</strong></span> <span class='ocrx_word' id='word_1_311' title='bbox 477 2373 526 2408; x_wconf 88' lang='lat' dir='ltr'><strong>ad</strong></span> <span class='ocrx_word' id='word_1_312' title='bbox 549 2373 699 2408; x_wconf 82' lang='lat' dir='ltr'><strong>erasum</strong></span> <span class='ocrx_word' id='word_1_313' title='bbox 723 2374 900 2420; x_wconf 83' lang='lat' dir='ltr'><strong>Phrygiae</strong></span> <span class='ocrx_word' id='word_1_314' title='bbox 918 2375 1063 2409; x_wconf 87' lang='lat' dir='ltr'><strong>obviam</strong></span> <span class='ocrx_word' id='word_1_315' title='bbox 1088 2376 1165 2409; x_wconf 90' lang='lat' dir='ltr'><strong>illis</strong></span> <span class='ocrx_word' id='word_1_316' title='bbox 1192 2376 1320 2416; x_wconf 86' lang='lat' dir='ltr'><strong>factus,</strong></span> <span class='ocrx_word' id='word_1_317' title='bbox 1351 2375 1552 2409; x_wconf 77' lang='lat' dir='ltr'><strong>certamine</strong></span> <span class='ocrx_word' id='word_1_318' title='bbox 1577 2375 1672 2408; x_wconf 82' lang='lat' dir='ltr'><strong>inito</strong></span> <span class='ocrx_word' id='word_1_319' title='bbox 1705 2386 1768 2407; x_wconf 83' lang='lat' dir='ltr'><strong>su-</strong></span> 
     </span>
     <span class='ocr_line' id='line_1_38' title="bbox 268 2422 1767 2470; baseline 0 -14"><span class='ocrx_word' id='word_1_320' title='bbox 268 2427 419 2467; x_wconf 86' lang='lat' dir='ltr'><strong>peratus</strong></span> <span class='ocrx_word' id='word_1_321' title='bbox 444 2428 510 2464; x_wconf 81' lang='lat' dir='ltr'><strong>est,</strong></span> <span class='ocrx_word' id='word_1_322' title='bbox 538 2423 785 2470; x_wconf 84' lang='lat' dir='ltr'><strong>pluribusque</strong></span> <span class='ocrx_word' id='word_1_323' title='bbox 800 2436 949 2458; x_wconf 87' lang='lat' dir='ltr'><strong>suorum</strong></span> <span class='ocrx_word' id='word_1_324' title='bbox 974 2425 1167 2470; x_wconf 86' lang='lat' dir='ltr'><strong>prostratis</strong></span> <span class='ocrx_word' id='word_1_325' title='bbox 1188 2435 1313 2469; x_wconf 87' lang='lat' dir='ltr'><strong>parum</strong></span> <span class='ocrx_word' id='word_1_326' title='bbox 1339 2422 1470 2464; x_wconf 83' lang='lat' dir='ltr'><strong>abfuit,</strong></span> <span class='ocrx_word' id='word_1_327' title='bbox 1500 2424 1589 2470; x_wconf 88' lang='lat' dir='ltr'><strong>quin</strong></span> <span class='ocrx_word' id='word_1_328' title='bbox 1606 2422 1767 2457; x_wconf 82' lang='lat' dir='ltr'><strong>hostium</strong></span> 
     </span>
     <span class='ocr_line' id='line_1_39' title="bbox 268 2471 1767 2519; baseline 0.001 -15"><span class='ocrx_word' id='word_1_329' title='bbox 268 2471 310 2504; x_wconf 86' lang='lat' dir='ltr'><strong>in</strong></span> <span class='ocrx_word' id='word_1_330' title='bbox 335 2482 462 2505; x_wconf 89' lang='lat' dir='ltr'><strong>manus</strong></span> <span class='ocrx_word' id='word_1_331' title='bbox 497 2471 704 2514; x_wconf 87' lang='lat' dir='ltr'><strong>incideret,</strong></span> <span class='ocrx_word' id='word_1_332' title='bbox 738 2473 810 2506; x_wconf 85' lang='lat' dir='ltr'><strong>nisi</strong></span> <span class='ocrx_word' id='word_1_333' title='bbox 847 2484 1039 2519; x_wconf 88' lang='lat' dir='ltr'><strong>procerum</strong></span> <span class='ocrx_word' id='word_1_334' title='bbox 1074 2472 1247 2507; x_wconf 86' lang='lat' dir='ltr'><strong>nonnulli</strong></span> <span class='ocrx_word' id='word_1_335' title='bbox 1273 2472 1396 2506; x_wconf 70' lang='lat' dir='ltr'><strong>animo</strong></span> <span class='ocrx_word' id='word_1_336' title='bbox 1436 2478 1475 2507; x_wconf 91' lang='lat' dir='ltr'><strong>et</strong></span> <span class='ocrx_word' id='word_1_337' title='bbox 1501 2471 1634 2506; x_wconf 87' lang='lat' dir='ltr'><strong>robore</strong></span> <span class='ocrx_word' id='word_1_338' title='bbox 1659 2483 1767 2518; x_wconf 87' lang='lat' dir='ltr'><strong>prae—</strong></span> 
     </span>
     <span class='ocr_line' id='line_1_40' title="bbox 270 2521 1444 2567; baseline 0.002 -14"><span class='ocrx_word' id='word_1_339' title='bbox 270 2525 408 2554; x_wconf 81' lang='lat' dir='ltr'><strong>stantes</strong></span> <span class='ocrx_word' id='word_1_340' title='bbox 434 2531 518 2554; x_wconf 85' lang='lat' dir='ltr'><strong>eum</strong></span> <span class='ocrx_word' id='word_1_341' title='bbox 546 2533 623 2555; x_wconf 88' lang='lat' dir='ltr'><strong>non</strong></span> <span class='ocrx_word' id='word_1_342' title='bbox 665 2521 744 2555; x_wconf 87' lang='lat' dir='ltr'><strong>sine</strong></span> <span class='ocrx_word' id='word_1_343' title='bbox 770 2521 984 2555; x_wconf 84' lang='lat' dir='ltr'><strong>difficultate</strong></span> <span class='ocrx_word' id='word_1_344' title='bbox 1016 2522 1181 2567; x_wconf 87' lang='lat' dir='ltr'><strong>periculo</strong></span> <span class='ocrx_word' id='word_1_345' title='bbox 1211 2521 1444 2567; x_wconf 87' lang='lat' dir='ltr'><strong>eripuissent.</strong></span> 
     </span>
    </p>

    <p class='ocr_par' dir='ltr' id='par_1_6' title="bbox 77 2567 1769 2813">
     <span class='ocr_line' id='line_1_41' title="bbox 77 2567 1767 2616; baseline -0.001 -13"><span class='ocrx_word' id='word_1_346' title='bbox 77 2568 255 2616; x_wconf 74' lang='lat' dir='ltr'><strong>A,C.597</strong></span> <span class='ocrx_word' id='word_1_347' title='bbox 362 2569 442 2602; x_wconf 86' lang='lat' dir='ltr'><strong>Hoc</strong></span> <span class='ocrx_word' id='word_1_348' title='bbox 464 2581 563 2604; x_wconf 87' lang='lat' dir='ltr'><strong>anno</strong></span> <span class='ocrx_word' id='word_1_349' title='bbox 602 2570 762 2604; x_wconf 87' lang='lat' dir='ltr'><strong>tumultu</strong></span> <span class='ocrx_word' id='word_1_350' title='bbox 801 2570 843 2604; x_wconf 85' lang='lat' dir='ltr'><strong>in</strong></span> <span class='ocrx_word' id='word_1_351' title='bbox 879 2570 999 2604; x_wconf 86' lang='lat' dir='ltr'><strong>Persia</strong></span> <span class='ocrx_word' id='word_1_352' title='bbox 1025 2570 1183 2604; x_wconf 77' lang='lat' dir='ltr'><strong>excitato</strong></span> <span class='ocrx_word' id='word_1_353' title='bbox 1209 2569 1370 2604; x_wconf 82' lang='lat' dir='ltr'><strong>Arabum</strong></span> <span class='ocrx_word' id='word_1_354' title='bbox 1410 2569 1485 2604; x_wconf 83' lang='lat' dir='ltr'><strong>dux</strong></span> <span class='ocrx_word' id='word_1_355' title='bbox 1509 2574 1633 2615; x_wconf 81' lang='lat' dir='ltr'><strong>partes</strong></span> <span class='ocrx_word' id='word_1_356' title='bbox 1658 2567 1767 2602; x_wconf 83' lang='lat' dir='ltr'><strong>(lissi-</strong></span> 
     </span>
     <span class='ocr_line' id='line_1_42' title="bbox 271 2615 1766 2665; baseline 0.001 -16"><span class='ocrx_word' id='word_1_357' title='bbox 271 2615 401 2650; x_wconf 89' lang='lat' dir='ltr'><strong>dentes</strong></span> <span class='ocrx_word' id='word_1_358' title='bbox 428 2619 710 2663; x_wconf 82' lang='lat' dir='ltr'><strong>compositurus,</strong></span> <span class='ocrx_word' id='word_1_359' title='bbox 737 2619 829 2652; x_wconf 86' lang='lat' dir='ltr'><strong>illuc</strong></span> <span class='ocrx_word' id='word_1_360' title='bbox 851 2631 890 2653; x_wconf 84' lang='lat' dir='ltr'><strong>se</strong></span> <span class='ocrx_word' id='word_1_361' title='bbox 921 2618 1091 2652; x_wconf 88' lang='lat' dir='ltr'><strong>contulit.</strong></span> <span class='ocrx_word' id='word_1_362' title='bbox 1143 2619 1286 2653; x_wconf 84' lang='lat' dir='ltr'><strong>interea</strong></span> <span class='ocrx_word' id='word_1_363' title='bbox 1312 2618 1545 2665; x_wconf 82' lang='lat' dir='ltr'><strong>Nicephorus</strong></span> <span class='ocrx_word' id='word_1_364' title='bbox 1571 2622 1679 2663; x_wconf 80' lang='lat' dir='ltr'><strong>capta</strong></span> <span class='ocrx_word' id='word_1_365' title='bbox 1703 2629 1766 2651; x_wconf 90' lang='lat' dir='ltr'><strong>oc-</strong></span> 
     </span>
     <span class='ocr_line' id='line_1_43' title="bbox 270 2665 1768 2712; baseline 0 -14"><span class='ocrx_word' id='word_1_366' title='bbox 270 2665 416 2699; x_wconf 86' lang='lat' dir='ltr'><strong>casione</strong></span> <span class='ocrx_word' id='word_1_367' title='bbox 463 2667 640 2711; x_wconf 84' lang='lat' dir='ltr'><strong>Ancyram</strong></span> <span class='ocrx_word' id='word_1_368' title='bbox 667 2668 858 2710; x_wconf 86' lang='lat' dir='ltr'><strong>Galatiae,</strong></span> <span class='ocrx_word' id='word_1_369' title='bbox 891 2666 1099 2701; x_wconf 89' lang='lat' dir='ltr'><strong>Thebasam</strong></span> <span class='ocrx_word' id='word_1_370' title='bbox 1133 2673 1171 2701; x_wconf 87' lang='lat' dir='ltr'><strong>et</strong></span> <span class='ocrx_word' id='word_1_371' title='bbox 1203 2667 1405 2701; x_wconf 86' lang='lat' dir='ltr'><strong>Andrasum</strong></span> <span class='ocrx_word' id='word_1_372' title='bbox 1441 2667 1632 2712; x_wconf 86' lang='lat' dir='ltr'><strong>reparavit.</strong></span> <span class='ocrx_word' id='word_1_373' title='bbox 1692 2666 1768 2699; x_wconf 90' lang='lat' dir='ltr'><strong>levi</strong></span> 
     </span>
     <span class='ocr_line' id='line_1_44' title="bbox 269 2715 1769 2762; baseline 0.001 -16"><span class='ocrx_word' id='word_1_374' title='bbox 269 2715 422 2759; x_wconf 80' lang='lat' dir='ltr'><strong>iusuper</strong></span> <span class='ocrx_word' id='word_1_375' title='bbox 451 2722 487 2748; x_wconf 84' lang='lat' dir='ltr'><strong>et</strong></span> <span class='ocrx_word' id='word_1_376' title='bbox 514 2715 660 2762; x_wconf 81' lang='lat' dir='ltr'><strong>praedis</strong></span> <span class='ocrx_word' id='word_1_377' title='bbox 686 2715 861 2762; x_wconf 86' lang='lat' dir='ltr'><strong>cogendis</strong></span> <span class='ocrx_word' id='word_1_378' title='bbox 887 2721 975 2762; x_wconf 87' lang='lat' dir='ltr'><strong>apto</strong></span> <span class='ocrx_word' id='word_1_379' title='bbox 1003 2716 1167 2750; x_wconf 80' lang='lat' dir='ltr'><strong>exercitu</strong></span> <span class='ocrx_word' id='word_1_380' title='bbox 1189 2716 1227 2749; x_wconf 89' lang='lat' dir='ltr'><strong>in</strong></span> <span class='ocrx_word' id='word_1_381' title='bbox 1252 2717 1390 2761; x_wconf 86' lang='lat' dir='ltr'><strong>Syriam</strong></span> <span class='ocrx_word' id='word_1_382' title='bbox 1413 2716 1536 2757; x_wconf 89' lang='lat' dir='ltr'><strong>misso,</strong></span> <span class='ocrx_word' id='word_1_383' title='bbox 1563 2715 1703 2751; x_wconf 83' lang='lat' dir='ltr'><strong>milites</strong></span> <span class='ocrx_word' id='word_1_384' title='bbox 1728 2726 1769 2748; x_wconf 82' lang='lat' dir='ltr'><strong>re</strong></span> 
     </span>
     <span class='ocr_line' id='line_1_45' title="bbox 267 2762 1568 2813; baseline 0.001 -17"><span class='ocrx_word' id='word_1_385' title='bbox 267 2762 416 2805; x_wconf 81' lang='lat' dir='ltr'><strong>infecta,</strong></span> <span class='ocrx_word' id='word_1_386' title='bbox 446 2764 536 2811; x_wconf 82' lang='lat' dir='ltr'><strong>quin</strong></span> <span class='ocrx_word' id='word_1_387' title='bbox 564 2766 675 2800; x_wconf 85' lang='lat' dir='ltr'><strong>immo</strong></span> <span class='ocrx_word' id='word_1_388' title='bbox 699 2765 871 2813; x_wconf 84' lang='lat' dir='ltr'><strong>pluribus</strong></span> <span class='ocrx_word' id='word_1_389' title='bbox 898 2777 1025 2802; x_wconf 83' lang='lat' dir='ltr'><strong>eorum</strong></span> <span class='ocrx_word' id='word_1_390' title='bbox 1050 2763 1282 2808; x_wconf 76' lang='lat' dir='ltr'><strong>desideratis,</strong></span> <span class='ocrx_word' id='word_1_391' title='bbox 1310 2763 1447 2801; x_wconf 76' lang='lat' dir='ltr'><strong>reversi</strong></span> <span class='ocrx_word' id='word_1_392' title='bbox 1471 2769 1568 2800; x_wconf 86' lang='lat' dir='ltr'><strong>sunt.</strong></span> 
     </span>
    </p>
   </div>
  </div>
 </body>
</html>
