1768 3106
232 124 344 190 [μα
806 139 1156 182 TnssoPnANJs

233 242 358 285 πεινὰ
387 242 655 296 ἄνυψοῦντα.
710 240 784 284 τὸν
813 243 860 284 δὲ
880 244 1119 295 Σέσωστριν
1147 239 1331 288 συνετῶς
1361 239 1439 295 τήν
1465 238 1714 295 παραβολὴν

232 313 286 367 τῇ
317 311 422 368 α’κοῇ
450 310 744 363 ἑπισκέψαντα
773 310 1077 363 νομοθετῆσαι,
1108 307 1154 350 τὸ
1183 309 1335 363 μηκέτι
1359 309 1552 362 βασιλεῖς
1580 306 1715 348 ἕλκειν

231 377 280 419 τό
313 371 470 434 ὄχημα.
541 375 563 419 ὖ
609 378 656 419 δὲ
694 377 898 431 Χαγοίνος
935 379 1076 417 ταῦτα
1120 373 1311 432 ἀκηκοώς
1338 376 1413 418 καὶ
1437 370 1716 430 ὖπογελάσας,

231 443 388 503 ἔφησεν
429 443 504 500 τήν
533 444 704 501 εἰρήνην
746 440 884 499 ἄγειν,
924 445 974 501 τῇ
1006 445 1053 485 δὲ
1087 445 1336 500 προαιρέσει
1365 443 1578 498 Πρίσκου,
1609 438 1653 483 εἴ
1674 457 1716 482 τι

232 509 288 555 ἂν
319 514 425 571 θέλῃ
454 515 539 556 ταῖν
566 513 774 568 λαφύρων
815 508 888 552 τὸν
918 507 1122 565 Χαγάνον
1149 511 1338 564 τιμῆσαι.
1393 508 1414 552 ὃ
1445 510 1494 551 δὲ
1523 511 1756 563 Πρίσκος5

188 579 307 635 Βτὴν
337 582 638 635 αἰχμαλωσίαν
669 579 862 620 α’πέδωκε
899 579 956 635 τῷ
985 575 1174 636 Χαγάνῳ
1216 577 1324 632 ὑπὲρ
1357 579 1431 632 τῆς
1462 574 1718 632 διαβάσεως.

125 684 147 696 l
233 647 286 690 τὰ
321 649 369 689 δὲ
396 645 573 704 λάφυρα
604 646 737 688 πάντα
767 643 912 699 λαβών
942 644 1178 695 ἀκινδύνως
1200 643 1275 687 τόν
1301 644 1492 698 ποταμὸν
1521 643 1720 698 διεπέρα-

233 732 321 757 σεν.
383 714 404 756 ὅ
439 716 486 756 δὲ
517 715 716 768 Χαγάνος
742 714 878 756 ταῦτα
915 712 1146 766 δεξάμενος
1176 708 1291 769 ἥσθη
1317 711 1537 768 μεγάλως·
1595 711 1670 753 καί
1697 708 1720 751 ὅ

235 784 427 838 Πρίσκος
463 784 524 831 εἰς
565 780 803 834 Βυζάντιον
831 774 947 836 ἧκεν.
1023 780 1045 822 ὁ
1077 781 1125 822 δὲ
1154 783 1326 837 Πέτρος
1352 778 1432 837 τὴν
1462 776 1723 836 στρατηγίαν

233 851 486 906 παρέλαβεν.
1742 867 1768 892 ιι

22 924 222 963 Α,Μ.6ο88
354 916 501 975 Τούτῳ
530 919 588 974 τῷ
615 914 703 958 ἔτει
729 918 949 959 ἐκέλευσεν
979 916 1004 957 ὅ
1032 916 1239 969 βασιλεύς
1266 917 1422 974 Πέτρῳ
1449 917 1508 974 τῷ
1544 931 1724 972 στρατη-

99 988 215 1022 Ρ.·.ι3·
235 985 308 1043 yffi,
329 980 436 1027 ὥστε
469 982 545 1039 τὴν
573 987 720 1041 τρίτην
745 990 900 1039 μοῖραν
927 985 1000 1039 τῆς
1031 981 1163 1040 ῥόγας
1195 982 1266 1026 διά
1289 984 1454 1039 χρυσοῦ
1484 981 1585 1032 τούς
1610 982 1724 1024 ‘Pm-

237 1055 393 1106 μαιόυς
435 1056 600 1106 λαβεῖν·
669 1055 743 1094 καὶ
773 1051 853 1107 τὴν
890 1054 1036 1108 τρίτην
1066 1050 1139 1094 διὰ
1172 1049 1343 1094 ὅπλων·
1402 1050 1480 1108 τήν
1503 1053 1550 1093 δὲ
1578 1048 1727 1104 ἑτέραν

239 1122 381 1175 τρίτην
414 1121 468 1162 δι’
501 1122 680 1176 ἐσθῆτος
708 1123 924 1170 παντοίας.
991 1120 1031 1162 οἱ
1060 1122 1200 1163 τοίνυν
1224 1120 1440 1173 ςΡωμαῖοι
1471 1120 1597 1162 τοῦτο
1625 1117 1745 1173 ἄκη--

241 1185 383 1236 κοότες
410 1185 517 1240 πρὸς
546 1186 781 1242 τυραννίδα
812 1189 1049 1241 ἐτρέποντο.
1119 1186 1140 1228 ὃ
1175 1188 1221 1229 δὲ
1254 1185 1487 1243 στρατηγός
1517 1186 1725 1243 φοβηθείς
1746 1206 1758 1230 1

242 1260 328 1304 τοῖς
356 1256 658 1310 στρατοπέδοις
687 1256 943 1311 ἀπελογεῖτο,
973 1254 1032 1304 ὥς
1066 1255 1141 1296 οὐκ
1172 1256 1331 1311 α’ληθὲς
1364 1252 1491 1297 τοῦτο’
1524 1256 1625 1296 ἐστι.
1655 1251 1731 1293 καί

242 1323 486 1364 ἐπεδείκνυε
517 1324 575 1379 τῷ
604 1324 771 1380 στρατιῇ
796 1321 918 1378 ἕτερα
937 1320 1169 1378 γράμματα
1187 1321 1565 1374 παρακελευόμενα
1602 1316 1729 1378 αύτῷ,

245 1387 353 1432 ὥστε
384 1387 486 1438 τούς
528 1389 863 1446 ἀριστεύσαντας
904 1390 980 1431 καί
1005 1391 1051 1432 ἐκ
1089 1392 1174 1431 τῶν
1205 1388 1411 1431 κινδύνων
1440 1389 1733 1437 διασωθέντας

104 1462 147 1494 V·
169 1457 290 1506 ι84ἑν
315 1462 411 1506 ταῖς
439 1455 613 1500 πόλεσιν
642 1457 960 1514 ἀναπαύεσθαι,
991 1455 1066 1500 καί
1081 1460 1446 1515 γηροτροφεῖσθαι
1473 1458 1519 1500 ἐκ
1549 1459 1634 1499 τῶν
1660 1457 1733 1511 δη-

132 1101 152 1120 δ·

352 1628 380 1650 ι.
412 1615 580 1656 συνετῶς
603 1612 669 1661 τὴν
695 1612 812 1660 οἷκοῆν
841 1617 980 1660 gmon„
1005 1619 1140 1653 omisso
1165 1615 1231 1662 τὴν
1258 1612 1490 1665 παραβολὴν,
1517 1618 1543 1652 Α
1574 1617 1600 1651 f.
1700 1629 1731 1651 2.

346 1664 416 1699 τοῦ
440 1667 571 1712 μηκέτι
597 1665 637 1699 Α.
740 1665 794 1709 ι4.
823 1667 860 1700 οἱ
886 1666 970 1700 add.
997 1677 1040 1700 ex
1067 1668 1107 1700 A.
1178 1669 1228 1701 18.
1256 1667 1516 1705 διασωθέντας
1542 1666 1571 1701 A
1597 1678 1630 1708 e,
1661 1675 1734 1701 σω-

346 1715 484 1754 θέντας
508 1712 604 1758 vulg.
728 1724 780 1758 ¹9·
807 1713 1087 1762 εὐτροφεῖσθαι
1109 1726 1141 1750 e.

255 1851 414 1885 diversas
438 1856 560 1897 partes
588 1864 626 1886 se
650 1854 913 1896 convolventis‚
940 1859 978 1888 et
1001 1865 1072 1901 qua
1097 1859 1235 1900 partem
1264 1854 1485 1901 superiorem
1510 1850 1738 1894 inclinantis,

255 1911 328 1946 qua
353 1911 438 1933 vero
467 1901 676 1935 inferiorem
716 1902 888 1946 erigentis
913 1907 949 1936 et
988 1902 1165 1936 excelsius
1191 1902 1379 1936 elevantis.
1430 1915 1537 1948 porro
1565 1902 1739 1935 Sesostris

255 1959 338 1981 cum
364 1948 643 1982 similitudinem
684 1949 799 1991 hanc,
825 1961 898 1996 qua
939 1951 1106 1995 pollebat
1130 1951 1241 1984 animi
1269 1951 1478 1996 sagacitate,
1503 1950 1740 1996 percepisset,

257 1996 337 2039 lege
361 1996 499 2029 sancita
534 1996 675 2038 edixit,
717 2009 764 2031 ne
796 1998 865 2031 ulli
904 1997 1076 2044 deinceps
1110 2010 1211 2043 reges
1249 2011 1391 2032 currum
1420 1998 1518 2044 apud
1542 1998 1743 2042 Aegyptios

257 2042 458 2077 traherent.
508 2044 660 2079 subrisit
683 2045 875 2090 chaganus
900 2046 957 2080 his
983 2046 1127 2087 auditis,
1157 2053 1194 2080 et
1218 2047 1316 2092 pacis
1345 2046 1492 2080 foedera
1516 2052 1741 2079 servaturum

259 2102 297 2124 se
322 2092 505 2135 promisit:
536 2092 574 2125 in
603 2099 785 2137 potestate
808 2106 895 2128 vero
914 2094 1023 2128 Prisci
1046 2100 1152 2135 stare,
1177 2106 1249 2140 qua
1268 2100 1373 2140 parte
1397 2094 1597 2140 spoliorum
1615 2094 1742 2134 vellet,

260 2149 298 2171 se
328 2138 500 2172 donatum
534 2140 771 2185 relinquere-t.
832 2142 869 2175 in
896 2143 1068 2176 transitus
1100 2143 1223 2188 itaque
1248 2142 1408 2176 concessi
1436 2141 1651 2183 mercedem,
1679 2153 1741 2174 ca-

260 2186 380 2232 ptivos
405 2197 529 2219 omnes
542 2187 678 2221 Priscus
694 2188 863 2233 chagano
892 2190 1061 2230 restituit,
1087 2190 1166 2235 ipse
1187 2190 1338 2224 retentis
1358 2189 1429 2224 sibi
1446 2190 1574 2236 spoliis
1599 2201 1742 2223 amnem

262 2235 394 2268 iterum
420 2234 499 2267 sine
526 2236 689 2279 periculo
707 2237 862 2270 traiecit.
890 2237 1079 2283 Chaganus
1107 2237 1162 2271 his
1191 2238 1349 2284 acceptis
1373 2239 1503 2271 mirum
1527 2239 1567 2271 in
1594 2237 1744 2271 modum

263 2282 420 2316 laetatus
435 2287 511 2315 est:
534 2282 652 2317 Prisco
664 2295 749 2318 vero
762 2286 974 2328 Byzantium
990 2297 1145 2327 reverso,
1165 2285 1291 2320 Petrus
1316 2286 1355 2319 in
1381 2287 1560 2320 exercitus
1585 2285 1744 2320 ducendi

263 2341 395 2363 munus
419 2330 600 2364 successit.

77 2384 251 2420 A‚C,588
360 2379 438 2412 Hoc
467 2389 563 2410 anno
588 2379 693 2411 Petro
724 2377 806 2412 duci
833 2380 908 2413 suis
924 2381 1105 2414 mandatis
1130 2381 1348 2426 significavit
1372 2382 1584 2428 imperator,
1611 2387 1654 2415 ut
1679 2381 1747 2415 sti-

266 2425 484 2471 pendiorum
510 2426 655 2459 tertiam
684 2432 826 2471 partem
855 2429 1013 2462 nummis
1048 2429 1167 2462 aureis
1196 2430 1472 2475 persolvendam
1501 2430 1652 2463 Romani
1678 2429 1747 2462 mi-

268 2474 350 2508 lites
377 2474 606 2519 acciperent:
633 2479 772 2518 partem
798 2475 907 2508 aliam
934 2477 1042 2509 armis
1074 2476 1144 2509 sibi
1171 2479 1370 2512 concessis:
1394 2479 1557 2512 ultimam
1585 2477 1749 2523 denique

268 2521 353 2556 (lata
376 2521 423 2555 ad
454 2526 573 2555 vestes
612 2521 798 2567 quaslibet
821 2524 973 2556 materia
999 2523 1068 2556 sibi
1102 2535 1291 2570 repensam
1325 2527 1598 2572 profiterentur.
1650 2523 1750 2572 quod

267 2569 335 2603 nbi
357 2570 599 2609 resciverunt,
635 2569 682 2603 ad
709 2569 951 2604 rebellionem
977 2582 1015 2604 se
1051 2578 1322 2607 converterunt.
1373 2573 1570 2608 deterritus
1595 2573 1669 2607 dux
1695 2574 1751 2606 fa-

267 2623 364 2651 ctum
400 2616 501 2664 apud
538 2617 676 2651 milites
714 2619 912 2660 excusavit,
938 2630 1170 2665 nequaquam
1199 2621 1237 2655 id
1262 2634 1387 2655 verum
1415 2633 1492 2656 esse
1519 2632 1750 2655 asseverans:

268 2666 361 2712 quin
388 2666 499 2700 etiam
526 2665 614 2699 alias
641 2665 783 2699 litteras
817 2666 991 2707 ostendit,
1018 2667 1152 2714 quibus
1179 2669 1333 2704 iubebat
1355 2670 1564 2716 imperator,
1584 2667 1628 2702 ut
1650 2669 1749 2702 mili-

267 2719 323 2747 tes
353 2714 419 2760 qui
444 2714 484 2747 in
511 2712 611 2746 hello
639 2713 785 2748 fortiter
808 2725 846 2748 se
873 2721 1070 2759 gesserant,
1096 2721 1134 2750 et
1166 2728 1186 2750 e
1212 2718 1380 2763 gravibus
1407 2717 1582 2764 periculis
1608 2716 1751 2750 incolu-

268 2772 344 2796 mes
369 2767 569 2803 evaserant‚
598 2761 637 2796 in
657 2761 811 2797 urbibus
837 2761 922 2797 data
947 2764 1137 2798 vacatione
1165 2771 1325 2811 agerent,
1353 2771 1391 2801 et
1416 2765 1573 2813 publicis
1598 2764 1752 2811 sumpti-
