1768 3106
239 169 352 244 692
802 188 1149 230 THEOPHANIS

104 298 139 332 P.
155 297 219 346 377
237 290 524 344 Βουλγαριάν.
599 287 619 329 ὅ
652 288 700 330 δὲ
738 288 846 344 πρὸς
872 288 919 331 τὸ
962 288 1022 343 μὴ
1052 289 1297 345 γνωσθῆναι
1337 287 1481 342 αὐτόν,
1511 283 1589 339 ὅτιΙ
1608 284 1716 332 κατὰ

236 354 501 411 Βουλγάρων
530 362 664 398 κινεῖ·-
738 351 848 411 ἦσαν
885 356 964 411 γὰρ
1002 356 1197 407 ἐλθόντες
1231 355 1339 412 πρὸς
1379 354 1510 399 αὐτόν
1543 355 1580 398 οἱ
1611 357 1716 398 ἄπο-

236 422 470 479 κρισιάριοι
510 427 588 466 τοῦ
623 425 773 478 Κυροῦ
799 425 1099 479 Βουλγαριάς,
1127 426 1200 466 καί
1227 422 1292 467 ἔτι
1324 423 1486 466 τούτων
1515 418 1647 467 όντων
1671 427 1716 466 ἐν

233 494 286 550 τῇ
313 489 462 548 πόλει,
493 490 809 546 ἐσχηματίσατο
851 489 956 533 κατά
1001 489 1196 547 Ἀράβων
1223 496 1374 535 κινεῖν·
1434 490 1508 534 καί
1533 493 1717 547 ἐπέρασε

238 557 289 602 τὰ
329 560 559 616 φλάμουρα
590 559 665 600 καί
695 557 720 613 ἢ
764 557 990 614 τῗπηρεσία.
1057 561 1132 600 καί
1168 559 1384 610 α’πολίσας
1411 557 1511 608 τούς
1537 558 1755 613 dannot-5

233 629 442 683 σιαριόυς,
470 628 544 668 καί
568 624 726 679 μαθών
744 624 816 668 dui
843 625 1125 669 κατασκόπων
1153 624 1231 682 τὴν
1251 623 1396 677 ἔξοδον
1416 627 1574 682 αὐτῶν,
1605 625 1718 668 dna·-

234 710 315 750 ρας
344 692 419 736 τόν
457 691 642 749 στρατόν
685 693 731 735 ἐν
772 695 942 752 σπουδῇ
983 694 1245 750 ἀπεκίνησεν.
1314 692 1389 737 καὶ
1418 691 1717 749 ἐπισωρεύσας

233 759 332 812 τούς
358 758 562 812 ταξάτους
581 763 666 802 τῶν
694 759 897 814 θεμάτων
916 760 991 803 καί
1017 760 1119 812 τοὺς
1146 760 1483 819 Θρᾳκησιανούς,
1514 761 1588 812 καί
1614 757 1718 803 ἑνώ-

233 845 314 879 σας
336 833 436 879 ’τοῖς
471 825 658 883 τάγμασι
699 826 802 879 τούς
836 827 1106 885 ὀπτιμιὶτους,
1150 830 1348 886 ἐποίησεν
1377 825 1536 878 αὗτοὺς
1579 826 1618 871 π’
1646 845 1718 883 χι-

233 897 398 947 λιάδας.
456 895 530 938 καί
560 894 766 939 εἰσελθών
795 898 840 940 ἐν
869 897 985 956 τόπῳ
1006 898 1216 956 λεγομένῳ
1242 894 1293 939 τά
1317 895 1593 951 Λιθοσώρια,
1621 897 1718 938 ἕπε’-

193 975 359 1008 Βπεσεν
392 966 536 1014 αὐτοῖς
568 965 986 1020 α’περισαλπίγκτως,
1030 966 1105 1006 καί
1138 966 1302 1018 τρέψας
1342 963 1513 1019 αὐτούς,
1544 962 1717 1018 ἐποίησε

232 1038 346 1083 νῖκος
383 1035 506 1087 μέγα.
575 1031 648 1073 καί
687 1031 796 1084 μετὰ
851 1034 1017 1075 πολλῶν
1064 1030 1274 1089 λαφύρων
1313 1030 1388 1074 καί
1433 1028 1718 1086 αἰχμαλώτων

230 1097 516 1157 ὑπέστρεψεν,
544 1098 845 1154 θριαμβεύσας
872 1101 918 1143 ἐν
944 1102 997 1158 τῇ
1027 1099 1169 1155 πόλει,
1200 1100 1273 1141 καί
1298 1096 1550 1153 ἐμπράκτως
1581 1099 1718 1141 εἰσελ-

93 1171 134 1205 V·
150 1171 218 1206 300
234 1167 337 1221 θεόν,
368 1166 444 1210 τὸν
472 1166 656 1221 πόλεμον
684 1169 832 1210 τοῦτον
861 1166 1135 1220 ἐπωνόμασεν
1158 1167 1321 1222 ευ’γενῆ,
1351 1165 1409 1216 ὥς
1435 1165 1617 1222 μηδενὸς
1637 1167 1719 1207 av'-

229 1238 286 1295 τῷ
311 1233 594 1293 ἀντιστάντος,
619 1236 729 1292 μηδὲ
753 1239 922 1293 σφαγῆς
944 1231 972 1292 ἢ
998 1235 1211 1291 ὲκχύσεως
1230 1235 1502 1292 Χριστιανῶν
1524 1231 1718 1289 αἱμάτων

229 1307 467 1361 γενομένης.

20 1380 110 1414 AM.
123 1380 220 1416 6266
329 1372 497 1432 ,Τούτῳ
525 1375 582 1430 τῷ
611 1370 694 1415 ἔτει
731 1373 931 1427 εἰσῆλθον
961 1372 1150 1428 κεφαλαί
1176 1367 1242 1413 σπ’
1275 1368 1356 1413 α’πὸ
1386 1364 1611 1427 Ἀφρικῆς,
1644 1371 1720 1410 κατ’

229 1437 506 1495 ἐπόμπευσαν
536 1442 581 1482 ἐν
597 1442 750 1500 Συρίᾳ.
782 1439 805 1482 ὅ
831 1442 877 1482 δὲ
901 1437 1106 1495 βασιλεὺς
1131 1435 1189 1488 ὥς
1216 1437 1350 1487 λύσας
1378 1436 1455 1493 τήν
1483 1436 1588 1492 πρὸς
1618 1434 1718 1486 τούς

191 1507 510 1564 (ΣΒουλγοὶρους
537 1507 707 1564 εἰρήνην
738 1507 942 1559 ἐξώπλισε
975 1508 1104 1548 πάλιν
1133 1505 1282 1549 στόλον
1306 1503 1452 1548 πολύν.
1498 1504 1572 1547 καί
1597 1508 1717 1547 εἰσα-

1738 915 1768 941 Ι(

229 1575 372 1631 γαγιὸν
401 1577 464 1626 εἰς
494 1574 622 1618 αὐτὸν
662 1573 979 1631 καβαλλαρικὸν
1016 1572 1220 1628 χιλιάδας
1266 1573 1344 1630 ιβ’,
1374 1573 1586 1616 α’πέλυσεν
1615 1571 1768 1622 102352(

231 1642 494 1702 στρατηγούς
522 1645 608 1686 τῶν
648 1644 851 1698 πλωΐμων
893 1640 1055 1692 πάντας
1085 1639 1166 1685 σῦν
1206 1641 1338 1699 αὐτῷ.
1396 1638 1528 1691 αὐτὸς
1556 1640 1603 1683 δὲ
1636 1655 1716 1697 φο-

331 1771 364 1804 7.
395 1757 541 1795 ιῖπεκίν.
571 1759 612 1800 Α,
637 1759 738 1795 ἐπεκ.
763 1758 862 1803 vulg.
939 1770 974 1803 9.
1000 1756 1038 1793 71'
1061 1758 1135 1803 χιλ.
1162 1757 1190 1791 Α
1215 1767 1236 1790 a
1263 1756 1287 1798 f,
1317 1754 1363 1802 ιγ’
1386 1755 1461 1802 χιλ.
1485 1754 1593 1809 vulg.¹
1663 1765 1716 1788 ιι.

329 1809 388 1843 ἐπ’
413 1803 549 1846 αὐτοὺς
573 1808 614 1840 Α.
760 1817 812 1840 12.
837 1806 987 1841 πολλῶν
1011 1805 1094 1839 add.
1127 1817 1172 1840 ex
1196 1806 1226 1839 A
1254 1817 1273 1838 a
1301 1804 1326 1837 f.
1478 1805 1531 1838 18.
1556 1815 1623 1845 την
1649 1815 1716 1847 πρ.

328 1868 360 1890 τ.
386 1858 430 1889 Β.
458 1856 607 1902 εἰρήνην
630 1856 672 1896 Α,
696 1866 763 1901 πρ.
788 1848 877 1893 τοὺς
895 1857 937 1888 Β.
962 1854 1060 1898 vulg.
1181 1864 1238 1888 20.
1268 1855 1351 1888 sort.
1378 1850 1663 1899 καβαλλαρικιῦν
1688 1862 1716 1883 S.

326 1902 522 1950 χιλιάδων.
621 1914 679 1937 21.
704 1902 938 1950 πλωὶζιιάτων
967 1902 997 1935 Α
1021 1913 1054 1936 e.

236 2011 281 2045 ad
308 2024 388 2046 eum
416 2013 554 2059 quippe
579 2018 806 2046 accesserant
835 2012 1070 2058 Bulgarorum
1104 2010 1328 2057 apocrisiarii
1369 2014 1406 2044 et
1433 2009 1553 2043 adhuc
1578 2018 1716 2041 moram

236 2060 395 2105 agebant
413 2062 451 2094 in
479 2061 580 2101 urbe,
606 2073 644 2094 se
670 2067 795 2094 contra
819 2061 955 2094 Arabes
984 2059 1152 2106 expediri
1176 2059 1369 2092 simulavit:
1400 2068 1510 2104 quare
1535 2057 1574 2089 in
1597 2057 1716 2089 Asiam

237 2108 372 2142 vexilla
399 2114 436 2142 et
463 2108 636 2142 bellicum
663 2120 805 2143 omnem
832 2114 1046 2155 apparatum
1073 2107 1283 2142 transmisit.
1312 2117 1418 2151 porro
1443 2105 1600 2139 dimissis
1624 2115 1717 2149 apo-

238 2156 426 2198 crisiariis,
466 2157 512 2190 de
553 2168 674 2190 eorum
714 2158 834 2190 reditu
872 2169 937 2203 per
966 2157 1213 2201 exploratores
1249 2155 1380 2188 certior
1412 2152 1590 2192 redditus,
1616 2158 1716 2186 moto

239 2204 400 2238 exercitu
418 2205 487 2238 iter
509 2217 590 2237 cum
616 2205 852 2239 festinatione
878 2205 1041 2250 arripuit.
1097 2209 1173 2237 tum
1199 2214 1282 2236 vero
1301 2201 1500 2235 thematum
1527 2200 1716 2241 militibus,

239 2253 303 2298 qui
339 2264 404 2298 per
437 2252 619 2298 praesidia
656 2252 807 2299 dispersi
844 2259 957 2293 erant,
985 2264 1056 2286 una
1089 2263 1169 2284 cum
1200 2249 1454 2285 Thracesianis
1479 2249 1615 2289 accitis,
1643 2259 1717 2281 una

240 2301 348 2334 etiam
376 2312 456 2333 cum
494 2299 684 2334 ordinibus
721 2302 884 2335 collectis
919 2313 961 2334 ex
996 2299 1196 2346 optimatis,
1227 2299 1424 2331 exercitum
1452 2296 1498 2330 ad
1527 2296 1715 2330 hominum

241 2349 427 2394 octoginta
452 2348 568 2381 millia
594 2348 778 2390 conflavit,
803 2360 844 2382 ac
864 2360 928 2394 per
949 2349 1082 2390 locum,
1106 2347 1169 2394 qui
1191 2346 1394 2380 Lithosoria
1414 2345 1559 2386 dicitur,
1583 2345 1716 2377 irrum-

241 2409 344 2443 pem,
371 2397 459 2430 citra
485 2396 594 2430 tubae
623 2397 781 2429 sonitum
810 2397 986 2442 impetum
1028 2397 1067 2429 in
1093 2395 1213 2428 hostes
1254 2394 1352 2435 fecit,
1379 2394 1499 2440 iisque
1528 2394 1565 2426 in
1597 2393 1717 2437 fugam

240 2446 365 2484 versis,
391 2445 567 2490 insignem
603 2445 729 2478 retulit
753 2445 954 2484 victoriam,
980 2450 1155 2490 partaque
1192 2442 1394 2487 spoliorum
1431 2448 1468 2476 et
1492 2442 1716 2486 captivorum

240 2495 275 2526 vi
305 2492 436 2533 rediit,
477 2499 514 2526 et
541 2492 694 2525 solemni
721 2493 874 2537 stipatus
907 2491 1087 2537 obsequio
1119 2489 1244 2523 urbem
1273 2488 1718 2535 ingressus,-triumphum

243 2542 328 2586 egit,
353 2541 568 2587 bellumque
594 2540 691 2573 istud
715 2540 839 2574 nobile
866 2541 1022 2580 vocavit,
1049 2538 1149 2585 quod
1168 2550 1275 2572 nemo
1301 2539 1442 2572 scilicet
1468 2538 1536 2571 sibi
1566 2537 1719 2570 restitis-

243 2595 310 2631 set,
334 2600 402 2622 nec
431 2589 506 2622 ulla
530 2588 651 2623 caedis
678 2594 742 2622 aut
771 2588 965 2621 Christiani
994 2587 1179 2632 sanguinis
1206 2587 1332 2620 effusio
1360 2586 1456 2620 edita
1482 2591 1587 2618 esset.

59 2643 230 2678 A.C‚›-G(3
338 2638 415 2670 lloc
439 2648 535 2670 anno
562 2636 719 2670 ducenta
745 2641 782 2669 et
809 2636 994 2681 octoginta
1022 2635 1141 2680 capita
1168 2646 1212 2668 ex
1229 2635 1347 2668 Africa
1375 2635 1413 2667 in
1431 2634 1568 2678 Syriam
1597 2633 1720 2666 delata

163 2676 173 2689 ⁴
245 2685 291 2720 ad
317 2696 470 2731 pompae
496 2684 727 2730 triumphalis
753 2685 868 2718 instar
893 2683 1038 2730 publice
1064 2683 1229 2716 traducta
1250 2688 1345 2716 sunt.
1374 2683 1570 2728 imperator
1597 2686 1719 2714 antem

245 2734 374 2767 violati
404 2732 450 2766 ad
477 2733 646 2777 Bulgaros
681 2732 838 2766 foederis
866 2732 1032 2765 conscius
1071 2732 1252 2776 copiosam
1281 2731 1430 2764 classem
1460 2731 1588 2763 iterato
1613 2739 1719 2775 prae-

246 2782 397 2827 paravit.
459 2782 710 2827 impositisque
737 2782 775 2814 in
804 2791 883 2814 eam
909 2781 1073 2826 equitum
1106 2779 1268 2812 millibus
1295 2778 1485 2812 duodecim
1515 2777 1624 2810 duces
1651 2788 1718 2809 na·-

246 2830 423 2874 vigiorum
450 2841 648 2870 umversos,
674 2841 765 2875 quos
804 2830 840 2863 in
868 2830 1041 2863 comitatu
1070 2826 1214 2870 habuit,
1242 2833 1327 2862 ante
1355 2838 1391 2860 se
1416 2826 1613 2873 praemisit,
1639 2825 1725 2871 ipse,
