1768 3106
209 137 321 201 362
768 165 1115 208 THEOPHANIS

205 267 473 323 Ζουπαρῶν,
521 268 595 310 καί
636 265 806 320 ἔμειναν
845 268 936 310 ἐκεῖ
969 267 1321 322 παρακαθήμενοι
1361 266 1439 317 ἕως
1477 266 1524 310 τὸ
1556 264 1677 323 ἅγιον

204 334 367 389 πάσχα.
423 334 529 389 μετὰ
559 336 606 378 δὲ
635 335 712 391 τήν
750 332 898 390 ἑορτήν
926 335 1002 382 ,τοῦ
1041 332 1187 388 πάσχα
1219 335 1394 389 ἐξῆλθεν
1424 333 1446 376 ὅ
1476 335 1679 389 βασιλεὺς

205 401 280 445 καί
303 401 454 453 πάντες
482 403 558 458 τῆς
578 403 736 453 πόλεως
765 401 843 444 σὺν
874 403 992 460 αὐτῷ
1017 403 1062 444 ἐν
1082 404 1333 459 Σηλυμβρίᾳ
1362 401 1435 445 ἐπὶ
1460 401 1507 445 τὸ
1538 406 1679 445 κτίσαι

203 468 249 512 τό
283 475 424 524 τεῖχος
455 470 503 513 τὸ
530 469 716 527 μακρόν·
752 467 853 513 ὅθεν
882 467 923 513 οἱ
948 468 1166 525 βάρβαροι
1197 471 1411 524 εἰσῆλθον.
1465 471 1539 512 καί
1566 468 1679 524 ἔμει-

203 553 273 581 νεν
301 537 323 580 ὃ
351 537 554 592 βασιλεὺς
581 539 671 580 ἐκεῖ
706 537 783 588 ἕως
812 539 888 580 τοῦ
917 535 1175 591 Αὐγούστου
1214 536 1367 594 μηνός·
1426 534 1584 591 ὁμοίως
1610 537 1717 584 καί5

205 602 245 648 οἱ
271 601 488 661 βάρβαροι
521 603 600 658 ἔξω
649 606 725 660 τῆς
756 602 916 654 πόλεως
957 605 1260 659 περιεπόλευον
1290 603 1370 655 ἕως
1398 606 1476 647 τοῦ
1503 603 1681 660 Av'yov'-

202 687 322 714 στου.
388 672 535 716 λοιπὸν
575 674 793 716 ἐκέλευσεν
822 671 843 714 ὅ
872 670 1078 728 βασιλεύς
1117 674 1319 726 γενέσθαι
1346 676 1474 715 πλοῖα
1498 670 1682 727 διαπρυ-

204 756 300 796 μνα,
320 737 427 783 ὥστε
454 740 656 783 ἀπελθεῖν
685 741 744 791 εἷς
761 738 835 783 τὸν
861 742 1089 796 Δανοῦβιν,
1106 742 1181 782 καί
1199 740 1438 797 ἀπαντῆσαι
1461 745 1548 790 τοῖς
1573 743 1681 796 βαρ-

165 807 354 862 (Ξβάροις
381 809 572 864 περυῦσι,
605 809 679 850 καί
705 810 941 863 πολεμῆσαι
974 808 1145 857 αὐτούς.
1178 809 1302 850 τοῦτο
1323 809 1490 863 γνόντες
1507 806 1546 850 οἱ
1573 809 1681 863 βάρ-

205 878 346 933 βαροι,
378 874 670 930 παρεκάλεσαν
700 874 771 918 διὰ
801 878 1065 930 πρεσβευτοῦ
1106 874 1342 925 α’κινὸύνως
1370 876 1496 918 ἐᾶσαι
1525 874 1681 924 αὐτούς
1701 893 1747 919 ιο

201 945 390 999 περᾶσαι
424 940 497 986 τὸν
530 945 760 998 Δανοῦβιν.
817 945 892 986 καί
919 941 1107 997 ἔπεμψεν
1139 944 1359 986 Ἰουστῖνον
1402 940 1476 985 τὸν
1503 940 1682 996 ἀνεψιόν

203 1012 339 1055 αὐτοῦ
367 1014 439 1054 καί
465 1010 801 1068 κουροπαλάτην,
830 1010 903 1053 καὶ
927 1012 1129 1054 διέσωσεν
1157 1010 1330 1061 αὐτούς.

0 1088 188 1123 A.M.6052
313 1079 572 1134 Ἀντιοχείας
601 1080 829 1122 ἐπισκόπου
853 1074 1142 1122 Ἀναστασίου
1171 1077 1261 1129 ἔτος
1289 1079 1344 1121 α’.

157 1153 189 1187 D
321 1146 468 1207 Τούτῳ
508 1149 567 1206 τῷ
598 1146 682 1190 ἔτει
710 1143 865 1204 ἤρξατο
904 1145 926 1189 ὃ
958 1145 1159 1201 βασιλεὺς
1201 1148 1355 1199 κτιζειν
1386 1147 1461 1203 τὴν
1488 1149 1682 1204 γέφυραν

203 1217 282 1258 τοῦ
297 1215 526 1273 Σαγαρεως
554 1218 760 1270 ποταμοῦ.
816 1214 891 1258 καί
917 1217 1194 1270 ἀποστρέψας
1222 1214 1297 1257 τὸν
1325 1214 1462 1258 αὐτὸν
1491 1213 1680 1268 ποταμὸν
1699 1214 1748 1256 15

203 1285 249 1326 ἐν
280 1278 384 1342 ἄλλῃ
409 1285 537 1341 κοίτῃ,
567 1282 763 1339 ἐποίησεν
791 1283 986 1339 καμάρας
1005 1281 1194 1339 φοβερὰς
1220 1284 1367 1339 πέντε,·
1385 1285 1460 1326 καί
1486 1284 1682 1339 ἐποίησεν

203 1346 334 1394 αὐτὸν
365 1348 652 1408 διοδεύεσθαι,
682 1351 848 1407 ξυλίνης
871 1351 1080 1406 πρότερον
1111 1346 1240 1407 οὔσης
1267 1353 1340 1406 τῆς
1367 1348 1570 1407 γεφύρας.

0 1418 189 1456 Ᾱ·Μ·6053
319 1417 466 1478 Τούτῳ
483 1421 540 1478 τῷ
556 1417 642 1462 ἔτει
654 1418 758 1476 μηνί
775 1422 1049 1478 ,Σεπτεμβρήρ
1072 1417 1127 1473 θ’,
1147 1419 1286 1477 ἡμέρᾳ
1305 1416 1349 1474 ε’,
1369 1419 1606 1462 ἰνδικτιιόνι
1624 1417 1678 1473 θ’,

296 1591 328 1614 2.
356 1573 424 1624 τὴν
449 1578 531 1613 add.
562 1590 606 1613 ex
632 1580 673 1612 A.
770 1579 803 1612 5.
827 1580 892 1613 καὶ
916 1579 955 1614 οἱ
980 1579 1019 1620 Α,
1047 1578 1087 1614 δὲ
1120 1580 1160 1614 οἱ
1179 1579 1276 1624 vulg.
1396 1591 1429 1625 7.
1459 1578 1680 1626 διάπρυμνιι

294 1629 325 1662 Α
350 1640 382 1670 a,
411 1627 648 1674 διάπροιμνα
665 1627 689 1667 f,
708 1625 905 1674 δίπρυμνα
925 1627 1036 1673 vulg„
1064 1625 1325 1675 ἀμφίπρυμνα
1339 1626 1466 1672 Agath.
1494 1639 1528 1673 p.
1549 1629 1629 1671 327,
1644 1638 1678 1670 9.

296 1677 331 1710 8.
357 1682 435 1716 τοῖς
462 1675 670 1723 βαρβάροις
702 1675 866 1721 περοῦσι
905 1676 1003 1721 (fort.
1041 1676 1204 1723 περῶσι)
1241 1675 1293 1717 A,
1340 1669 1429 1715 τοὺς
1463 1675 1680 1722 βαρβάρους

294 1726 482 1771 περνοῦσι
512 1725 535 1765 f,
560 1726 624 1759 τοῦ
647 1724 860 1771 βαρβάρους
886 1726 920 1758 εἰ
942 1723 1128 1771 περνοῦσι
1145 1724 1243 1768 vulg.
1351 1737 1385 1770 9.
1412 1722 1547 1763 αὐτούς
1570 1724 1599 1757 Α
1617 1735 1636 1756 a
1653 1723 1678 1765 f,

296 1772 424 1812 αὐτοῖς
448 1772 544 1817 vulg.
675 1783 726 1806 ια.
753 1772 1068 1821 Κουροπαλάτην]
1098 1771 1378 1819 Κοροπαλάτην
1402 1773 1453 1813 Α,
1491 1775 1679 1818 Κυροπα-

294 1820 407 1865 λάτην
438 1822 534 1866 vulg.
663 1821 715 1856 16.
744 1821 923 1865 ἐποίησεν
947 1820 1118 1869 alterum]
1146 1820 1295 1868 ἤγειρεν
1323 1832 1355 1862 a,
1380 1818 1527 1864 ἤλισεΑ
1553 1820 1580 1854 f.

198 1970 445 2006 Alexandrum
459 1970 701 2016 Zupparorum
730 1981 853 2004 versus
868 1969 1015 2016 digressi
1044 1975 1148 2004 sunt:
1176 1970 1301 2017 ibique
1326 1970 1450 2004 castris
1475 1970 1603 2017 positi}
1619 1981 1680 2004 us-

200 2030 272 2065 que
298 2019 344 2053 ad
372 2018 505 2064 pascha
538 2017 746 2052 substitere..
787 2024 934 2064 peracto
962 2019 1056 2052 festo
1083 2018 1242 2064 paschali
1266 2019 1465 2065 imperator
1492 2030 1571 2052 cum
1595 2019 1680 2052 uni-

198 2067 307 2100 versis
332 2068 472 2101 civibus
501 2066 592 2100 urbe
620 2067 767 2107 relicta,
792 2066 837 2099 ad
857 2066 1072 2113 reparandas
1092 2067 1187 2103 Muri
1211 2066 1311 2111 longi
1329 2066 1451 2100 ruinas
1476 2066 1679 2110 Selybriam

198 2115 381 2161 perrexit:
410 2126 523 2162 quare
549 2114 679 2160 pedem
704 2115 910 2148 retulerunt
935 2114 1080 2148 barbari
1096 2140 1105 2156 ,
1133 2119 1171 2148 et
1209 2120 1307 2148 trans
1329 2126 1471 2156 murum
1496 2114 1678 2148 abierunt.

197 2163 251 2197 ibi
277 2163 411 2196 mansit
439 2163 636 2208 imperator
660 2161 708 2196 ad
734 2163 936 2208 Augustum
970 2174 1088 2209 usque
1126 2173 1302 2196 mensem:
1337 2163 1506 2197 similiter
1529 2168 1567 2197 et
1588 2162 1678 2196 bar-

200 2210 280 2244 bari
306 2222 422 2256 usque
446 2210 492 2244 ad
514 2222 675 2245 mensem
692 2210 895 2256 Augustum
925 2217 1025 2245 extra
1051 2210 1176 2244 urbem
1194 2210 1562 2256 circumvagabantur.
1591 2222 1677 2244 cae-

198 2265 318 2293 terum
347 2259 547 2304 imperator
569 2258 751 2305 bipuppes
775 2270 885 2293 naves
913 2259 1064 2300 confici,
1091 2258 1211 2303 iisque
1248 2258 1287 2292 iu
1313 2259 1483 2293 Danubio
1508 2258 1677 2292 adversos

199 2308 347 2348 Unnos,
378 2306 410 2340 si
447 2306 593 2352 quando
633 2307 931 2348 transfretarent,
969 2306 1108 2352 excipi,
1148 2311 1186 2339 et
1217 2317 1298 2339 cum
1338 2308 1390 2341 eis
1417 2318 1544 2341 manus
1571 2306 1678 2340 iussit

199 2354 353 2389 conseri.
403 2353 461 2387 his
497 2353 631 2388 auditis
666 2354 813 2388 barbari
850 2355 965 2388 missis
1002 2354 1130 2399 legatis
1172 2355 1394 2399 petiverunt,
1417 2361 1459 2388 ut
1483 2354 1552 2388 sibi
1579 2353 1678 2388 redi-

199 2409 258 2438 tus
282 2408 365 2437 tuto
389 2402 674 2448 permitteretur,
703 2408 740 2436 et
767 2403 974 2436 Danubium
1008 2403 1227 2436 traiicerent.
1277 2404 1377 2437 misit
1404 2414 1487 2448 ergo
1515 2403 1676 2448 impera-

200 2457 258 2486 tor
300 2451 480 2484 Iustinum
517 2455 691 2497 nepotem
726 2462 838 2484 suum÷
862 2456 900 2485 et
935 2450 1202 2496 curopalatem:
1240 2461 1376 2498 eosque
1402 2451 1540 2486 dimisit
1571 2451 1677 2484 inco—

201 2499 329 2534 lumes.
777 2495 779 2500 ⁸

15 2545 186 2580 A.C.552
295 2545 514 2582 Antiochiae
542 2545 706 2591 episcopi
732 2544 914 2579 Anastasii
953 2556 1068 2579 annus
1094 2545 1243 2592 primus.

294 2595 374 2629 Hoc
399 2605 495 2628 anno
512 2599 662 2640 pontem
686 2592 732 2626 ad
746 2593 906 2638 Sagarim
930 2591 1078 2627 fluvium
1096 2595 1219 2641 coepit
1232 2595 1427 2641 imperator
1444 2597 1676 2632 construere:

203 2648 240 2677 et
267 2642 417 2677 flumine
442 2642 481 2676 in
502 2641 616 2675 alium
642 2641 783 2675 alveum
810 2640 982 2682 abducto,
1001 2653 1103 2675 arcus
1129 2643 1293 2690 quinque
1315 2641 1503 2676 mirabiles
1531 2653 1572 2674 ac
1595 2646 1675 2675 stu—

203 2691 342 2736 pendos
367 2690 548 2732 excitavit,
574 2701 641 2735 per
674 2701 766 2735 quos
798 2688 924 2723 faciles
969 2687 1075 2723 esset'
1092 2690 1139 2724 ad
1180 2696 1370 2737 utramque
1397 2690 1512 2737 ripam
1540 2689 1675 2724 transi-

202 2744 284 2774 tus:
312 2750 393 2773 cum
409 2750 502 2785 pons
526 2743 666 2772 tantum
691 2738 832 2782 ligneus
862 2743 968 2770 antea
997 2738 1135 2772 suisset.

16 2784 182 2819 A.c.553
295 2787 376 2823 Hoc
403 2798 513 2829 anno,
542 2786 676 2821 mensis
691 2785 914 2832 Septembris
941 2785 1000 2820 die
1026 2797 1137 2829 nono,
1162 2785 1415 2822 hebdomades
1444 2784 1587 2832 quinto,
1613 2783 1672 2818 in-
