1768 3106
236 135 350 209 598
789 152 1138 194 THEOPHAle

231 256 359 297 πάλιν
388 250 462 296 οὖν
494 253 675 311 ζητήσας
701 253 776 296 τόν
804 248 1034 310 ἄνθρωπον
1061 255 1136 296 τοῦ
1166 253 1411 310 στρατηγοῦ,
1442 253 1659 306 ἑπανακρύ
1672 269 1710 294 ει

231 322 377 365 αὐτόν.
435 339 456 364 ο
499 324 546 364 δὲ
596 322 703 377 πρὸς
741 320 873 364 αὐτὸν
914 320 1135 374 ἐνωμότως
1177 319 1282 376 ἔφη,
1323 315 1387 361 ὅτι
1429 318 1562 363 πάντα
1601 316 1707 374 ὅπερ

230 390 337 445 λέγω
366 405 434 432 σοι
472 390 615 445 α’ληθῆ
659 386 860 443 τῗποίρχει.
931 387 1039 430 ἀλλὰ
1081 387 1152 429 καί
1181 390 1311 441 χίλιοι
1340 385 1511 439 ταξάτοι
1541 386 1620 430 σὺν
1653 388 1711 444 τῷ

230 456 483 515 τουρμάρχῃ
524 458 616 499 ἐκεῖ
643 458 866 510 εἰσῆλθον·
912 457 1052 498 πᾶσαν
1083 457 1129 497 δὲ
1163 454 1345 509 ὕπαρξιν
1371 459 1452 498 τῶν
1477 458 1610 498 ἐκεῖσε
1639 456 1712 497 καί

230 525 304 574 τὰς
341 525 528 579 α’πόρους
573 526 782 580 φαμιλιάς
824 522 1024 579 ἐξήγαγεν
1064 525 1148 565 τῶν
1193 526 1296 566 ἐκεῖ.
1352 526 1490 566 ταῦτα
1521 521 1747 572 α’κούσαςό

229 589 388 649 γράφει
415 594 475 650 τῷ
515 592 763 649 στρατηγῷ,
805 587 872 632 ὅτι
911 592 1010 633 ἐλθὲ
1047 589 1171 644 ἐγγὺς
1212 593 1325 648 μοῦ,
1364 590 1438 632 καί
1477 590 1709 647 εἰρηνεύσω

226 659 334 714 μετὰ
364 661 454 715 σοῦ’,
484 662 557 701 καί
585 656 720 701 πάντα
751 657 808 708 ὥς
838 661 978 708 θέλεις
1007 659 1132 701 ποιῶ.
1190 656 1416 715 θεωρήσας
1447 660 1493 722 «fe
1523 658 1544 700 ὁ
1577 676 1708 715 στρα-

228 725 349 782 τηγὸς
378 722 446 768 ὅτι
496 727 568 769 ἐπὶ
609 724 916 768 Ῐηασσαλαιών
958 728 1238 783 ἐπλησίασεν,
1272 729 1347 768 καί
1387 722 1451 768 ὅτι
1483 728 1528 769 ἐν
1558 722 1708 775 ἄλλαις

228 796 351 836 πέντε
380 793 563 849 ἡμέραις
591 794 854 850 παρέρχεται
887 793 965 843 τοὶς
991 795 1202 847 ἐπαρχίας
1245 794 1392 848 αὐτοῦ,
1423 795 1577 848 πέμπει
1605 793 1710 850 πρὸς

186 860 365 904 Βαῦτὸν
394 861 471 903 δύο
504 859 714 916 ὑπάτους,
744 861 818 909 καί
856 863 982 916 δηλοῖ
1015 861 1159 917 αὐτῷ,
1200 857 1264 903 ὅτι
1294 860 1346 903 τά
1377 860 1603 918 γράμματά
1632 878 1707 904 σου
1728 873 1768 901 ιο

231 928 438 985 ἐδεξάμην
468 932 539 971 καί
567 927 643 984 την
671 928 920 983 προαίρεσίν
943 944 1021 987 σου
1045 928 1326 985 οἷπεὸεξάμην,
1361 931 1435 971 καί
1460 928 1553 972 ἴδοι)
1584 928 1708 984 ἔρχο-

228 1013 310 1050 μαι
339 996 446 1052 πρὸς
474 998 538 1038 σε’.
606 996 698 1038 ἀλλ’
732 994 789 1046 ὥς
828 995 1080 1052 ἐπίστασαι,
1115 995 1342 1052 στρατηγός
1373 998 1475 1053 εἰμι,
1503 998 1576 1040 καί
1601 993 1711 1052 χρή-

228 1081 354 1120 ματα,
388 1063 462 1105 καί
491 1058 685 1120 ἄργυρος,
719 1065 791 1106 καί
822 1062 926 1114 λαός
953 1079 1029 1118 μοι
1058 1062 1150 1118 ἔχει
1178 1063 1485 1119 ἀκολουθῆσαι.
1542 1067 1712 1119 πέμψον

90 1140 133 1174 V.
147 1141 215 1173 260
228 1147 303 1185 μοι
333 1133 433 1187 περὶ
463 1128 643 1173 ἑκάστου
663 1129 799 1187 λόγον.
829 1133 904 1173 καί
931 1132 971 1173 εἰ
995 1132 1088 1188 μὲν,
1118 1130 1264 1182 καθώς
1292 1133 1478 1187 ἐπιζητῶ
1506 1133 1550 1184 ἐξ
1576 1130 1711 1186 ὑμῶν,

229 1202 400 1255 γένηται
428 1196 472 1240 τὸ
505 1196 676 1254 πρᾶγμά
708 1214 793 1253 μου
823 1195 873 1241 εὖ
901 1198 974 1241 καί
1003 1201 1164 1256 καλῶς,
1199 1198 1294 1242 ἐπεὶ
1325 1196 1404 1242 κᾶν
1433 1197 1612 1255 α’ζὴμιος
1642 1200 1768 1243 nali&

231 1262 442 1316 ἄθλιπτος
480 1265 830 1319 ἑπανελεύσομαι.
900 1266 983 1309 τῶν
1023 1260 1099 1308 οὖν
1136 1263 1305 1309 ὑπάτων
1345 1266 1716 1325 καταφθασάντων

233 1334 367 1376 αὕτόν
400 1337 459 1384 εἰς
477 1335 753 1390 Θεοδοσιανά,
784 1337 894 1389 λέγει
922 1333 1026 1389 πρὸς
1055 1333 1213 1384 αὐτούς
1243 1333 1264 1375 ὅ
1290 1336 1565 1389 Μαοαλμᾶς·
1598 1330 1718 1394 ᾔδειν

232 1397 298 1444 ὅτι
327 1402 526 1455 ἐμπαίζει
554 1417 629 1455 μοι
659 1401 679 1443 ὃ
712 1400 948 1458 στρατηγὸς
979 1399 1116 1454 ὑμῶν.
1176 1404 1327 1445 ἐκεῖνοι
1359 1404 1405 1445 δὲ
1436 1401 1627 1459 ἔφησαν·
1656 1401 1714 1458 μὴ

234 1469 409 1524 γένοιτο.
481 1466 576 1511 τότε
606 1467 843 1524 πεποιηκώς
883 1467 931 1511 ὂν
970 1468 1232 1525 ἑπεζήτησαν
1260 1468 1405 1526 λόγον,
1435 1468 1610 1512 ἀπολύει
1637 1470 1718 1511 αυ’-

235 1534 345 1586 τούς.
401 1537 448 1580 ἐν
484 1531 569 1595 ὅσῳ
616 1531 694 1579 οὖν
723 1534 762 1578 οἱ
801 1533 960 1579 ὑπάτοι
1000 1536 1107 1591 μετὰ
1146 1538 1224 1580 τοῦ
1262 1535 1561 1595 ἑνυπογράφου
1593 1537 1715 1592 λόγου
1731 1547 1768 1573 2<

332 1695 365 1717 2.
394 1683 596 1732 ἐνωμότως
619 1683 662 1726 A,
687 1684 792 1731 ἐνομ.
817 1685 913 1729 vulg.
1048 1685 1082 1717 3.
1114 1683 1290 1733 ὑπάρχει]
1320 1687 1419 1723 εἰσὶν
1442 1686 1483 1720 Α.
1603 1688 1639 1721 6.
1667 1688 1718 1722 εἰ·

334 1732 480 1778 ρηνεύω
506 1733 546 1767 Α.
646 1734 678 1766 8.
708 1734 943 1768 Μασαλαίυν
980 1733 1018 1774 Α,
1045 1736 1304 1769 Μασσαλαῑον
1328 1746 1359 1767 a.
1487 1746 1538 1768 ιι.
1565 1738 1629 1770 καὶ
1652 1729 1719 1778 τὴν

331 1793 397 1827 πρ.
426 1791 495 1815 σου
521 1780 761 1828 ἀντεδεξάμην
787 1781 869 1814 add.
892 1793 935 1814 ex
961 1782 1000 1814 A.
1107 1785 1155 1826 ¹4.
1185 1779 1312 1822 καθώς
1325 1783 1363 1823 Α,
1395 1781 1447 1822 ὥς
1466 1782 1565 1828 vulg.
1668 1786 1717 1818 ¹5.

333 1841 410 1876 μου
436 1828 519 1862 add.
546 1841 590 1863 ex
617 1830 657 1862 A.
793 1831 842 1863 16.
875 1828 1059 1868 ι’έθλιπτος
1086 1831 1126 1870 Α,
1153 1828 1306 1875 ἅθλιβος
1334 1831 1428 1875 vulg.
1556 1832 1607 1865 18.
1632 1832 1718 1879 μοι]

333 1889 381 1924 με
406 1877 434 1911 A
462 1877 486 1910 f.
609 1888 666 1910 20.
690 1871 786 1924 μετὰ
811 1876 875 1911 τοῦ
903 1878 929 1910 Α
957 1889 990 1919 a,
1012 1880 1091 1925 μετ’
1120 1877 1237 1914 αὐτοῦ
1260 1879 1358 1924 vulg.

240 2020 354 2049 verat.
423 2015 553 2048 iterum
595 2016 706 2059 igitur
731 2015 832 2049 ducis
858 2017 1029 2049 nuncium
1066 2017 1276 2062 interrogat,
1314 2022 1351 2051 et
1378 2017 1580 2051 accuratius
1605 2016 1649 2050 ab
1675 2027 1720 2050 eo

241 2063 468 2104 sciscitatur,
503 2063 552 2096 ad
578 2075 687 2109 quem
723 2064 787 2097 ille
825 2064 964 2098 iuratus
1006 2064 1087 2098 ait:
1137 2076 1232 2111 quae
1260 2065 1452 2100 enunciavi
1479 2069 1607 2098 cuncta
1634 2075 1719 2097 vera

233 2117 347 2152 sunt,
373 2111 461 2156 quin
487 2112 599 2144 etiam
623 2112 727 2145 mille
753 2112 966 2157 praesidarii
1002 2113 1137 2146 milites
1169 2113 1235 2146 sub
1265 2113 1466 2147 turmarcha
1502 2112 1626 2146 urbem
1655 2112 1721 2145 de-

240 2158 422 2199 fendunt,
468 2170 593 2193 omnes
634 2170 719 2193 vero
761 2159 1029 2204 oppidanorum
1054 2162 1230 2206 pretiosas
1266 2161 1470 2203 facultates,
1500 2166 1537 2194 et
1562 2160 1719 2193 familias

242 2217 289 2240 ex
316 2212 476 2251 egestate
514 2218 606 2240 onus
638 2207 721 2240 urbi
750 2206 924 2241 allaturas
954 2208 1042 2241 inde
1068 2208 1206 2242 eduxit.
1254 2208 1313 2242 his
1338 2210 1484 2250 auditis,
1513 2208 1560 2241 ad
1591 2208 1720 2242 ducem

241 2253 430 2288 rescribit:
471 2254 603 2288 accede
642 2255 689 2288 ad
729 2265 808 2296 me,
837 2266 960 2301 pacem
986 2260 1107 2289 tecum
1131 2255 1254 2297 inibo,
1297 2261 1335 2290 et
1359 2269 1423 2302 pro
1449 2256 1626 2290 arbitratu
1654 2262 1719 2289 tuo

241 2307 372 2336 cuncta
405 2303 602 2336 conficiam.
665 2302 740 2335 dux
768 2302 1010 2343 Mass-alneum
1035 2315 1118 2337 eum
1146 2304 1216 2336 iam
1254 2306 1463 2349 pervenisse
1488 2306 1612 2338 animo
1636 2315 1721 2349 per-

238 2349 419 2397 pendens,
446 2355 484 2384 et
507 2351 604 2384 intra
630 2352 795 2396 quinque
820 2351 912 2384 alios
940 2351 1017 2384 dies
1043 2352 1246 2397 provincias
1273 2364 1394 2386 omnes
1416 2353 1718 2400 pertransiturum

238 2399 514 2445 praesentiens,
551 2409 619 2444 per
653 2398 744 2431 duos
785 2400 951 2432 consules
989 2398 1036 2432 ad
1067 2411 1149 2433 eum
1181 2401 1308 2433 missos
1344 2401 1546 2446 significat:
1586 2401 1717 2434 litteris

238 2447 314 2480 tuis
349 2448 518 2493 acceptis,
546 2446 594 2479 ad
631 2451 668 2479 te
693 2455 778 2480 mox
802 2446 1030 2492 profecturus
1070 2459 1159 2480 sum.
1223 2459 1346 2482 verum
1375 2449 1461 2495 quia
1485 2447 1611 2482 ducem
1641 2459 1717 2480 esse

238 2506 297 2528 me
322 2494 479 2537 novisti,
508 2493 796 2540 impedimenta,
822 2493 1027 2534 facultates,
1066 2500 1269 2540 argenteam
1296 2497 1562 2543 supellectilem
1589 2502 1626 2529 et
1654 2507 1719 2528 ex-

241 2543 393 2577 ercitum
418 2543 458 2576 in
483 2543 657 2578 comitatu
683 2553 759 2576 esse
784 2541 891 2574 simul
916 2542 1071 2575 noveris.
1094 2545 1232 2577 cunctis
1258 2551 1402 2579 cautum
1432 2544 1505 2578 fide
1530 2550 1590 2578 tua
1618 2543 1716 2577 volo.

241 2595 283 2624 et
305 2592 332 2624 si
359 2590 508 2636 quidem
541 2602 607 2637 pro
633 2589 740 2624 libito
780 2600 836 2622 res
863 2590 1083 2631 successerit,
1124 2591 1219 2625 bene
1248 2598 1285 2626 et
1309 2594 1479 2633 feliciter,
1505 2593 1560 2626 sin
1586 2592 1717 2631 minus,

241 2638 333 2672 citra
357 2639 559 2684 periculum
585 2645 623 2673 et
654 2637 764 2672 animi
793 2647 992 2671 moerorem
1020 2637 1067 2671 ad
1098 2650 1196 2673 meos
1224 2640 1364 2675 redibo.
1423 2651 1532 2686 porro
1554 2639 1717 2675 consuli-

240 2685 310 2719 bus
350 2684 396 2718 ad
421 2685 682 2721 Theodosiana
706 2685 917 2719 Masalmam
956 2687 1284 2729 convenientibus,
1317 2690 1396 2735 ipse
1422 2689 1538 2723 dixit:
1589 2687 1718 2720 ducem

240 2739 399 2767 vestrum
433 2733 521 2768 mihi
565 2733 723 2768 illudere
751 2738 868 2768 certus
894 2745 984 2767 sum.
1045 2740 1083 2768 at
1109 2735 1180 2776 illi,
1204 2735 1299 2770 absit
1325 2737 1486 2777 omnino,
1516 2734 1718 2781 responde-

242 2787 339 2816 runt.
389 2782 580 2817 Masalmas
604 2793 690 2817 vero
721 2782 905 2824 cautione,
930 2792 1038 2830 ququn
1063 2794 1084 2817 a
1109 2794 1148 2818 se
1170 2785 1366 2831 petierant,
1399 2784 1544 2827 tradita,
1573 2795 1634 2818 eos
1659 2782 1719 2817 di-
