1820 3120
253 114 369 191 764
827 135 1179 179 THEOPHAle

247 251 315 286 τες
344 234 383 279 οἱ
413 234 632 294 βάρβαροι
671 236 778 281 κατὰ
817 239 894 294 τῆς
925 238 1184 295 Νικηφόρον
1214 240 1393 296 σκηνῆς,
1432 240 1507 283 καί
1551 240 1632 284 τῶν
1662 239 1744 284 σῦν

247 304 370 363 aiu?
405 303 675 360 μεγιστάνων
712 307 962 362 ἀναιροῦσιν
1002 305 1134 349 αότόν
1166 307 1370 365 οἰκτρῶς,
1413 308 1458 351 έν
1496 302 1558 359 οἷς
1586 302 1637 365 ἦν
1670 310 1744 352 καὶ

102 382 142 417 Ρ.
164 371 406 428 4ι6Ἀέτιος
437 376 682 430 πατρίκιος,
710 376 785 418 καί
814 377 988 429 Πέτρος
1016 378 1272 431 πατρίκιος,
1313 377 1388 419 καί
1418 377 1628 428 Σισίννιος
1661 394 1743 420 πα-

244 442 403 497 τρίκιος
432 441 454 483 ὃ
489 440 748 499 Τριφύλλης,
778 440 854 484 καί
881 441 1114 493 Θεοδόσιος
1152 445 1388 501 πατρίκιος,
1427 441 1452 486 ὅ
1483 446 1744 501 Σαλιβαριῖς,

244 506 269 550 ὅ
298 508 432 552 πολλοὶ
461 507 657 565 λυπήσας
688 509 765 552 καί
795 509 904 552 κακοὶ
938 509 1232 564 ἐνδειξάμενος
1262 513 1315 570 τῇ
1341 511 1536 571 μακαρίᾳ
1566 510 1780 572 Εἰρήνῃ,5

242 578 318 620 καί
345 576 367 619 ὅ
399 575 590 633 ἔπαρχος
618 577 864 635 πατρίκιος,
894 577 969 620 καί
989 575 1212 634 Ῥωμανὸς
1242 579 1476 638 πατρίκιος,
1507 581 1583 624 καί
1608 597 1742 639 στρα-

242 643 369 702 τηγὸς
399 646 484 688 τῶν
513 641 785 703 ἀνατολικῶν,
814 648 890 689 καί
909 645 1048 703 ἕτεροι
1066 647 1216 690 πολλοὶ
1244 648 1638 707 πρωτοσπαθάριοι,
1667 651 1745 692 καί

242 711 492 770 σπαθάριοι,
522 716 598 757 καί
624 716 708 757 τῶν
735 711 967 771 ταγμάτων
998 711 1219 773 ἄρχοντες,
1262 712 1287 758 ὅ
1316 733 1359 760 τε
1388 717 1466 761 τοῦ
1495 719 1740 773 έξκουβίτου

242 782 502 838 δομέστικος,
533 781 608 825 καί
632 781 655 825 ὅ
686 782 965 840 δρουγγὰριος
989 785 1063 839 τῆς
1081 786 1307 841 βασιλικῆς
1323 788 1483 844 βίγλης,
1511 785 1586 829 καί
1615 783 1636 829 ὁ
1664 787 1742 842 τῆς

245 847 415 907 Θρᾴκης
449 849 706 907 στρατηγός,
747 852 822 894 καί
862 854 1013 894 πολλοὶ
1051 848 1260 907 ἄρχοντες
1305 855 1392 896 τῶν
1430 851 1631 907 θεμάτων
1658 852 1740 898 σύν
1760 873 1806 900 ιο

202 917 432 972 Βιίπείροις
463 923 596 974 λαοῖς,
626 918 743 962 πᾶσά
773 934 819 962 τε
849 918 874 976 ἧ
901 921 984 963 τῶν
999 921 1276 977 Χριστιανῶν
1292 920 1475 979 καλλονή
1505 922 1739 980 διεφθάρη·

238 986 291 1029 τοί
320 1002 365 1029 τε
395 983 506 1029 ὅπλα
537 988 675 1030 πάντα
704 987 938 1045 dunstano,
966 991 1040 1032 καί
1065 989 1117 1032 τὰ
1149 991 1224 1045 τῆς
1254 989 1481 1044 βασιλείας
1509 990 1656 1047 σκεύη.
1686 988 1738 1034 τὰ

239 1055 288 1096 δὲ
317 1056 392 1110 τῆς
420 1054 621 1112 τοιαύτης
646 1053 812 1112 ἡμέρας
842 1055 1009 1114 ἀκαλλῆ
1036 1055 1207 1114 ῥήματα
1235 1057 1296 1115 μη
1327 1060 1492 1115 γένοιτο
1521 1061 1739 1115 Χριστια-

239 1128 328 1172 νοῖς
357 1124 465 1166 ἰδεῖν
494 1121 580 1180 ἔτι,
620 1123 679 1176 ῶς
705 1124 843 1167 πάντα
889 1123 1053 1182 θρήνου
1084 1127 1293 1169 ἐπέκεινα.
1351 1128 1488 1170 ταῦτα
1519 1128 1571 1170 δὲ
1595 1129 1738 1183 γέγονε

235 1191 288 1249 τῇ
316 1193 483 1250 εἰκοστῇ
510 1193 678 1252 πέμπτῃ
708 1195 786 1236 τοῦ
812 1194 993 1237 Ἰουλίου
1010 1192 1144 1251 μηνὸς
1174 1196 1410 1239 ἰνδικτιῶνι
1438 1193 1636 1254 τετάρτῃ
1661 1194 1737 1253 τήν
1755 1200 1802 1241 ι5

237 1261 284 1303 δὲ
317 1258 575 1318 Νικηφόρον
606 1261 799 1319 κεφαλὴν
830 1261 1017 1318 ἐκκόψας
1048 1260 1069 1305 ὃ
1104 1266 1355 1322 Κροῦμμος,
1401 1262 1638 1320 ἐκρέμασεν
1666 1266 1736 1308 ἐπὶ

235 1326 365 1380 ξύλου
398 1328 561 1386 ἡμέρας
594 1328 757 1384 ἱκανάς,
788 1333 849 1381 εἰς
879 1331 1083 1384 ἐπίδειξιν
1115 1332 1201 1375 τῶν
1236 1334 1481 1388 ἐρχομένων
1511 1333 1573 1383 εἰς
1603 1331 1736 1376 αὐτὸν

234 1397 372 1439 ἐθνῶν
410 1399 485 1440 καί
519 1399 748 1456 αἰσχύνην.
813 1398 923 1454 μετὰ
954 1401 1002 1443 δὲ
1031 1402 1166 1444 ταῦτα
1207 1399 1355 1456 λαβών
1383 1399 1530 1458 αὐτήν,
1559 1402 1633 1444 καί
1661 1418 1736 1457 γυ-

232 1462 406 1519 μνώσας
442 1465 490 1508 τὸ
534 1464 714 1523 ὀστοῦν,
745 1462 937 1525 ἄργυρόν
965 1484 1012 1511 τε
1058 1465 1243 1519 ἑνδύσας
1283 1467 1466 1524 ἔξωθεν,
1507 1469 1644 1513 πίνειν
1674 1471 1736 1519 εἰς

194 1531 342 1579 Οαῦτὸ
375 1533 477 1584 τούς
507 1536 594 1578 τῶν
624 1537 874 1590 ,Σκλαβίνων
905 1530 1122 1593 ἄρχοντας
1160 1538 1358 1594 έποιήσεν
1387 1538 1799 1594 έγκαυχώμενος.αο

336 1703 366 1725 ι.
394 1694 458 1735 τῆς
481 1691 523 1734 Α,
551 1692 616 1727 τοῦ
641 1692 738 1738 vulg.
851 1702 884 1725 2.
915 1688 960 1736 ἦν
992 1692 1076 1726 add.
1106 1704 1149 1727 ex
1175 1693 1217 1728 A.
1342 1694 1376 1727 8.
1405 1690 1425 1728 ὃ
1451 1704 1490 1728 τε
1512 1692 1578 1728 τοῦ
1603 1694 1730 1734 ἒξκου-

328 1743 432 1787 βίιου
460 1740 499 1782 Α,
525 1743 590 1775 καὶ
619 1743 696 1777 τῶν
721 1742 945 1788 ἐξκουβίτων
981 1742 1078 1786 vulg.
1207 1753 1242 1786 9.
1268 1742 1395 1788 βίγλης
1413 1744 1453 1784 Α,
1479 1743 1611 1789 βίγλας
1633 1744 1731 1787 vulg.

335 1800 390 1822 ιι.
419 1787 439 1830 ἦ
465 1790 542 1824 τῶν
569 1793 644 1838 Χρ.
666 1791 706 1831 A,
736 1793 814 1827 τῶν
838 1793 912 1838 Χρ.
942 1789 962 1834 ἦ
989 1790 1086 1837 vulg.
1200 1789 1251 1835 ιί..
1280 1791 1365 1825 fort.
1391 1785 1548 1831 παντὸς.
1678 1793 1729 1825 16.

330 1837 482 1884 ἐπικόψ.
508 1838 548 1872 Α.
653 1849 705 1883 ¹9·
731 1834 773 1876 τὸ
800 1838 885 1873 add.
916 1850 960 1873 ex
987 1839 1028 1873 A.
1141 1848 1200 1873 20.
1230 1835 1319 1876 αὐιό
1344 1839 1387 1881 Α,
1416 1834 1533 1884 αὐτὴν
1560 1839 1658 1885 vulg.

233 1972 452 2018 optimatum
481 1973 561 2007 eius
588 1974 763 2016 tentoria,
790 1975 890 2021 ipsos
918 1974 1179 2010 miserabiliter
1205 1974 1482 2016 obtruncarunt,
1506 1975 1603 2009 inter
1632 1986 1725 2021 quos

230 2020 360 2054 Aetius
401 2022 601 2066 patricius,
643 2024 768 2058 Petrus
808 2024 1005 2070 patricius,
1045 2024 1225 2058 Sisinnius
1266 2023 1496 2070 Triphyllius
1534 2023 1724 2070 patricius,

231 2068 465 2103 Theodosius
490 2072 676 2116 patricius,
703 2071 885 2107 Salibaras
928 2072 1071 2116 dictus,
1097 2073 1161 2119 qui
1187 2073 1312 2107 multis
1348 2072 1530 2106 aerumnis
1559 2078 1597 2106 et
1621 2072 1728 2106 nialis

230 2117 347 2152 illatis
373 2117 518 2152 beatam
544 2119 687 2154 Irenem
716 2120 855 2163 afflixit,
879 2121 1087 2167 praefectus
1119 2133 1268 2167 quoque
1295 2121 1406 2155 etiam
1431 2121 1510 2167 ipse
1538 2120 1727 2165 patricius,

229 2168 412 2200 Romanus
443 2167 620 2212 patricius
648 2174 686 2202 et
714 2169 950 2204 orientalium
982 2169 1068 2212 dux,
1096 2174 1134 2204 et
1161 2170 1225 2203 alii
1251 2170 1401 2215 plurimi
1427 2167 1727 2216 protospatharii,

229 2213 421 2260 spatharii,
450 2216 634 2260 agminum
663 2216 854 2260 ductores,
889 2219 1144 2253 excubitorum
1173 2218 1413 2259 domesticus,
1453 2217 1726 2263 exploratorum

231 2264 308 2298 sive
341 2264 599 2309 imperatoriae
637 2265 786 2310 vigiliae
811 2267 1048 2312 drungarius,
1078 2266 1257 2301 Thraciae
1286 2265 1373 2306 dux,
1399 2266 1507 2299 multi
1535 2271 1726 2312 praeterea

230 2312 432 2346 thematum
452 2324 621 2358 proceres
646 2319 685 2347 et
704 2312 889 2357 officiales,
914 2328 995 2349 cum
1023 2316 1216 2350 innumera
1235 2314 1390 2348 militum
1416 2314 1539 2360 plebe,
1567 2314 1660 2348 adeo
1687 2319 1727 2348 ut

233 2361 523 2394 Christianorum
561 2361 672 2395 decor
701 2363 817 2396 omnis
856 2370 893 2398 et
929 2364 1105 2410 splendor
1139 2375 1183 2398 eo
1221 2363 1282 2396 die
1308 2369 1511 2408 prostratus
1549 2363 1663 2397 fuerit
1688 2368 1727 2396 et

233 2411 383 2443 omnino
411 2411 617 2452 extinctus,
649 2421 824 2456 armaque
860 2413 999 2457 pariter
1035 2413 1203 2446 universa
1231 2417 1267 2445 et
1303 2412 1532 2457 imperatoris
1556 2411 1725 2457 supellex

234 2459 354 2492 omnis
380 2459 542 2503 perierit.
603 2460 885 2505 incompositum
922 2472 1011 2494 sane
1039 2461 1146 2495 istius
1175 2460 1248 2493 diei
1286 2460 1452 2502 relatum,
1478 2471 1543 2494 ceu
1570 2460 1635 2505 qui
1665 2459 1724 2492 lu-

233 2512 331 2540 ctum
360 2513 397 2541 et
437 2508 606 2554 querelas
645 2518 770 2542 omnes
797 2515 1014 2554 exsuperet,
1046 2509 1144 2543 absit
1173 2514 1213 2542 ut
1239 2508 1436 2542 Christiani
1471 2510 1604 2542 iterum
1632 2507 1724 2540 alibi

234 2555 350 2588 oculis
379 2556 615 2601 prospiciant.
679 2556 913 2602 contigerunt
937 2558 1009 2591 ista
1039 2558 1174 2591 mensis
1202 2558 1284 2590 Iulii
1313 2557 1372 2591 die
1398 2558 1568 2591 vicesimo
1593 2557 1723 2602 quinto

233 2603 438 2638 indictione
465 2611 607 2651 quarta.
659 2605 849 2639 Crummus
878 2611 1001 2639 autem
1022 2611 1250 2651 amputatum
1275 2605 1474 2652 Nicephori
1503 2610 1625 2651 caput,
1654 2603 1725 2638 ad-

232 2653 471 2686 ventantibus
509 2653 555 2686 ad
585 2665 621 2686 se
648 2654 757 2687 variis
782 2653 1007 2696 nationibus,
1034 2654 1294 2688 ostentandam
1320 2666 1385 2700 per
1412 2653 1491 2688 dies
1517 2654 1653 2687 multos
1683 2653 1723 2687 in

233 2700 477 2734 Romanorum
521 2701 680 2736 dedecus
716 2707 754 2737 et
777 2703 998 2749 vituperium
1027 2703 1067 2737 in
1103 2703 1204 2748 ligno
1231 2702 1436 2750 suspendit.
1488 2700 1722 2748 postmodum

232 2759 320 2783 vero
346 2749 440 2782 illud
463 2750 663 2796 suspendio
691 2751 884 2793 revulsum,
913 2751 1083 2785 carnibus
1110 2750 1300 2793 nudatum,
1326 2757 1364 2786 et
1388 2758 1538 2795 argento
1565 2755 1724 2791 tectum,

234 2799 495 2844 computatus-is
523 2799 773 2835 sclavinorum
801 2799 1028 2848 principibus
1055 2801 1093 2835 in
1121 2801 1295 2848 poculum
1323 2798 1584 2846 gloriabundus
1612 2800 1720 2834 effor-
