1708 3172
183 171 253 211 XX
652 168 997 212 THEOPHANlS
1037 170 1181 212 VITA.

181 269 456 323 προσβλέψας
482 266 761 325 ἱλαρώτερον,
801 270 874 311 καί
905 269 1119 325 συνθιξκας
1148 269 1255 326 πρὸς
1283 272 1440 328 ταύτην
1469 273 1647 330 ποιησά-

179 351 305 389 μενος
343 332 399 385 ὥς
433 333 632 378 κοινωνὸν
677 338 722 378 ἐν
763 339 867 379 πᾶσι
894 342 1038 386 καλοῖς
1065 337 1171 391 ἕξει,
1212 341 1284 380 καί
1325 339 1386 388 εἰς
1415 341 1548 382 αι’ὤνα
1576 340 1647 384 τὸν

177 406 384 456 μέλλοντα
419 401 499 445 σὺν
526 401 645 460 αὐτῷ
673 405 748 458 τῆς
778 406 907 459 καλῆς
928 406 1127 459 ἐργασίας
1153 405 1404 460 α’πάρχεται·
1435 410 1508 448 καί
1536 424 1647 462 παρ-

178 472 332 512 αυτίκα
378 468 628 523 μονάζοντες
667 465 776 524 ἦσαν
805 473 849 513 ὲν
881 474 1064 529 κοσμικιῇ
1085 471 1362 526 πολιτεύματι
1377 472 1448 516 τὸν
1477 476 1647 516 ἐκείνων

177 539 269 590 βίον
299 539 632 590 διακριβοῦντες,
663 539 842 591 ’ξυνωρίς
869 542 1080 594 παναγία,
1108 537 1185 588 τάς
1213 538 1364 595 νοητὰς
1392 541 1685 594 άνατέμνον-5

175 619 242 652 τες
275 598 466 652 αὔλακας
493 605 564 645 καί
592 610 682 653 ταῖς
705 605 925 658 οὐρανίαις
959 612 1100 660 σηκοῖς
1129 604 1200 648 τὸν
1230 606 1378 662 νοητὸν
1407 607 1522 650 σι’τον
1551 609 1646 650 ἐνα-

177 673 454 724 ποτιθέμενοι.
514 667 686 726 ἔτερπον
716 669 907 726 Χριστὸν
936 672 1094 730 ειῗωδίᾳ
1121 674 1269 715 τούτου
1299 672 1546 728 γενόμενοι·
1575 675 1649 718 καὶ

176 739 251 793 τῆς
281 738 439 779 ἐκείνου
469 739 550 780 τῶν
578 736 726 792 μύρων
755 738 889 794 ὀσμῆς
933 739 1355 797 ἀντιλαμβανόμενοι,
1386 741 1460 798 τήν
1486 742 1646 784 ἐκείνου

175 803 486 847 κατεπλούτουν
518 806 758 860 ἐπιδημίαν.

294 873 378 926 Τῆς
407 869 621 926 συνήθους
650 874 753 926 γοῦν
783 879 881 927 παρ’
911 873 1055 923 αὐτοῖς
1083 876 1323 930 νυκτερινῆς
1352 877 1646 931 ἐκτελουμένης
1667 893 1708 919 ιο

174 936 400 993 συνάξεως,
430 938 614 988 εὐωδίας
647 938 667 980 ὅ
702 935 811 989 οἶκος
840 943 922 989 πᾶς
954 941 1287 996 α’ναπίμπλαται,
1318 945 1458 983 πᾶσαν
1479 942 1645 999 συνήθη

173 1009 324 1063 μακρῷ
353 1007 411 1063 τῷ
438 1007 580 1063 μέσσῳ
606 1008 979 1063 παρατρεχούσης,
1023 1007 1096 1049 καί
1124 1006 1199 1062 τὴν
1228 1009 1303 1049 τοῦ
1327 1010 1528 1050 δεσπότου
1561 1027 1645 1051 πα..

175 1076 353 1125 ρουσιάν
373 1074 708 1129 παραδηλούσης,
743 1070 788 1122 ὃς
810 1074 886 1128 τήν
917 1075 1121 1129 πρόθεσιν
1146 1074 1228 1116 τῶν
1254 1077 1511 1128 θαυμασίων
1539 1071 1647 1117 ἄπο..

174 1137 419 1192 δεξάμενος,
463 1142 513 1197 τῇ
552 1141 681 1198 οἰκεία
721 1139 998 1195 κατηγλάισεν
1033 1142 1250 1198 ἐπιδημίᾳ.
1306 1140 1646 1198 ὖφαπλιόσαντας

172 1203 246 1248 οὖν
284 1205 468 1256 ἑαυτοὺς
513 1209 567 1265 τῷ
612 1206 790 1264 ἐδάφει,
829 1207 904 1256 τάς
944 1208 1020 1250 τοῦ
1046 1209 1187 1258 ἐλέους
1221 1211 1449 1263 ἐπιβλῦσαι
1479 1210 1708 1260 τούτοιςιό

169 1269 298 1332 ᾔτουν
331 1275 478 1331 πηγάς.
536 1276 609 1316 καί
637 1273 688 1329 δὴ
713 1277 785 1331 τῆς
808 1278 930 1324 θείας
960 1276 1193 1332 ἐμφανείας
1220 1278 1546 1334 παρῳχηκυίας,
1571 1276 1644 1319 τὸν

171 1343 351 1384 πλοῦτον
382 1343 609 1397 κενοῦντες,
639 1343 724 1384 τῶν
756 1344 964 1395 δεομένων
1004 1345 1244 1398 ἐνεχείρουν
1272 1346 1410 1399 χερσί,
1440 1345 1515 1386 καί
1541 1343 1644 1399 πρὸς

167 1406 243 1463 τήν
290 1408 564 1464 ἀναχώρησιν
605 1409 951 1462 ἐνσκευάζεσθαι.
1024 1407 1347 1467 ἀντεστρατήγει
1393 1414 1441 1454 δὲ
1479 1411 1644 1460 τούτοις

124 1523 126 1529 ¹
167 1474 327 1531 φθόνος
350 1477 427 1518 τοῦ
457 1471 596 1518 κοινοῦ
626 1479 827 1529 πολεμίου
859 1480 961 1519 πᾶσι
992 1477 1234 1531 βασκαίνων
1265 1483 1433 1535 καλοῖς,
1462 1481 1537 1521 καί
1566 1496 1638 1534 κη-

168 1542 318 1597 δευτὴς
347 1542 369 1584 ὅ
401 1542 553 1585 τούτου
585 1545 651 1585 ἐπ’
684 1545 827 1594 αὐτοῖς
856 1542 1002 1597 μόνοις
1023 1542 1099 1593 τὰς
1133 1543 1306 1595 ἐλπίδας
1331 1549 1408 1588 τοῦ
1434 1548 1530 1599 βίου
1562 1562 1637 1587 σα·
1654 1559 1705 1585 20

168 1607 317 1665 λεύων,
346 1609 418 1652 ἐπὶ
446 1613 649 1653 τοσοῦτον
686 1610 928 1667 χαλεπήνας
969 1613 1026 1670 τῷ
1054 1609 1300 1669 πράγματι,
1330 1612 1387 1662 ὥς
1416 1615 1490 1655 καί
1516 1616 1639 1668 βασι-

266 1770 298 1791 2.
327 1758 384 1840 ἕξις]
413 1760 490 1794 Par.
612 1770 644 1804 7.
680 1760 762 1794 fort.
795 1761 1013 1808 γενομένου.
1142 1772 1193 1806 ¹7·
1223 1760 1315 1794 forte
1352 1760 1416 1796 τοῦ
1450 1755 1546 1808 πρὸς
1573 1756 1639 1803 τὴν

261 1817 331 1851 Ing.
383 1818 432 1839 ar·

166 1921 268 1956 vultu
296 1922 484 1966 coniugem
523 1922 694 1962 intuitus,
722 1933 762 1956 ac
788 1923 997 1968 pollicitus,
1030 1934 1068 1957 se
1095 1923 1194 1957 illam
1219 1922 1380 1957 honestis
1407 1923 1574 1957 omnibus
1599 1923 1636 1956 in

167 1970 308 2011 studiis,
334 1970 500 2015 adeoque
527 1971 563 2003 in
592 1971 713 2003 futuro
739 1972 883 2004 saeculo
910 1972 1042 2004 sociam
1068 1971 1287 2012 habiturum,
1316 1982 1387 2004 una
1413 1971 1636 2017 praeclarum

168 2029 258 2062 opus
289 2018 505 2062 auspicatur.
557 2019 753 2062 statimque
782 2019 1020 2052 monasticum
1060 2019 1264 2052 institutum
1299 2019 1335 2052 in
1361 2019 1536 2052 saeculari
1562 2020 1636 2052 vita

167 2071 437 2106 consectantes,
474 2065 570 2097 omni
599 2066 771 2098 virtutum
810 2077 938 2110 genere
973 2067 1083 2100 vitam
1106 2067 1295 2108 excolunt3
1320 2072 1479 2100 sanctum
1506 2078 1636 2111 nempe

165 2123 232 2158 par
258 2113 389 2153 effecti,
417 2113 479 2157 qui
506 2113 685 2158 spiritales
711 2113 829 2146 sulcos
854 2113 1070 2154 scinderent,
1103 2115 1215 2159 inque
1250 2113 1469 2147 caelestibus
1495 2114 1636 2147 horreis

166 2160 331 2204 spiritale
368 2160 492 2193 itidem
529 2160 688 2193 triticum
741 2161 990 2195 reconderent.
1059 2161 1192 2195 Christi
1238 2161 1355 2195 bonus
1391 2161 1481 2195 odor
1518 2162 1637 2195 effecti

165 2207 285 2252 ipsum
310 2207 562 2250 oblectabant3
589 2208 801 2254 bonumque
827 2209 903 2242 eius
925 2215 1189 2254 unguentorum
1215 2209 1362 2243 odorem
1381 2210 1635 2255 percipientes,

166 2255 266 2288 illius
296 2255 498 2300 praesentia
523 2255 746 2288 fruebantur.

262 2302 350 2335 Cum
387 2303 494 2346 igitur
526 2314 591 2346 pro
628 2315 840 2347 sponsorum
865 2315 962 2337 more
998 2304 1048 2337 sic
1080 2310 1222 2338 noctem
1262 2305 1530 2348 transegissent,
1559 2310 1635 2338 tota

167 2349 294 2383 domus
324 2350 411 2383 boni
440 2350 561 2383 odoris
589 2350 781 2394 fragrantia
812 2352 949 2395 repleta
975 2358 1041 2392 est,
1069 2363 1162 2398 quae
1192 2353 1300 2397 longo
1324 2353 1517 2385 intervallo
1543 2351 1635 2385 odo-

167 2398 214 2430 ris
244 2409 384 2431 omnem
412 2403 619 2431 consuetam
643 2399 857 2432 suavitatem
882 2410 1075 2444 superans,
1106 2399 1242 2432 domini
1269 2401 1511 2446 praesentiam
1534 2399 1634 2433 indi-

168 2444 284 2478 cahat.
334 2446 363 2478 is
390 2456 521 2491 nempe
540 2445 805 2479 admirabilium
823 2448 1015 2490 coniugum
1034 2448 1257 2493 propositum
1283 2447 1501 2492 approbans,
1527 2459 1634 2493 prae-

167 2493 285 2526 sentia
325 2504 386 2526 eos
426 2504 488 2526 sua
523 2492 741 2527 honestavit.
783 2505 875 2527 ‘sese
909 2495 1018 2538 igitur
1052 2494 1150 2527 humi
1189 2500 1470 2540 prosternentes,
1496 2501 1536 2529 ut
1561 2495 1633 2528 sibi

167 2540 434 2581 misericordiae
462 2541 582 2574 fontes
607 2546 806 2582 manarent,
833 2541 1083 2576 obsecrabant.
1133 2541 1300 2590 adeoque
1326 2543 1387 2575 ubi
1414 2554 1469 2576 res
1493 2549 1632 2576 transa-

166 2594 222 2622 cta
249 2593 364 2628 esset,
398 2589 707 2634 praeterieratque
742 2587 887 2622 divinae
925 2590 988 2624 ille
1015 2596 1228 2635 conspectus
1259 2591 1504 2636 praesentiae,
1543 2602 1631 2636 opes

164 2636 299 2669 affatim
320 2636 558 2676 effundentes,
584 2648 782 2682 pauperum
801 2637 966 2670 manibus
984 2637 1259 2679 contradebant,
1285 2649 1357 2683 quo
1384 2649 1421 2671 se
1449 2638 1494 2671 ad
1520 2639 1631 2671 vitam

164 2683 204 2716 in
228 2683 426 2717 solitudine
463 2683 661 2728 degendam
703 2690 963 2731 compararent.
1014 2684 1078 2719 sed
1118 2687 1317 2719 communis
1342 2684 1456 2719 hostis
1482 2686 1631 2726 invidia,

163 2742 270 2775 quam
296 2732 373 2776 ipse
401 2742 444 2764 ex
470 2731 574 2764 rebus
590 2730 751 2765 honestis
767 2733 1032 2778 praeclarisque
1057 2733 1248 2774 contrahit,
1273 2733 1541 2767 adversabatur.
1573 2744 1633 2766 so-

164 2789 296 2825 cerque
323 2780 424 2820 eius,
457 2779 519 2825 qui
545 2790 686 2813 omnem
717 2780 756 2814 in
780 2780 869 2827 ipsis
907 2781 992 2814 solis
1027 2791 1144 2815 rerum
1177 2792 1318 2814 suarum
1354 2792 1452 2828 spem
1476 2782 1629 2827 positam
