1768 3106
208 137 322 206 324
779 152 1124 196 TnEOPHAle

204 259 282 307 λᾶς
309 257 357 299 δὲ
388 253 552 311 ἔχθραν
575 252 685 310 ἔχων
727 255 834 312 πρὸς
863 257 1116 310 Σολομῶνα,
1154 252 1259 297 διότι
1289 252 1363 296 τόν
1390 253 1528 296 αὔτοῦ
1554 255 1678 305 α’δέλ-

67 326 103 361 Ρ.
126 338 186 374 ¹77
206 322 291 381 φὸν
325 321 526 380 ἔκτεινεν,
555 329 644 372 τοῖς
683 321 920 378 βαρβάροις
947 320 1136 378 ἑνοῦται,
1164 320 1239 364 καί
1267 321 1370 364 κατὰ
1398 322 1677 378 Καρχηδόνος

204 393 279 434 καί
305 391 552 444 Σολομῶνος
579 387 743 439 τούτοις
770 388 999 446 ὡδήγησεν.
1069 388 1268 442 Σολομῶν
1308 391 1355 432 δὲ
1385 391 1518 432 ταῦτα
1546 386 1677 432 ‹inod-

204 474 297 515 σας,
325 454 586 513 παραλαβών
614 454 660 500 τὸ
699 455 943 513 στράτευμα
972 460 1065 499 κατ’
1104 456 1243 499 αὐτῶν
1270 453 1479 513 ὥρμησεν.
1540 456 1678 500 ἐλθών

206 527 252 570 δὲ
282 527 341 576 εἷς
371 526 533 580 Βέστην
570 523 647 580 τὴν
690 522 814 566 πόλιν
855 523 898 575 ἓξ
940 522 1107 580 ἡμερῶν
1138 521 1417 580 Καρχηδόνος
1445 523 1714 583 &hirtius-5

201 608 380 648 χουσαν,
407 594 452 634 ἑν
482 591 594 650 αὐτῇ
622 590 1047 646 ἐστρατοπεδεύσατο.
1081 587 1189 647 ἦσαν
1211 594 1257 634 ὸὲ
1286 590 1366 635 σύν
1398 592 1514 649 αύτῷ
1529 593 1677 648 Κῦρος

205 661 278 703 καί
303 661 476 716 Σέργιος
505 660 580 701 καί
603 658 803 712 Σολομῶν
832 657 854 701 ὁ
885 662 989 712 νέος,
1024 658 1061 702 οἱ
1092 664 1167 702 τοῦ
1185 658 1360 715 Βάκχου
1387 661 1547 710 παῖδες.
1573 657 1676 702 ἰδών

205 729 252 770 δὲ
282 725 328 770 τὸ
375 729 536 782 πλῆθος
574 727 656 768 τῶν
697 725 928 782 βαρβάρων
970 726 1042 769 καί
1080 725 1310 782 δειλιάσας,
1350 724 1540 782 ἔπεμψεν
1568 725 1676 782 πρὸς

203 792 305 844 τούς
336 789 548 849 ἄρχοντας
579 792 720 836 αὐτῶν
749 792 1023 851 μεμφόμενος
1053 797 1210 851 αὐτοῖς,
1237 792 1297 837 ὅτι
1315 793 1532 838 ἔνσπονδοι
1558 794 1674 838 ‘Pm-

202 858 343 915 μαίων
371 857 510 912 ὄντες,
555 856 664 903 ὅπλα
695 863 786 904 κατ’
813 863 953 904 αὐτῶν
983 863 1193 918 ἐκίνησαν,
1234 858 1349 914 ἄξιον
1379 863 1426 905 δὲ
1453 861 1532 918 τὴν
1559 860 1742 917 cipri-10

164 939 276 985 Βνην
307 928 619 984 κρατύνεσθαι,
653 931 727 971 καί
755 927 896 983 ὅρκοις
934 932 1231 983 βεβαιοῦσθαι.
1298 929 1338 973 οἱ
1374 931 1422 972 δὲ
1464 928 1677 986 βάρβαροι

201 997 488 1051 χλευάσαντες
529 994 579 1038 τὰ
609 998 837 1053 εἰρημένα,
877 994 1064 1053 ἔφησαν·
1131 996 1276 1055 ἐπειδὴ
1321 1001 1494 1055 Σέργιος
1530 999 1590 1048 εἰς
1621 996 1675 1040 τὰ

204 1064 428 1118 εὐαγγέλια
458 1060 619 1118 ὀμόσας
644 1067 781 1114 καλῶς
800 1065 988 1121 ἐφύλαξε
1006 1064 1104 1115 τούς
1136 1062 1286 1121 ὅρκους
1305 1066 1554 1115 ἀποκτείνας
1581 1064 1680 1116 τούς

203 1130 484 1186 ὀγδοήκοντα,
548 1133 638 1181 πῶς
676 1134 753 1174 νῦν
783 1131 903 1186 ὑμῶν
933 1134 1215 1186 πιστεύσομεν
1256 1131 1357 1183 τούς
1387 1132 1565 1189 ὁ’ρκους,·
1599 1148 1676 1174 πο-

203 1200 334 1252 λέμου
370 1200 417 1241 δὲ
445 1202 732 1255 κροτηθὲντος,
762 1202 987 1254 τρέπονται
1021 1199 1058 1242 οὶ
1085 1201 1308 1254 ζΡωμαῖοι.
1366 1203 1442 1244 ’τοῦ
1471 1202 1518 1243 δὲ
1544 1202 1675 1243 ἵππου
1695 1201 1742 1241 15

204 1262 458 1315 ὀκλάσαντος
489 1267 690 1309 κτείνεται
705 1265 918 1322 Σολομῶν,
948 1268 1022 1309 καί
1050 1267 1088 1310 οἱ
1116 1268 1266 1311 τούτου
1288 1268 1540 1326 δορυφόροι.
1571 1269 1678 1323 ,Σέρ-

203 1350 292 1389 γιος
337 1335 383 1376 δὲ
432 1332 452 1376 ὃ
480 1333 642 1376 ’τούτου
679 1333 856 1388 ἀνεψιὸς
894 1333 974 1391 τήν
1005 1337 1080 1391 τῆς
1109 1338 1281 1392 Λιβύης
1325 1334 1464 1392 ἀρχὴν
1488 1334 1572 1378 ὑπὸ
1601 1337 1680 1378 τοῦ

203 1403 414 1454 βασιλέως
444 1402 728 1458 ἐνεχειρίσθη.
782 1398 979 1459 Ἰωάννης
1000 1404 1046 1445 δὲ
1074 1400 1390 1456 ὄΣισιννιόλου,
1424 1401 1498 1445 καί
1524 1401 1564 1445 οἱ
1593 1406 1681 1445 λοι-

203 1467 279 1510 noi
315 1464 517 1524 ἄρχοντες
556 1475 681 1522 μῖσος
722 1468 829 1527 πρὸς
866 1468 934 1513 τὸν
964 1473 1137 1528 Σέργιον
1176 1473 1286 1527 μέγα
1320 1472 1541 1527 ἐκίνησαν,
1571 1467 1678 1514 ὥστε

305 1635 334 1657 ι.
366 1621 462 1657 διότι
486 1622 527 1663 Α,
555 1620 618 1657 διὰ
636 1626 673 1657 τί
692 1623 786 1669 vulg.
883 1624 917 1658 3.
944 1623 1098 1663 τούτους
1120 1624 1160 1657 Α.
1260 1623 1300 1659 δὲ
1325 1622 1407 1657 add.
1433 1635 1478 1657 ex
1500 1622 1542 1657 A.
1639 1623 1673 1655 6.

301 1671 671 1718 ἐστρατοπεδεύσατο
699 1673 750 1712 Α,
776 1671 1022 1718 ἐστράτευσεν
1045 1672 1141 1716 vulg.
1272 1685 1305 1716 9.
1336 1671 1464 1710 αὔτοῒς
1488 1672 1529 1712 Α,
1549 1670 1674 1706 αὐτῶν

299 1719 396 1763 vulg.
542 1721 582 1754 ἐν
610 1719 753 1768 σπονδῇ
781 1721 820 1753 Α.
950 1731 1002 1753 ιο.
1030 1719 1136 1760 ἄξιον
1161 1720 1211 1760 A,
1241 1717 1358 1759 ἀξιῶν
1386 1721 1481 1763 vulg.
1623 1724 1674 1760 ¹3!-

297 1765 408 1813 ὑμῶν
432 1766 688 1815 πιστεύσομεν
712 1771 752 1810 A,
783 1766 889 1816 ἡμῶν
915 1768 1178 1815 πιστεύσωμεν
1201 1767 1297 1811 vulg.
1428 1779 1478 1813 ¹9·
1513 1769 1612 1814 μέγα
1636 1768 1675 1806 Α,

300 1818 425 1862 μέγαν
452 1816 546 1860 vulg.

209 1960 303 1992 cium
326 1958 492 2004 profecti,
519 1960 651 1993 multos
678 1960 755 1993 eius
793 1961 946 2005 regionis
974 1971 1075 2005 agros
1114 1961 1186 1994 suis
1214 1959 1485 1994 excursionibus
1511 1958 1677 1992 devasta-

207 2012 351 2040 verunt.
401 2007 541 2040 Attalas
579 2013 700 2041 autem
741 2009 947 2042 inimicitias
974 2021 1054 2042 cum
1082 2009 1287 2050 Salomone,
1327 2007 1426 2054 quod
1449 2007 1593 2040 fratrem
1618 2007 1677 2040 iu-

206 2055 423 2095 terfecisset,
451 2066 633 2097 exercens,
659 2055 822 2090 barbaris
848 2056 1065 2101 adiungitur,
1090 2062 1136 2099 ⁴et
1163 2056 1333 2089 adversus
1361 2053 1613 2099 Carthaginem
1641 2060 1677 2088 et

210 2102 443 2135 Salomonem
470 2102 658 2136 ductorem
687 2104 738 2136 eis
754 2115 791 2137 se
816 2105 979 2150 praebet.
1005 2104 1061 2137 his
1090 2102 1222 2137 auditis
1239 2104 1408 2136 Salomon
1435 2103 1471 2135 in
1499 2114 1558 2136 eos
1585 2101 1677 2135 edu-

210 2150 261 2184 cit
283 2150 503 2183 exercitum:
538 2156 575 2183 et
605 2151 676 2183 iam
701 2152 843 2186 Bestem
869 2164 929 2185 sex
967 2152 1104 2186 dierum
1129 2152 1260 2185 itinere
1285 2162 1304 2183 a
1331 2149 1546 2195 Carthagine
1571 2149 1678 2183 dissi-

210 2203 283 2231 tam
314 2196 510 2243 profectus,
539 2198 577 2230 in
606 2209 648 2231 ea
674 2205 787 2232 castra
814 2201 1029 2246 composuit,
1059 2199 1327 2234 comitabantur
1347 2199 1457 2242 Cyrus
1484 2204 1521 2232 et
1536 2198 1677 2242 Sergius

213 2250 252 2279 et
281 2245 403 2278 iunior
428 2245 599 2278 Salomon
624 2246 752 2279 Bacchi
788 2246 906 2281 liberi.
965 2253 1156 2293 conspecta
1181 2258 1265 2279 vero
1294 2246 1525 2280 barbarorum
1553 2246 1679 2279 multi-

211 2292 342 2327 tudine
368 2291 575 2334 deterritus,
604 2292 650 2326 ad
673 2305 796 2327 eorum
815 2296 990 2340 primores
1017 2296 1125 2336 misit,
1150 2295 1211 2340 qui
1240 2295 1385 2328 nomine
1409 2306 1473 2328 suo
1501 2299 1680 2340 expostu-

212 2341 344 2382 larent,
370 2339 471 2386 quod
496 2341 663 2374 Romanis
688 2343 786 2386 prius
812 2343 959 2376 foedere
986 2343 1179 2383 coniuncti,
1204 2341 1340 2375 bellum
1366 2342 1417 2375 eis
1443 2342 1577 2375 inferre
1605 2353 1679 2374 non

214 2389 372 2423 fuissent
394 2388 512 2421 veriti.
563 2388 715 2432 rogabat
750 2390 901 2435 perinde
932 2391 1113 2424 renovatis
1137 2391 1346 2424 iuramentis
1372 2390 1548 2423 firmatam
1573 2389 1679 2423 dein-

214 2448 298 2483 ceps
325 2435 372 2470 ad
396 2436 551 2470 invicem
577 2443 760 2470 servarent
793 2449 928 2483 pacem.
979 2438 1123 2471 barbari
1159 2439 1280 2472 sannis
1308 2444 1345 2472 et
1369 2438 1515 2471 ironicis
1540 2436 1688 2471 cavillis*

215 2484 313 2518 dicta
342 2484 578 2529 excipientes,
603 2484 887 2530 responderunt:
941 2485 1235 2532 quandoquidem
1263 2487 1405 2531 Sergius
1430 2486 1468 2519 in
1494 2486 1679 2529 evangelia

213 2533 355 2566 iuratus
378 2537 500 2566 sancte
535 2534 689 2566 servavit
716 2532 974 2574 iusiurandum,
1000 2539 1041 2567 ut
1076 2535 1260 2579 octoginta
1289 2545 1307 2567 e
1332 2534 1465 2568 nostris
1492 2533 1679 2567 interfice-

215 2586 283 2622 ret,
307 2590 466 2627 quonam
496 2578 605 2613 modo
634 2590 731 2614 nunc
755 2580 964 2615 iusiurando
987 2581 1094 2615 fidem
1120 2583 1248 2615 iterum
1266 2580 1551 2628 praestabimus?
1597 2592 1680 2615 mox

213 2629 356 2675 praelio
384 2633 551 2662 conserto
575 2628 725 2661 Romani
751 2629 888 2673 fugati:
930 2629 1099 2663 Salomon
1122 2641 1215 2676 equo
1241 2630 1442 2676 cespitante
1468 2629 1616 2669 occisus,
1644 2634 1681 2662 et

215 2676 292 2710 eius
320 2676 497 2710 satellites
533 2687 604 2708 una
631 2677 768 2721 pariter
807 2677 1065 2711 occubuerunt.
1129 2678 1271 2723 Sergius
1306 2683 1429 2711 autem
1466 2677 1543 2710 eius
1567 2687 1680 2720 nepos

215 2723 470 2758 demandatam
496 2723 566 2756 sihi
591 2723 636 2757 ab
664 2724 882 2768 imperatore
910 2725 1044 2769 Libyae
1062 2725 1280 2770 provinciam
1307 2725 1567 2759 adminstravit.
1596 2734 1679 2756 cae—

216 2778 332 2806 terum
357 2773 524 2813 Ioannes,
542 2771 734 2806 Sisinnioli
754 2773 865 2815 filius,
889 2773 1096 2819 caeterique
1121 2773 1230 2808 duces
1255 2774 1294 2808 in
1312 2774 1474 2819 Sergium
1489 2771 1680 2808 vehemens
