1768 3106
256 109 368 166 580
815 128 1163 171 THEOPHANis

116 231 458 286 Ρ.3ι7φαληνίας
497 231 570 270 καί
610 228 691 270 σύν
731 231 786 286 τῷ
817 229 952 286 στόλῳ
996 229 1056 278 εἰς
1082 229 1291 282 Χερσῶνα
1329 227 1420 269 ἰών.
1480 226 1501 268 ὃ
1534 228 1583 268 δὲ
1619 226 1723 270 Ἰου-

245 295 460 344 στινιανὸς
500 298 638 337 ταῦτα
674 293 850 352 μαθών,
882 295 1127 337 ἀπέστειλεν
1166 295 1257 348 μετ’
1299 293 1450 347 ὀλίγων
1492 292 1723 349 ὃρομοόνων

248 363 459 416 Γεαὶργιον
489 361 562 404 τὸν
592 364 825 416 πατρίκιον,
855 360 927 404 τὸν
957 364 1129 418 ἐπίκλην
1160 359 1300 417 Σύρον
1337 363 1411 403 καί
1452 358 1616 417 γενικόν
1652 365 1723 403 λο-

243 432 437 486 γοθέτην,
470 430 542 472 καί
573 427 767 484 Ἰωάννην
801 426 875 472 τὸν
903 426 1115 484 ἔπαρχον,
1157 431 1230 471 καί
1271 425 1572 486 Χριστοφόρον
1599 443 1726 483 τουρ-

243 496 415 554 μοίρχην
444 500 529 540 τῶν
565 497 819 554 Θρᾳκησίων
848 495 957 549 μετὰ
989 498 1244 551 τριακοσίων
1275 497 1608 551 ἐξωπλισμένων,
1637 513 1723 537 πα,
1734 504 1759 546 5

245 563 499 621 ραδεὸωκώς
527 564 670 612 αὐτοῖς
693 562 936 606 Τουδοῦνόν
964 579 1009 606 τε
1037 564 1111 606 καί
1142 562 1308 606 Ζιόϊλον
1338 562 1586 620 ὀφείλοντας
1615 559 1722 605 dno-

243 632 563 685 κατασταθῆναι
592 628 697 671 κατὰ
740 627 787 671 τὸ
819 632 1024 685 πρότερον
1052 632 1097 673 ἐν
1129 633 1355 686 Χερσῶνι,
1387 632 1444 671 δι’
1471 630 1725 684 ἀποκρισια-

246 700 338 753 ρίου
368 700 414 740 δὲ
446 694 797 751 ἀπολογήσασθαι
837 699 894 755 τῷ
927 699 1128 756 Χαγοίνῳ,
1164 698 1335 752 ἄγαγεῖν
1380 698 1428 740 δὲ
1459 696 1562 752 πρὸς
1597 692 1725 739 αὐτὸν

243 768 393 809 Ἠλίαν
422 766 496 806 καί
522 762 771 820 Βαρὸοίνην.
845 765 930 807 τῶν
972 767 1019 807 δὲ
1056 764 1333 820 περασάντων
1367 766 1412 807 ἐν
1442 765 1653 820 Χερσῶνι,
1683 762 1723 806 οἱ

207 836 319 887 Βτῆς
349 831 511 880 πόλεως
549 834 780 884 Χερσῶνος
808 829 975 881 τούτοις
1016 829 1243 886 περιλογὴν
1279 832 1357 873 οὔκ
1400 834 1619 887 ἐποίησαν.
1673 833 1768 889 τῇιι

247 903 293 943 δὲ
324 897 528 953 ἐπαύριον
559 898 734 948 τούτους
763 897 922 953 μόνους
949 900 1158 942 εἰσελθεῖν
1189 897 1228 941 οἱ
1261 902 1334 955 τῆς
1362 898 1522 948 πόλεως
1549 914 1725 955 προτρε-

245 968 445 1023 ψάμενοι,
473 966 546 1016 τὰς
574 964 712 1015 πύλας
753 967 1020 1008 ἀπέκλεισαν.
1085 967 1159 1008 καί
1190 964 1263 1008 τὸν
1289 968 1368 1020 μὲν
1407 965 1568 1020 γενικὸν
1606 971 1725 1020 λογο-

243 1039 371 1091 θέτην
404 1031 495 1086 ἅμα
525 1036 582 1092 τῷ
612 1031 787 1093 ἐπάρχῳ
820 1035 935 1090 ξίφει
967 1030 1148 1091 ἀνεῖλον,
1178 1033 1250 1076 τόν
1282 1035 1328 1076 δὲ
1365 1035 1601 1076 Τουδοῦνον
1632 1029 1724 1087 ἅμα

243 1104 422 1161 Ζωΐλῳ,
458 1100 533 1143 καί
569 1099 643 1143 τὸν
673 1103 880 1156 λεχθέντα
919 1100 1198 1157 τουρμάρχην
1241 1100 1320 1143 σὺν
1356 1107 1444 1150 τοῖς
1470 1101 1725 1155 τριακοσίοις

243 1169 527 1225 στρατιώταις
555 1175 640 1219 τοῖς
662 1168 885 1222 Χαζοίροις
914 1171 1179 1224 παρέδωκαν,
1210 1170 1283 1211 καί
1305 1166 1410 1223 πρὸς
1438 1166 1511 1211 τὸν
1525 1167 1723 1222 Χαγάνον
1744 1187 1768 1212 ι,

245 1238 511 1279 α’πὲστειλαν.
573 1239 646 1278 τοῦ
676 1238 722 1277 δὲ
748 1233 991 1277 Τουὸούνου
1022 1234 1130 1277 κατὰ
1161 1235 1237 1290 τὴν
1262 1234 1364 1277 ὁδὸν
1392 1234 1654 1291 τεθνηκότος,
1686 1233 1724 1275 οἱ

245 1303 444 1359 Χάζαροι
474 1305 533 1354 εἰς
559 1302 689 1358 ὸόχὴν
709 1304 840 1345 αὐτοῦ
869 1303 1116 1345 α’πὲκτειναν
1146 1300 1215 1345 τὸν
1246 1299 1523 1358 τουρμοῖρχην
1542 1300 1623 1344 σὺν
1641 1306 1727 1350 τοῖς

244 1373 502 1427 τριακοσίοις
532 1371 832 1422 στρατιώταις.
909 1366 1000 1412 τότε
1031 1369 1069 1412 οἱ
1099 1372 1330 1425 Χερσῶνος
1363 1370 1437 1412 καί
1463 1371 1544 1413 τῶν
1572 1370 1728 1412 λοιπῶν

247 1439 444 1493 κάστρων
474 1438 547 1481 τὸν
587 1440 667 1492 μὲν
695 1436 993 1481 Ἰουστινιανὸν
1037 1439 1299 1493 α’νέσκαψαν,
1330 1436 1404 1480 τὸν
1435 1439 1482 1480 δὲ
1511 1436 1729 1493 ἐξόριστον

207 1507 380 1558 ρέκεῑσε
400 1504 631 1563 Βαρδοίνην
660 1507 732 1548 καί
763 1504 1024 1547 Φιλιππικὸν
1052 1505 1235 1559 βασιλέα
1266 1502 1536 1562 εὐφήμησαν.
1595 1505 1768 1547 rufium*

348 1643 376 1664 1
408 1624 478 1667 ἰων
505 1633 545 1673 A,
576 1628 630 1666 ὢν
655 1630 750 1674 vulg.
874 1629 908 1673 4.
936 1631 1103 1677 ἔπαρχον
1123 1631 1163 1670 Α,
1190 1627 1365 1684 ὕπαρχον
1390 1631 1505 1675 vulga
1534 1629 1585 1663 sic
1610 1634 1647 1663 et
1673 1629 1727 1662 in-

344 1680 409 1712 fra.
530 1681 564 1714 6.
591 1673 657 1714 τὸν
686 1676 837 1713 Δοινόν
870 1689 908 1712 τε
933 1679 973 1711 A.
1105 1678 1155 1710 ¹3.
1186 1672 1253 1713 τὸν
1295 1678 1334 1712 δὲ
1358 1677 1460 1714 Λουι
1450 1690 1507 1714 ον
1531 1680 1595 1712 καὶ
1620 1675 1730 1720 Ζώη-

341 1728 408 1761 λον
433 1727 472 1760 A.
603 1727 653 1770 ι4.
679 1724 746 1762 τὸν
770 1727 951 1771 λεχθέντα
968 1724 1214 1782 τουριιάρχην
1240 1726 1281 1766 Α,
1309 1725 1375 1760 τοῦ
1400 1727 1595 1772 λεχθέντος
1618 1737 1730 1770 τουρ-

341 1774 492 1829 ιιάοχου
516 1775 612 1819 vulg.
740 1786 789 1820 ¹7·
816 1776 869 1813 εἰς
895 1768 1009 1819 δοχην
1034 1775 1075 1814 A,
1105 1769 1223 1820 δογὴν
1247 1774 1344 1819 vulg
1457 1784 1514 1808 20.
1545 1774 1730 1808 Φιλιππι-

343 1817 412 1858 κὸν
437 1827 524 1868 βασ.
552 1823 592 1864 A,
622 1823 706 1856 Φιλ.
733 1824 796 1857 καὶ
820 1825 907 1868 βασ.
941 1822 1037 1866 vulg.

250 1926 432 1973 propositi
459 1928 622 1960 conscius
656 1928 833 1961 excitatur
859 1927 958 1960 Elias
992 1926 1197 1973 spatharius
1234 1932 1271 1960 et
1294 1926 1476 1960 Bai-danes
1501 1927 1601 1972 prius
1631 1927 1728 1966 exul,

250 1986 347 2008 nunc
370 1985 454 2007 vero
483 1975 706 2019 postliminio
734 1981 921 2009 revocatus
951 1986 969 2008 e
1000 1975 1224 2020 Cephalonia
1263 1980 1300 2008 et
1324 1986 1403 2007 cum
1430 1975 1543 2007 classe
1570 1974 1728 2007 Cherso-

251 2033 332 2055 nam
359 2021 514 2055 delatus.
566 2022 630 2056 ubi
659 2034 714 2056 res
744 2022 949 2056 huiusmodi
979 2023 1125 2056 tractari
1151 2023 1317 2068 percepit
1343 2022 1731 2061 Iustinianus‚Geo1--

251 2071 346 2113 gium
372 2070 562 2114 patricium
599 2077 840 2115 cognomento
868 2072 1009 2114 Syrum,
1047 2071 1250 2115 generalem
1291 2069 1528 2114 logothetam,
1554 2070 1728 2103 Ioannem

251 2117 476 2163 praefectum
494 2123 531 2150 et
549 2117 847 2164 Christophorum
869 2118 1126 2152 Thracicorum
1146 2119 1325 2162 agminum
1351 2117 1535 2150 ductorem
1556 2129 1634 2150 cum
1661 2119 1726 2151 mi-

250 2165 378 2198 litibus
418 2163 464 2197 ad
504 2170 560 2198 ter
600 2172 743 2199 centum
778 2167 920 2200 armatis
958 2167 1094 2207 mittit,
1121 2165 1391 2210 Tudunumque
1432 2171 1468 2198 et
1494 2166 1630 2199 Zoilum
1675 2177 1730 2198 res

253 2212 458 2245 Chersonae
482 2213 519 2245 in
550 2214 706 2257 priorem
742 2219 872 2247 statum
900 2215 1146 2259 repositmos,
1181 2219 1217 2246 et
1245 2224 1311 2258 per
1336 2214 1607 2258 apocrisiarium
1634 2212 1731 2258 apud

253 2260 462 2303 Chuganum
491 2271 562 2292 reni
589 2267 722 2304 gestam
749 2267 992 2304 excusaturos,
1015 2273 1056 2294 ac
1083 2260 1230 2295 tandem
1256 2261 1309 2293 Γ1ι
1316 2273 1370 2293 uu
1400 2267 1436 2294 ct
1464 2261 1660 2294 Bai-danem
1686 2260 1731 2294 ad

254 2319 292 2341 se
320 2307 461 2352 Cpolim
493 2309 766 2342 trmsmissuros
795 2309 971 2353 adiungit.
1023 2320 1102 2342 cum
1121 2308 1339 2342 Chersonam
1364 2309 1590 2353 migrassent,
1617 2308 1731 2343 Cher-

254 2356 395 2389 souitae
422 2356 518 2388 cives
547 2367 626 2388 cum
668 2357 709 2389 iis
744 2362 936 2389 tractatum
974 2356 1108 2390 habere
1133 2355 1318 2400 dedignati
1354 2363 1450 2390 sunt.
1502 2363 1647 2403 postera
1672 2356 1732 2390 die

256 2404 341 2436 solis
367 2403 527 2436 iisdem
518 2415 553 2436 1n
582 2404 724 2437 consilii
751 2404 869 2437 locum
898 2404 1038 2448 ingredi
1075 2404 1278 2449 permissiS,
1315 2404 1507 2438 confestim
1535 2409 1656 2450 portas
1682 2405 1734 2437 ci-

255 2463 317 2484 ves
342 2452 580 2484 occluserunt.
643 2457 680 2484 et
714 2452 920 2496 generalem
971 2451 1116 2497 quidem
1167 2452 1388 2497 logothetam
1424 2465 1504 2486 cum
1546 2452 1732 2498 praefecto

256 2505 504 2545 peremerunt,
530 2498 725 2533 Tudunum
754 2510 836 2531 vero
878 2510 947 2532 una
985 2511 1062 2532 cum
1093 2499 1192 2532 Zoilo
1232 2505 1267 2532 et
1300 2506 1502 2534 memorato
1530 2499 1735 2534 turmarcha

258 2553 295 2580 et
321 2546 502 2580 militibus
529 2548 699 2580 trecentis
724 2546 895 2580 traditum
918 2546 1083 2580 Chuzaris
1115 2547 1160 2580 ad
1186 2546 1392 2592 Chaganum
1420 2549 1607 2584 miserunt.
1658 2548 1734 2581 Tu-

257 2594 356 2628 <luno
383 2595 421 2628 in
447 2594 578 2628 itinere
608 2594 795 2635 defuncto,
822 2594 1012 2628 funereum
1040 2595 1186 2639 epulum
1214 2596 1413 2629 litaverunt
1438 2595 1600 2636 Chazari,
1626 2595 1736 2629 nimi-

259 2653 338 2675 rum
362 2642 588 2676 turmarchae
617 2647 656 2676 et
692 2648 935 2676 trecentorum
965 2642 1123 2676 militum
1152 2643 1308 2677 caedem.
1360 2649 1434 2677 tum
1469 2655 1552 2676 vero
1582 2642 1759 2689 Cherso-¹

258 2701 326 2722 nae
357 2690 653 2736 reliquorumque
683 2690 898 2736 oppidorum
925 2691 1019 2722 cives
1037 2691 1226 2724 Iustiniani
1260 2692 1404 2725 nomine
1429 2691 1614 2736 abrogato,
1645 2701 1734 2724 exu-

260 2737 332 2771 lem
359 2738 461 2771 illum
490 2738 699 2780 Bardanem,
719 2739 783 2785 qui
808 2744 846 2772 et
859 2737 1083 2784 philippicus
1110 2739 1376 2782 nominabatur,
1403 2739 1653 2785 imperatorem
1680 2738 1736 2772 fe-
