1768 3106
129 718 245 751 1‘.315

124 1260 168 1296 V.
182 1261 246 1295 251

260 113 373 191 576
817 132 1166 176 THEOPHAle

257 235 428 288 θέματα
456 234 517 284 εἰς
546 231 625 290 τὴν
653 234 838 292 Θρᾴκην,
869 237 944 278 καί
981 236 1205 287 ἐξοπλίσας
1232 233 1422 286 πλώϊμον
1450 232 1559 277 κατὰ
1590 235 1729 279 Βουλ-

256 304 402 359 γάρων
438 304 514 345 καί
544 305 730 359 Τερβὲλη
758 300 967 359 ὥρμησεν.
1037 299 1288 357 καταλαβών
1315 303 1360 345 δὲ
1388 300 1464 359 τὴν
1491 298 1729 359 Ἀγχίαλον

256 369 302 414 τὸ
335 372 415 424 μὲν
448 368 638 422 πλώϊμον
664 368 906 425 ἔμπροσθεν
932 371 1008 413 τοῦ
1047 369 1229 425 κάστρου
1257 368 1566 428 προσώρμισεν,
1595 370 1645 415 τοὶ
1682 373 1729 414 δὲ

257 435 550 494 καβαλλαρικὰ
594 437 655 486 εἷς
690 437 792 486 τούς
822 432 988 479 ἄνωθεν
1029 434 1220 491 κάμπους
1251 437 1629 494 α’παραφυλάκτως
1655 441 1731 481 καί

258 502 397 562 πάσης
422 504 614 558 ὑποψίας
652 504 768 554 ἐκτὸς
813 504 1069 547 α’πλικεῦσαι
1107 505 1375 560 προσέταξεν.
1442 507 1520 548 τοῦ
1546 508 1593 548 δὲ
1622 509 1767 549 λαοῦό

258 573 584 627 σκορπισθέντος
612 571 668 621 ὥς
697 570 892 626 πρόβατα
924 572 996 615 ἑπί
1022 570 1122 622 τούς
1153 571 1344 625 κάμπους
1373 571 1478 628 πρὸς
1503 571 1551 616 τι)
1582 575 1730 617 συλλέ-

259 644 330 692 ξαι
357 638 524 694 χόρτον,
554 634 665 681 εἶδον
683 640 729 680 ἐκ
759 642 842 680 τῶν
869 639 1002 693 ὀρέων
1021 638 1059 682 οἱ
1086 639 1340 682 κατάσκοποι
1369 641 1453 683 τῶν
1469 640 1730 696 Βουλγάρων

258 707 336 764 τήν
356 710 439 750 τῶν
462 705 686 760 Ῥωμαίων
699 706 888 759 ματαίαν
911 707 1116 763 διοίκησιν
1137 724 1147 734 ·
1177 708 1249 749 καί
1267 710 1549 762 σωρευθέντες
1569 708 1627 757 ὥς
1647 709 1730 763 θῆ-

258 792 330 831 ρες
358 775 531 825 ἐξάπινα
568 776 872 829 ἐπιρρίψαντες
901 773 1094 829 μεγάλως
1134 776 1388 830 διέφθειραν
1420 774 1467 818 τὸ
1494 775 1732 830 Ῥωμαϊκὸν

257 844 464 895 ποίμνιον,
489 840 646 896 πολλὴν
666 842 964 895 αἰχμαλωσίαν
978 857 1023 882 τε
1041 840 1115 883 καί
1143 843 1298 892 ἵππους
1322 842 1398 885 καί
1425 838 1597 898 ἅρματα
1629 846 1730 898 δίχα
1750 859 1763 885 1

256 911 340 952 τῶν
369 909 682 963 ἀναιρεθέντων
712 907 923 962 λαβόντες.
972 907 994 949 ὅ
1016 910 1062 951 δὲ
1083 908 1380 960 Ἰουστινιανὸς
1405 910 1449 952 ἑν
1475 913 1534 968 τῷ
1562 907 1731 970 κάστρῳ

258 974 519 1033 καταφυγών
559 974 640 1018 σύν
676 981 764 1026 τοῖς
808 978 1109 1030 περισωθεῖσιν
1148 975 1221 1019 ἐπί
1254 976 1392 1033 τρισὶν
1420 977 1599 1032 ἡμέραις
1629 977 1734 1020 ἀπὲ-

258 1043 396 1086 κλείσε
435 1042 514 1093 τὰς
560 1040 710 1091 πύλας.
767 1044 1032 1096 θεασάμενος
1073 1045 1120 1086 δὲ
1149 1043 1225 1099 τήν
1253 1047 1336 1087 τῶν
1363 1044 1625 1101 Βουλγοὶρων
1653 1063 1736 1087 πα-

261 1109 463 1168 ραμονήν,
491 1105 625 1160 αὐτὸς
652 1112 817 1166 πρῶτος
845 1109 915 1153 τὸν
945 1107 1106 1153 ἑαυτοῦ
1133 1112 1261 1155 ἵππον
1290 1109 1736 1168 νευροκοπήσαξπάν-

260 1195 338 1228 τας
383 1177 431 1221 τὸ
482 1176 590 1220 αὐτὸ
635 1181 811 1233 ποιῆσαι
853 1181 1182 1234 παρεκαλέσατοζ
1251 1180 1436 1236 τρόπαια
1477 1182 1524 1222 δὲ
1555 1179 1628 1223 ἐπὶ
1652 1184 1767 1224 τῶνι

261 1249 416 1301 τειχῶν
456 1247 634 1299 θέμενος
681 1245 753 1287 διὰ
782 1246 925 1296 νυκτὸς
967 1246 1026 1296 εἰς
1063 1246 1115 1288 τὰ
1157 1246 1489 1304 σκάφηεπιβοὶς
1516 1250 1738 1305 λαθραίως

227 1315 541 1370 Βοῖπέπλευσεν,
569 1313 643 1355 καί
669 1315 761 1366 μετ’
794 1313 996 1370 αἰσχύνης
1025 1316 1076 1371 τῇ
1104 1312 1224 1357 πόλει
1253 1318 1527 1370 παραγέγονε.

53 1392 146 1429 AM.
159 1394 248 1429 6201

85 2662 258 2709 A.C.7or

382 1379 527 1438 Τούτῳ
554 1381 612 1438 τῷ
642 1377 723 1422 ἔτει
753 1378 1088 1436 ἐπεστράτευσεν
1116 1384 1368 1435 Μασαλμᾶς
1391 1383 1466 1424 καί
1491 1381 1660 1437 Ἀββᾶς
1687 1385 1740 1440 τῇ

269 1452 309 1492 T
306 1449 445 1492 υοίνων
474 1446 544 1490 διὰ
583 1445 662 1503 τὴν
699 1449 858 1502 μανίαν
884 1450 961 1490 τοῦ
987 1448 1321 1499 οἷποκτανθὲντος
1362 1452 1550 1506 στρατοῦ
1577 1449 1656 1493 σὺν
1677 1451 1740 1509 τῷ

363 1585 606 1626 ι.ἔξοπλι’σας
629 1583 670 1624 A,
696 1583 902 1625 ἑξώπλισεν
927 1585 1025 1631 vulg,
1089 1587 1124 1620 6.
1151 1585 1212 1621 ἐπὶ
1240 1587 1279 1628 Α,
1307 1588 1360 1625 εἰς
1381 1586 1476 1631 vulg.
1575 1598 1606 1633 7.
1633 1585 1737 1623 εἶδον

360 1634 401 1670 ἐκ
426 1637 464 1674 Α,
490 1633 595 1669 εἶδον
620 1628 759 1672 αὐτοὺς
787 1635 827 1669 ἐκ
853 1634 950 1679 vulg.
1081 1634 1132 1667 13.
1162 1634 1202 1669 δὲ
1227 1635 1266 1675 A,
1291 1630 1367 1681 γὰρ
1392 1635 1488 1679 vulg.
1608 1648 1737 1680 παρα-

358 1677 483 1729 μονὴν
505 1682 546 1723 Α,
575 1677 761 1730 ἐπιμονὴν
782 1681 878 1726 vulg.
1007 1681 1058 1716 16.
1086 1683 1257 1731 θέμενος]
1286 1681 1528 1730 θεασάμενος
1551 1683 1579 1716 A
1608 1683 1633 1724 f,
1662 1684 1737 1716 for-

359 1736 454 1764 tasse
481 1735 589 1763 recte.
712 1731 908 1776 λαθραίως
931 1730 972 1772 Α,
997 1729 1137 1768 εὐθέως
1162 1730 1260 1777 vulg.
1363 1733 1414 1766 18.
1442 1729 1738 1776 ἐπεστράτευσεν

358 1779 402 1819 A,
427 1777 727 1824 ἐπιστρατεύσας
750 1778 846 1824 vulg.
969 1777 1171 1826 Μέσελμᾶς
1189 1778 1214 1811 f.
1332 1777 1473 1826 ’Λρβᾶς
1500 1779 1541 1829 ῑῇ
1567 1778 1623 1828 Τ,]
1652 1779 1740 1815 ‹raa-

358 1823 429 1873 βὰς
454 1821 521 1870 τὴν
549 1829 588 1861 Τ.
618 1826 648 1859 Α
675 1825 701 1859 f.

267 1947 417 1980 classem
443 1946 612 1981 adversus
632 1946 804 1992 Bulgaros
829 1946 1014 1987 instruxit,
1041 1952 1078 1982 et
1102 1947 1140 1981 in
1169 1947 1364 1982 Terbelem
1389 1947 1531 1994 irrupit.
1581 1946 1740 1982 Anchia-

269 1995 344 2029 lum
370 2006 455 2028 vero
495 1996 702 2040 profectus,
732 1996 880 2028 classem
920 1995 1066 2041 quidem
1101 1995 1147 2028 ad
1184 1996 1309 2029 urbem
1331 1997 1527 2041 applicuit,
1554 2002 1741 2041 equestres

267 2054 353 2076 vero
379 2044 500 2088 copias
529 2043 575 2076 ad
601 2055 743 2088 campos
771 2043 852 2076 urbi
870 2044 1111 2085 imminentes,
1138 2045 1237 2076 omni
1261 2043 1426 2077 custodia
1451 2049 1602 2085 remota,
1630 2049 1666 2077 et
1689 2044 1742 2077 ci-

268 2095 325 2124 tra
355 2091 508 2135 periculi
535 2091 780 2136 suspicionem
806 2096 918 2124 castra
943 2093 1067 2125 metari
1094 2092 1291 2137 praecepit.
1341 2092 1500 2125 exercitu
1527 2092 1652 2137 itaque
1677 2103 1742 2137 pe-

269 2138 403 2172 cudum
424 2139 539 2171 instar
568 2150 632 2184 per
660 2150 803 2184 campos
830 2145 971 2174 errante
996 2144 1034 2173 et
1060 2139 1106 2172 ad
1130 2139 1264 2185 pabula
1303 2139 1405 2186 equis
1435 2139 1639 2184 colligenda
1666 2139 1745 2172 dis-

266 2197 389 2233 perso,
417 2197 436 2219 e
463 2188 640 2219 montium
670 2187 888 2220 culminibus
908 2187 1053 2220 inanem
1083 2193 1119 2220 et
1145 2188 1261 2220 levem
1287 2188 1336 2220 rei
1362 2188 1528 2221 militaris
1557 2186 1655 2234 apud
1670 2190 1743 2221 Ro-

270 2245 396 2268 manos
422 2234 651 2279 disciplinam
679 2235 911 2279 Bulgarorum
953 2235 1201 2280 exploratores
1235 2235 1450 2281 conspicati,
1483 2236 1552 2281 ipsi
1589 2235 1744 2268 ferarum

270 2293 372 2316 more
400 2283 438 2315 in
464 2293 591 2326 agmen
630 2294 740 2315 unum
782 2283 949 2323 collecti,
979 2285 1177 2316 Romanum
1203 2294 1344 2327 gregem
1370 2294 1443 2316 uno
1469 2284 1607 2330 impetu
1633 2283 1744 2316 disie-

271 2335 419 2372 cerunt,
445 2335 483 2363 et
516 2330 739 2374 captivorum
773 2330 1047 2364 multitudinem
1084 2342 1158 2363 non
1195 2331 1515 2374 contemnendam,
1558 2342 1671 2377 equos
1708 2336 1745 2364 et

270 2389 393 2412 currus
421 2378 595 2423 plurimos
612 2402 622 2419 ,
648 2378 854 2422 postposito
891 2389 1074 2411 caesorum
1096 2390 1259 2421 numerO,
1285 2385 1472 2425 ceperunt.
1520 2380 1744 2413 Iusti‘nianus

270 2437 352 2460 cum
381 2424 530 2459 residuis
556 2436 600 2458 ex
639 2426 798 2458 exercitu
840 2425 878 2458 in
907 2437 1024 2459 arcem
1060 2426 1142 2471 fuga
1178 2438 1215 2460 se
1251 2427 1449 2473 recipiens,
1487 2427 1640 2461 occlusis
1667 2427 1744 2460 (lies

269 2479 343 2509 tres
359 2473 472 2520 portis
498 2473 536 2506 in
562 2483 605 2506 ea
629 2473 814 2506 remansit.
843 2473 908 2507 sed
928 2485 1008 2507 cum
1023 2473 1193 2519 Bulgaros
1217 2474 1294 2509 illic
1316 2476 1538 2521 pertinacius
1565 2475 1745 2509 instantes

271 2527 460 2563 cerneret,
489 2522 567 2567 ipse
606 2521 741 2566 primus
768 2521 855 2566 equi
891 2521 947 2554 sui
973 2532 1102 2555 nervos
1127 2522 1269 2566 incidit,
1305 2529 1539 2570 caeterosque
1566 2523 1664 2557 idem
1688 2522 1746 2556 fa·

273 2581 354 2604 cere.
382 2570 515 2610 iussit,
557 2569 734 2615 armisque
758 2569 900 2602 bellicis
936 2569 1040 2614 quasi
1076 2571 1232 2615 tropaeis
1276 2572 1387 2605 muris
1414 2571 1606 2618 impositis,
1631 2575 1744 2604 noctu

272 2618 416 2662 navigia
442 2616 701 2657 conscendens,
728 2616 873 2662 Cpolim
898 2628 977 2649 cum
1003 2617 1176 2651 ‹lececore
1203 2630 1363 2653 reversus
1390 2625 1457 2654 est.

369 2666 446 2699 Hoc
471 2677 566 2699 anno
587 2664 778 2699 Masalmas
805 2670 843 2698 et
868 2664 987 2698 Abbas
1009 2664 1056 2698 ob
1081 2677 1222 2699 caesum
1249 2679 1268 2700 a
1292 2668 1456 2701 Mariano
1481 2678 1560 2700 curn
1586 2666 1747 2700 Maioma

276 2712 367 2748 duce
407 2713 604 2755 exercitum
635 2713 777 2746 insania
816 2712 946 2758 perciti
982 2713 1142 2756 Tyanam
1177 2714 1302 2748 urbem
1331 2715 1428 2748 bello
1453 2719 1686 2755 vexaverunt,
1712 2718 1749 2746 et

275 2761 321 2794 ad
346 2772 425 2795 eam
451 2762 575 2796 stricta
601 2760 794 2796 obsidione
830 2760 982 2795 cinctam
1017 2761 1171 2796 hiberna
1197 2764 1459 2797 sustinuerunt.
1525 2762 1747 2796 Iustinianus
