1786 3204
267 135 338 188 62
827 139 1174 182 THEOPHANIS

265 253 343 295 τοῦ
370 249 488 305 ἱεροῦ
530 243 799 290 Ἀθανασιόυ
842 239 1064 289 συσκευάς.
1120 239 1204 280 τῶν
1235 237 1280 279 δὲ
1304 235 1524 289 Ῥωμαίων
1554 234 1732 289 αἰτησα-

227 321 403 374 Βμὲνων
429 317 486 374 τῷ
519 316 713 368 βασιλεῖ,
740 311 935 365 βιασθείς
963 310 1237 350 α’νακαλεῖται
1267 305 1501 357 Λιβὲριον,
1531 301 1603 343 καί
1626 301 1732 343 ἄπο·-

266 386 449 442 καθιστᾷ
477 383 534 438 τῷ
562 376 702 437 θρόνῳ
721 394 734 407 ·
795 378 919 427 Φίλιξ
963 377 1010 417 δὲ
1038 371 1220 426 ἐξελθών
1248 373 1321 426 τῆς
1342 369 1532 425 Ῥώμης,
1561 368 1638 410 οὔκ
1667 365 1732 410 ἔτι

272 454 522 507 ἐπανῆλθεν.

57 524 254 568 Α.Μ.5844
374 515 536 571 Ῥώμης
566 513 797 557 ἐπισκόπου
829 512 999 559 Φίλικος
1029 507 1121 556 ἔτος
1147 507 1202 549 ἓν.
1744 506 1767 546 5

56 595 256 639 A.M.5845
373 582 538 639 Ῥώμης
566 578 793 624 ἐπισκόπου
826 576 1037 632 Δαμάσου
1070 574 1160 625 ἔτος
1186 573 1240 616 α’.

56 665 255 709 Α.Μ.5846
385 651 526 709 Τούτῳ
568 650 624 708 τῷ
666 645 748 690 ἔτει
778 643 941 694 Γάλλος
970 642 990 685 ὅ
1032 645 1105 685 καί
1132 638 1428 689 Κωνστάντιος
1458 643 1613 694 καΐσαρ
1644 633 1727 688 α’ἷν,

229 720 339 768 cuae*
364 722 408 763 ἒν
436 719 633 771 πολέμοις
661 712 896 769 ἀριστεύων
906 747 919 767 ,
949 710 1025 767 την
1054 707 1289 765 εὖπραγιάν
1322 705 1381 762 μὴ
1414 705 1592 761 ἐνεγκών
1612 740 1625 760 ,
1654 722 1730 748 τυ-

265 789 442 843 ραννίδα
482 785 649 841 μελετᾷ.
716 782 865 824 κτείνει
892 795 939 823 τε
967 775 1224 833 Δομετιανὸν
1263 773 1450 831 ἔπαρχον
1488 775 1563 830 τῆς
1592 770 1727 832 ἑῴας,

263 855 336 898 καί
370 851 550 907 ΙΗάγνον
598 852 874 904 Κοιὲστωρα,
915 846 1188 903 μηνύσαντας
1229 841 1512 901 Κωνσταντίῳ
1554 839 1608 884 τὰ
1653 843 1786 896 τῆςιε

263 921 499 977 ἐπιβουλῆς.
529 919 678 961 τοῦτον
704 914 1082 971 μεταπεμψάμενος
1114 911 1135 954 ὃ
1171 908 1467 959 Κωνστάντιος
1493 907 1613 966 παρὰ
1641 910 1731 952 Θα-

262 988 434 1043 λάμωνα
465 985 538 1042 τὴν
565 988 691 1040 νῆσον
720 985 1002 1039 ἀναιρεθῆναι
1031 982 1274 1025 ἐκέλευσεν·
1327 975 1559 1022 Ἰουλιανόν
1588 978 1636 1020 δὲ
1655 975 1732 1020 τὸν

261 1052 408 1099 τούτου
440 1051 629 1110 α’δελφὸν
658 1054 703 1095 ἐν
727 1052 897 1108 φρουρᾷ
923 1052 1137 1104 κατέσχεν.
1206 1044 1398 1102 Εὕσεβιά
1428 1046 1476 1088 δὲ
1505 1044 1531 1100 ἦ
1564 1043 1729 1101 γαμετὴ

265 1122 566 1170 Κωνσταντιόυ
594 1121 739 1162 τοῦτον
782 1118 1090 1173 ἐξαιτησαμένη
1138 1117 1183 1158 ἐν
1207 1112 1413 1169 Ἀθήναις
1441 1112 1702 1156 ἀπέστειλεν.

216 1197 247 1229 D
363 1188 669 1243 Ἱεροσολύμων
698 1183 926 1229 ἐπισκόπου
949 1182 1192 1239 Ἱλαρίωνος
1221 1181 1312 1232 ἔτος
1342 1180 1393 1225 α’.
1750 1189 1786 1231 ,ξ

51 1267 244 1312 Α.Μ.5847
374 1254 517 1313 Τούτῳ
569 1256 628 1311 τῷ
683 1251 768 1296 ἔτει
811 1250 1014 1306 Μάξιμον
1069 1250 1144 1293 τὸν
1177 1249 1486 1304 Ἱεροσολύμων
1534 1251 1731 1291 καθεῖλεν

251 1320 449 1372 Ἀκάκιος
468 1321 488 1363 ὁ
512 1322 779 1378 Καισαρείας
797 1322 870 1363 καί
887 1317 1168 1375 Πατρόφιλος
1189 1319 1212 1360 ὅ
1229 1317 1546 1372 Σκυθοπόλεως,
1563 1319 1732 1373 Ἀρεια-

258 1392 324 1433 νοί
352 1383 480 1444 ὄντες,
507 1390 579 1432 καί
607 1385 908 1444 ἆντεισήγαγον
923 1386 1166 1442 Κύριλλον,
1197 1388 1417 1436 δοκοῦντες
1449 1384 1566 1441 ἔχειν
1597 1383 1731 1427 αὐτὸν

260 1454 494 1514 ὁμόφρονα.
553 1457 597 1499 ἐν
625 1453 762 1514 τούτῳ
792 1458 850 1513 τῷ
878 1454 1020 1514 χρόνῳ
1039 1458 1262 1510 Κυρίλλου
1295 1455 1625 1503 ἑπισκοποῦντος
1647 1452 1729 1497 Ἱε-

262 1522 523 1581 ροσολύμων,
555 1522 602 1566 τὸ
636 1529 810 1580 σημεῖον
848 1525 925 1566 τοῦ
959 1523 1169 1575 ζωοποιοῦ
1207 1523 1398 1578 σταυροῦ
1426 1519 1566 1578 ἐφάνη
1593 1522 1639 1564 ἐν
1671 1522 1729 1578 τῷ
1743 1541 1786 1566 2(

362 1662 389 1684 ι,
415 1644 549 1690 σκευὰς
579 1650 619 1684 Α.
741 1662 773 1694 7.
802 1648 940 1688 Γάλλος
974 1648 993 1685 ὁ
1021 1650 1083 1684 καὶ
1107 1652 1259 1684 Κωνστ.
1287 1648 1338 1690 Α,
1367 1646 1386 1683 ὁ
1414 1646 1552 1686 Γάλλος
1576 1650 1728 1681 Κωνστ.

356 1698 452 1742 vulg.
570 1711 604 1744 9.
631 1694 803 1743 ὕπαρχον
827 1697 850 1730 b
880 1709 911 1730 e.
1048 1710 1097 1731 ιο.
1125 1697 1352 1745 μηνύσαντα
1380 1696 1421 1729 A.
1555 1707 1605 1728 ιι.
1635 1695 1730 1730 Oce).-

353 1748 467 1794 μῶνα
490 1745 525 1779 b.
628 1756 678 1780 ια.
703 1744 770 1782 τὸν
797 1744 878 1780 add.
905 1756 948 1779 ex
972 1746 1013 1778 A.

261 1869 304 1890 ex
329 1856 479 1890 orientis
511 1866 595 1890 vero
622 1855 786 1902 partibus
822 1866 1019 1902 paucorum
1046 1854 1242 1888 admodum
1271 1854 1537 1900 episcoporum.
1586 1858 1625 1887 at
1650 1864 1730 1887 cum

259 1904 501 1938 occidentales
532 1915 639 1949 prava
676 1915 843 1950 quaeque
879 1903 1047 1937 adversus
1076 1902 1314 1936 Athanasium
1352 1902 1496 1935 nollent
1520 1902 1729 1934 confirmare

260 1953 420 1993 sancita,
461 1951 598 1985 nullius
626 1951 765 1985 roboris
796 1957 832 1985 et
869 1952 967 1985 irrita
1001 1952 1211 1997 permansit.
1262 1951 1460 1996 imperator
1485 1949 1630 1982 demum
1659 1951 1729 1982 Ro-

260 2011 449 2033 manorum
475 1999 641 2044 precibus
683 2005 850 2040 coactus,
884 1999 1068 2033 Liberium
1105 2000 1214 2033 exilio
1245 2004 1407 2040 revocat,
1436 1998 1534 2031 etin
1558 1997 1730 2032 thronum

263 2048 435 2082 restituit:
463 2047 566 2080 Felix
589 2058 672 2080 vero
699 2049 807 2080 Roma
836 2046 1026 2088 decedens,
1052 2059 1231 2093 nusquam
1257 2058 1417 2082 reversus
1444 2045 1527 2093 est.)

355 2096 486 2128 Romae
516 2095 678 2140 episcopi
704 2095 836 2128 Felicis
862 2107 976 2128 annus
1004 2096 1143 2128 unicus.

356 2143 488 2175 Romae
515 2143 674 2188 episcopi
698 2142 841 2175 Damasi
867 2155 981 2176 annus
1008 2144 1155 2188 primus.

355 2189 448 2236 (Hoc
472 2201 566 2223 anuo
593 2190 719 2223 Gallus
744 2190 973 2224 Constantius
998 2203 1117 2224 caesar
1142 2202 1316 2237 prospera
1341 2189 1432 2223 belli
1458 2189 1604 2223 fortuna
1633 2200 1730 2231 usus,

260 2238 430 2284 propriae
464 2237 651 2271 felicitatis
698 2238 917 2283 impatiens,
953 2239 1182 2283 tyrannidem
1224 2239 1437 2272 meditatur:
1479 2237 1730 2271 Domitianum

262 2285 413 2319 orientis
438 2286 660 2330 praefectum
685 2286 880 2327 interficit,
908 2292 944 2320 et
984 2299 1147 2332 magnum
1175 2293 1430 2334 quaestorem,
1458 2286 1522 2333 qui
1549 2285 1740 2319 Constan-*

261 2334 354 2367 tium
384 2332 428 2366 de
453 2333 720 2378 conspiratione
759 2334 919 2367 fecerant
957 2336 1156 2368 certiorem.
1219 2347 1299 2368 eum
1339 2335 1384 2368 ad
1411 2346 1449 2368 se
1489 2339 1656 2367 vocatum
1683 2333 1731 2366 ad

263 2381 417 2414 insulam
442 2379 681 2414 Thalmonem
702 2382 819 2415 occidi
846 2382 949 2415 iussit
974 2383 1178 2428 imperator,
1206 2389 1243 2417 et
1270 2384 1348 2416 eius
1375 2383 1522 2417 fratrem
1549 2382 1732 2415 Iulianum

263 2429 329 2462 sub
360 2428 521 2462 custodia
554 2429 684 2462 tenuit.
746 2427 843 2463 hunc
876 2430 1031 2463 Eusebia
1070 2431 1274 2466 Constantii
1312 2431 1447 2464 coniux
1483 2429 1554 2464 sibi
1579 2429 1733 2465 concedi

264 2477 458 2523 deprecata
482 2475 642 2509 Athenas
668 2476 903 2524 amandavit.)

78 2527 118 2560 A.
131 2526 248 2572 0347
358 2523 690 2568 Hierosolymorum
720 2525 879 2570 episcopi
914 2525 1110 2560 Hilarionis
1137 2538 1251 2560 annus
1271 2527 1417 2573 primus.

358 2571 453 2618 (Hoc
481 2583 576 2604 anno
604 2572 797 2605 Maximum
824 2573 1152 2617 Hierosolymorum
1184 2577 1392 2621 episcopum
1419 2574 1571 2608 Aeacius
1597 2573 1732 2608 Caesa-

264 2630 346 2653 reae
372 2624 409 2652 et
436 2618 687 2664 Pratropbilus
702 2620 963 2665 scythopoleos
987 2623 1169 2666 praesules
1193 2624 1325 2656 Ariana
1350 2623 1436 2656 labe
1461 2621 1588 2656 infecti
1615 2621 1733 2667 depo-

264 2673 441 2701 suerunt:
483 2672 520 2700 et
549 2667 721 2710 Cyrillum
742 2693 751 2708 ‚
789 2679 895 2713 quem
923 2681 994 2702 una
1033 2682 1153 2703 secum
1190 2673 1323 2705 sentire
1350 2671 1558 2717 sperabant,
1589 2670 1627 2703 in
1654 2670 1732 2703 eius

265 2715 384 2747 locum
407 2716 637 2748 suffecerunt.
690 2715 755 2748 sub
782 2716 818 2748 id
844 2722 983 2761 tempus
1010 2718 1145 2761 Cyrillo
1175 2720 1386 2763 episcopum
1412 2723 1542 2764 agente
1567 2718 1731 2751 vivificae

265 2763 378 2796 crucis
408 2763 548 2807 signum
575 2762 653 2796 luce
680 2774 806 2808 magna
834 2775 1046 2805 coruscans,
1073 2765 1132 2799 die
1159 2778 1256 2800 sacro
1283 2768 1535 2808 Pentecostes,
1562 2765 1732 2812 apparuit

205 2152 220 2194 ab&
204 2103 221 2147 4&

227 2200 250 2232 02
228 2153 248 2184 m
227 2103 248 2146 ὦ

73 2102 198 2136 A.c.3

75 2151 199 2185 A.C.3

73 2198 200 2233 A.c.3

208 2200 222 2244 ...N

205 2221 213 2231 A
