1768 3106
288 140 404 199 688
858 155 1207 200 'rHEOPHANis

155 261 358 315 Ρ.3;·.5καί
384 261 567 312 πολλούς
594 259 954 319 ᾐχμαλώτευσεν·
1021 256 1097 300 καί
1128 258 1332 310 Ῥωμαῖοι
1376 260 1577 314 εἰσῆλθον
1602 261 1661 312 εἷς
1691 262 1768 319 την

283 330 490 386 τετάρτην
521 330 748 385 Ἀρμενίαν
777 330 851 370 καί
882 326 1142 369 ἐσκύλευσαν
1172 323 1319 380 αὐτήν.
1377 330 1553 386 τελευτᾷ
1574 330 1621 370 δὲ
1653 332 1768 372 Σαυ-

282 395 368 452 λιὶχ
415 398 490 440 καί
523 393 788 451 μετεποιὴθη
826 396 866 437 Γ
864 397 1113 449 ερμανίκεια
1155 394 1217 442 εἰς
1258 396 1571 451 Παλαιστίνην.
1640 398 1700 454 τῷ
1729 399 1768 439 δ’

283 464 399 523 αὐτῷ’
442 463 529 507 ἔτει
575 460 873 518 μιμησάμενος
925 460 946 502 ὅ
986 456 1345 515 Λαχανοδράκων
1393 460 1463 503 τὸν
1510 461 1767 506 διδάσκαλον

282 532 420 575 αὐτοῦ
448 529 585 574 πάντα
618 529 810 584 μοναχὸν
837 527 911 571 καί
937 529 1204 584 μοναστριάν
1225 527 1325 578 τούς
1352 527 1438 571 ὑπὸ
1467 527 1514 572 τὸ
1535 533 1651 584 θέμα
1683 534 1767 573 τῶν

285 601 539 657 Θρᾳκησίων
580 592 702 648 ὄντας
738 599 915 653 συνῆξεν
953 597 1013 646 εἰς
1028 591 1232 653 ἍΕφεσον,
1263 598 1336 639 καί
1362 595 1579 653 ἐξαγαγών
1609 594 1767 648 αύτούς

281 669 343 717 εἰς
369 667 516 709 πεδίον
544 663 766 722 λεγόμενον
802 664 1187 720 Τζουκανιστὴριον
1226 662 1309 721 ἐτ’φη
1338 663 1447 722 πρὸς
1477 664 1638 716 αὐτούς
1656 702 1667 722 ,
1698 665 1767 710 ὅτι

279 733 301 777 ὁ
329 736 407 788 μὲν
426 730 681 788 βουλόμενος
707 735 765 792 τῷ
786 736 963 788 βασιλεῖ’
985 734 1238 787 πειθαρχεῖν
1265 734 1340 775 καί
1375 732 1478 789 ἡμῖν
1509 732 1765 777 ἑνδυσάσθω

280 802 433 858 στολὴν
462 800 638 858 λευκήν,
685 801 761 843 καί
799 804 966 856 λαβέτω
1006 807 1188 856 γυναῖκα
1227 801 1280 858 τῇ
1318 796 1411 860 ‘39¹2‘
1439 801 1598 860 ταύτῃ,
1647 800 1686 844 οἱ
1717 805 1764 844 di}

279 871 406 912 τοῦτο
434 868 494 924 μὴ
527 870 744 919 ποιοῦντες
785 869 1072 925 τυφλούμενοι
1103 869 1166 918 εἰς
1195 868 1377 924 Κύπρον
1405 867 1764 926 έξορισθὴσονται.

279 937 356 979 καί
384 932 473 990 ἅμα
504 939 562 995 τῷ
591 934 699 995 λόγῳ
717 936 764 979 τὸ
799 934 922 992 ἔργον
954 936 1167 992 ἐτελέσθη,
1195 935 1270 978 καί
1295 938 1444 979 πολλοὶ
1469 935 1688 992 μάρτυρες
1720 938 1766 979 έν

242 1006 415 1063 Βέκείνῃ
441 1007 496 1062 τῇ
523 1004 662 1062 ἡμέρᾳ
690 1005 999 1059 ἐνεδειχθησαν
1016 1021 1027 1031 ·
1056 1006 1207 1046 πολλοὶ
1232 1005 1280 1046 δὲ
1309 1003 1383 1046 καὶ
1409 1002 1767 1060 λειποτακτήσαν-

278 1089 350 1123 τες
381 1071 621 1129 ἀπώλοντο,
661 1069 738 1122 οὓς
777 1071 852 1115 καί
878 1072 1079 1131 ᾠκειοῦτο
1118 1069 1140 1114 ὃ
1172 1070 1367 1128 Δράκων.
1406 1073 1457 1130 τῇ
1487 1073 1535 1115 δὲ
1565 1074 1675 1130 αὐτῇ
1703 1074 1767 1115 ἰν-

278 1142 469 1182 ὸίκτιῶνι
497 1139 561 1196 θ’,
589 1140 834 1199 Ἰανουαρίῳ
876 1141 981 1196 μηνί
1019 1138 1090 1193 ιδ’,
1133 1141 1289 1197 ἐτέχθη
1320 1142 1481 1185 Λέοντι
1512 1142 1571 1197 τῷ
1599 1143 1768 1195 βασιλεῖ

277 1207 352 1250 καί
388 1207 546 1266 Εἰρήνῃ
590 1207 706 1265 υἱός,
750 1208 826 1250 καί
863 1205 1099 1264 ὠνομάσθη
1133 1210 1469 1262 Κωνσταντῐνος,
1511 1209 1663 1261 ζῶντος
1702 1206 1765 1251 ἔτι

281 1278 614 1318 Κωνσταντίνου
644 1278 719 1319 τοῦ
747 1274 922 1318 πάππου
956 1275 1107 1318 αὐτοῦ.

68 1343 264 1380 Α-Μ-6263
394 1345 536 1402 Τούτῳ
575 1344 631 1402 τῷ
674 1342 761 1387 ἔτει
788 1342 1126 1399 ἐπεστράτευσεν
1162 1341 1367 1394 Βανάκας
1396 1344 1474 1401 την
1496 1344 1765 1402 Ῥωμανιάν,

279 1413 353 1452 καί
378 1409 596 1453 κατελθών
627 1410 713 1453 ἀπὸ
744 1413 957 1467 Ἰσαυριάς
984 1411 1044 1461 εἰς
1074 1410 1120 1454 τὸ
1154 1409 1336 1469 κάστρον
1353 1414 1494 1469 Συκῆς
1526 1414 1766 1469 παρεκάθι-

279 1494 352 1520 σεν
378 1479 508 1536 αύτῷ.
538 1479 725 1530 α’κούσας
755 1482 803 1522 δὲ
833 1477 856 1520 ὅ
885 1479 1093 1533 βασιλεὺς
1124 1477 1313 1535 ἔγραψεν
1341 1478 1446 1536 πρὸς
1476 1481 1664 1537 Μιχαὴλ
1693 1482 1766 1526 τὸν

239 1545 513 1603 (ἔστρατηγὸν
541 1549 627 1589 τῶν
655 1547 926 1604 ἀνατολικῶν,
959 1549 1034 1590 καί
1061 1545 1167 1604 πρὸς
1182 1547 1331 1604 Βὰνην
1363 1547 1436 1591 τὸν
1462 1551 1546 1591 τῶν
1574 1553 1761 1593 Βουκελ-

373 1682 405 1705 2.
431 1671 663 1710 ἐσκύλευσαν
687 1673 739 1714 Λ“,
775 1673 992 1710 ἐκύκλωσαν
1025 1674 1122 1719 vulg.
1246 1673 1370 1721 Σάλεχ
1394 1675 1435 1708 Α.
1561 1675 1593 1708 5.
1619 1671 1693 1711 ὑπὸ
1720 1672 1760 1710 τὸ

371 1723 474 1768 ‚Qua
499 1721 539 1763 A,
562 1716 636 1757 ὑπὸ
672 1726 749 1759 τῶν
786 1723 966 1771 θεμάτων
989 1723 1086 1767 vulg.
1216 1724 1249 1756 8.
1278 1723 1296 1759 ὃ
1322 1724 1396 1771 μὲν
1420 1722 1646 1771 βουλόμενος
1672 1725 1711 1766 Α,
1740 1722 1760 1760 ὃ

373 1770 473 1815 βουλ.
501 1770 573 1817 μὲν
600 1770 697 1814 vulg.
830 1782 879 1805 12.
905 1772 1037 1807 πολλοὶ
1066 1770 1107 1805 δὲ
1131 1773 1196 1806 καὶ
1221 1772 1263 1814 A,
1286 1774 1416 1808 πολλοὶ
1440 1771 1482 1807 δὲ
1507 1772 1603 1817 vulg.
1708 1772 1758 1806 13.

374 1818 553 1864 ᾠκειοῦτο
582 1821 622 1859 Α,
649 1822 719 1854 οἰκ.
745 1819 841 1865 vulg.
994 1831 1046 1865 ¹9·
1075 1816 1167 1856 αὐτὸ
1200 1821 1242 1854 Α.
1393 1830 1450 1854 20.
1475 1819 1606 1864 Βάνηγ
1633 1821 1662 1855 Α
1686 1832 1706 1854 e
1737 1820 1761 1862 s,

374 1865 514 1910 Μάνην
565 1867 661 1912 vulg.

281 1992 506 2038 captivorum
540 1994 682 2027 turbam
723 2005 843 2029 secum
878 1997 1011 2030 avexit.
1071 1996 1221 2030 Romani
1255 2007 1339 2030 vero
1366 2000 1531 2042 quartam
1562 1995 1760 2029 Armeniam

281 2041 435 2084 aggressi
454 2042 684 2087 ¹provinciam
704 2048 819 2077 totam
835 2044 1103 2079 circumierunt.
1155 2044 1311 2078 Saulach
1339 2056 1447 2090 porro
1467 2044 1654 2086 defuncto,
1670 2045 1762 2078 Ger-

280 2089 436 2122 manicia
461 2090 499 2123 in
529 2091 768 2124 Palaestinam
801 2093 974 2126 translata
1001 2099 1067 2126 est.
1130 2092 1200 2126 hoc
1227 2092 1354 2125 eodem
1379 2103 1474 2126 anno
1505 2091 1760 2125 Lachanodra-

281 2147 351 2169 con
387 2138 599 2182 magistrum
636 2140 796 2173 imitatus
831 2140 1028 2175 monachos
1061 2147 1098 2175 et
1124 2141 1305 2174 Moniales
1334 2152 1460 2174 omnes
1497 2140 1759 2174 Thi-acensium

279 2183 433 2218 themati
460 2185 643 2220 subiectos
669 2187 851 2233 Ephesum
877 2188 1083 2232 advocavit,
1112 2188 1314 2234 iisdemque
1340 2189 1379 2221 in
1403 2189 1595 2233 planitiem
1616 2189 1760 2222 Tzuea-

277 2232 470 2266 nisterium
499 2240 662 2268 vocatam
707 2236 870 2279 eductis,
898 2238 969 2278 ait,
999 2238 1064 2283 qui
1098 2237 1308 2282 imperatori
1347 2236 1511 2283 mihique
1536 2248 1670 2271 morem
1696 2248 1760 2282 ge-

279 2292 357 2315 rere
382 2280 517 2322 studet,
545 2282 699 2316 candida
741 2291 841 2318 veste
878 2285 1079 2326 induatur,
1104 2285 1244 2330 hacque
1271 2285 1348 2329 ipsa
1372 2284 1461 2317 hora
1490 2296 1637 2319 uxorem
1664 2286 1760 2318 acci-

277 2329 378 2375 piat,
404 2329 469 2375 qui
498 2341 624 2375 parere
648 2331 915 2376 detrectaverit,
945 2334 1060 2367 oculis
1096 2333 1256 2378 privatus
1290 2333 1328 2365 in
1354 2332 1511 2379 Cyprum
1548 2333 1761 2379 deportator

279 2378 378 2410 exul.
429 2376 526 2411 dicto
553 2379 658 2412 citius
688 2390 780 2425 opus
798 2381 914 2425 ipsum
936 2382 1137 2427 perfectum
1163 2387 1228 2421 est,
1256 2385 1293 2414 et
1317 2382 1477 2425 martyrii
1505 2393 1672 2415 coronam
1699 2382 1760 2415 die

279 2425 347 2458 illo
375 2426 523 2470 plurimi
553 2426 770 2469 retulerunt,
792 2428 856 2461 sed
882 2435 920 2462 et
943 2430 1051 2463 inulti
1079 2428 1218 2462 ordinis
1248 2429 1302 2461 sui
1329 2428 1528 2463 desertores
1558 2430 1758 2475 perierunt,

280 2472 414 2518 quibus
440 2473 557 2508 Draco
583 2475 814 2509 familiariter
849 2488 931 2510 usus
966 2483 1031 2510 est.
1097 2476 1221 2510 eadem
1263 2476 1468 2511 indictione
1504 2489 1599 2511 nona
1627 2478 1761 2511 mensis

278 2522 441 2555 Ianuarii
480 2521 540 2555 die
579 2522 718 2556 decimo
752 2530 880 2570 quarto
909 2524 1023 2558 Leoni
1053 2530 1090 2558 et
1114 2526 1240 2558 Irenae
1266 2525 1544 2570 imperatoribus
1573 2532 1680 2559 natus
1707 2531 1762 2559 est

271 2569 392 2611 filius,
417 2570 482 2617 qui
513 2570 753 2606 Constantino
783 2572 861 2606 eius
887 2584 953 2608 avo
980 2573 1077 2606 inter
1104 2573 1205 2607 vivos
1230 2572 1350 2606 adhuc
1379 2579 1508 2619 agente
1537 2574 1646 2608 etiam
1663 2574 1761 2609 Con-

280 2618 462 2651 stantinus
484 2620 692 2664 appellatus
717 2625 782 2654 est.

95 2658 263 2706 A·C·7G3
375 2666 454 2699 Hoc
479 2678 576 2700 anno
600 2669 757 2701 Banacas
782 2667 1018 2713 expeditione
1046 2668 1084 2700 in
1110 2669 1318 2702 Romaniam
1349 2674 1526 2715 suscepta⁷
1553 2668 1598 2701 ab
1623 2670 1759 2702 Isauria

280 2714 319 2747 in
345 2713 453 2757 Syces
481 2720 635 2749 castrum
661 2716 854 2761 digressus,
886 2715 979 2748 illud
1017 2715 1173 2750 obsedit.
1223 2716 1331 2750 huius
1359 2717 1410 2750 rei
1437 2718 1569 2750 nuncio
1599 2723 1762 2762 accepto,

279 2762 477 2807 imperator
500 2763 600 2797 inico
627 2764 766 2798 litteras
794 2763 839 2797 ad
856 2763 1072 2798 Michaelem
1098 2765 1352 2806 orientalium,
1389 2764 1434 2798 ad
1467 2766 1599 2799 Banem
1634 2765 1761 2798 Bucel-

280 2809 473 2854 lariorum,
501 2816 538 2846 et
570 2811 615 2846 ad
643 2812 840 2848 Bardanem
870 2812 1162 2849 Armeniaeorum
1201 2813 1309 2849 duces
1336 2812 1450 2857 dedit,
1476 2814 1540 2860 qui
1566 2824 1761 2849 occurren-
