1786 3204
286 135 391 192 138
833 151 1176 194 ΤΗΕΟΡΗΑΝιε

275 253 407 297 αὐτόν
436 254 482 297 ἐκ
512 250 670 296 τούτων
696 257 890 310 κτυπεῖν,
917 254 1078 306 μᾶλλον
1107 249 1326 306 διήγειρεν.
1385 247 1620 299 διαναστὰς
1650 250 1732 307 γὰρ

273 320 430 378 γράφει
462 323 520 380 τῷ
562 324 735 375 βασιλεῖ’
768 319 841 362 καί
871 325 966 370 ταῖς
1005 315 1161 361 τούτου
1206 318 1416 373 οἶδελφαϊς
1453 318 1556 373 περί
1575 332 1619 360 τε
1659 319 1734 372 τῆς

274 388 405 444 ὀρθῆς
436 390 614 437 πίστεως
663 386 736 430 καί
762 388 836 442 τῆς
869 388 1103 441 Νεστορίου
1133 382 1402 440 κακοδοξίας,
1445 379 1536 439 ἅμα
1563 386 1638 426 καί
1665 387 1734 427 αι’-

235 454 471 510 Βτούμενος
498 454 673 498 σύνοδον
706 451 996 508 οἷκονμενικην
1022 455 1219 507 γενέσθαι
1257 452 1317 501 εἰς
1355 451 1401 493 τὸ
1432 452 1734 508 γυμνασθῆναι

273 525 497 572 κανονικῶς
539 519 591 564 τὰ
631 519 739 563 κατὰ
769 519 1017 578 Νεστοριόυ.
1086 517 1179 561 τότε
1210 518 1232 560 ὃ
1276 517 1477 572 βασιλεὺς
1506 518 1771 568 Θεοδόσιος5

271 588 430 646 γράφει
459 590 563 632 πᾶσι
579 593 668 638 τοῖς
687 587 759 630 ὑπ’
778 586 902 631 αὐτὸν
930 583 1168 635 ἐπισκόποις
1187 587 1503 642 παραγενέσθαι
1530 586 1591 635 εἷς
1608 580 1735 642 Ἔφε-

271 671 348 699 σον
373 658 508 711 χωρίς
545 654 682 711 πάσης
726 652 994 708 ὑπερθέσεως
1033 650 1142 707 μετοὶ
1185 652 1231 695 τὸ
1265 650 1431 708 Πάσχα
1462 649 1641 709 ὅρι’σας,
1670 649 1733 695 ὅτι

274 722 477 777 οὐδεμίαν
504 722 586 775 ἕξει
615 720 721 778 πρὸς
747 719 851 764 θεὸν
880 722 981 763 ου’δὲ
1010 718 1114 774 πρὸς
1135 717 1246 775 ἡμᾶς
1272 719 1499 775 ἀπολογίαν
1525 718 1548 761 ὅ
1566 718 1627 775 μὴ
1657 717 1736 775 τὴν

271 789 432 846 ἡμέραν
458 792 532 846 τῆς
564 789 686 844 ἁγίας
698 789 992 844 Πεντηκοστῆς
1020 787 1312 844 εὑρισκόμενος
1337 788 1383 830 ἐν
1401 788 1453 845 τῇ
1479 787 1643 845 συνόδῳ
1673 788 1735 836 εἷς

260 851 450 913 Ἔφεσον.
524 854 547 898 ὅ
588 858 637 898 δὲ
663 857 738 911 τῆς
774 852 938 911 Ῥώμης
966 857 1221 904 Κελεστῖνος
1256 855 1413 912 γράφει
1443 854 1646 912 Κυρίλλῳ
1674 855 1734 912 τῷ
1752 871 1786 899 ι(

159 924 584 976 ἌδαἈλεξανδρείας
625 920 695 965 τόν
736 922 869 964 αὐτοῦ
907 920 1034 964 τόπον
1077 922 1244 975 ἐπέχειν
1280 923 1330 965 ’ἐν
1365 924 1418 979 τῇ
1446 918 1628 979 συνόδῳ,
1659 920 1731 963 δια

269 987 343 1032 τόν
374 991 447 1045 τῆς
485 986 703 1044 θαλάσσης
733 987 861 1031 κόπον
890 991 965 1031 τοῦ
1003 990 1231 1042 χειμῶνος,
1265 986 1335 1044 ’μῆ
1373 989 1574 1044 δυνηθείς
1610 985 1733 1044 εὗρε-

269 1057 411 1111 θῆναι.

63 1135 259 1180 A.M.5925
386 1120 526 1182 Τούτῳ
562 1124 621 1180 τῷ
646 1120 729 1164 ἔτει
760 1120 786 1178 ἦ
815 1123 861 1164 ἑν
885 1121 1045 1181 Ἐφέσῳ
1088 1122 1188 1178 ἁγία
1216 1123 1290 1165 καί
1316 1120 1580 1179 οἰκουμενικῆ
1608 1120 1734 1165 σύνο-

231 1191 340 1239 Οδος
367 1192 449 1233 τῶν
478 1191 701 1232 διακοσίων
728 1190 918 1246 πατέρων
950 1192 1257 1246 συνηθροίσθη.
1287 1186 1452 1232 πάντων
1480 1191 1623 1232 τοίνυν
1651 1191 1732 1233 τῶν
1752 1192 1786 1236 ιξ

268 1255 502 1301 ἐπισκόπων
527 1256 746 1310 ἐλθόντων,
776 1257 966 1313 Ἰωάννης
996 1255 1018 1299 ὅ
1048 1259 1307 1312 Ἀντιοχείας
1335 1256 1408 1300 καί
1423 1256 1461 1299 οἱ
1492 1258 1736 1301 α’νατολικοί

269 1324 346 1366 ούκ
370 1322 611 1380 α’πήντησαν
648 1326 699 1382 τῇ
731 1322 952 1382 ὅρισθείσῃ
988 1327 1243 1384 προθεσμία,
1274 1327 1348 1367 καί
1372 1326 1423 1383 τῇ
1433 1321 1606 1383 δεκάτῃ
1640 1324 1735 1384 ἕκτῃ

268 1391 406 1450 ἡμέρα
431 1389 537 1445 μετὰ
566 1390 643 1446 τὴν
674 1391 919 1448 ὡρισμένην,
948 1394 1026 1435 τοῦ
1054 1392 1251 1436 Ἰωάννου
1276 1390 1336 1448 μή
1367 1389 1572 1446 ἐλθόντος,
1596 1390 1736 1449 ἔφθα-

271 1474 342 1502 σεν
368 1458 390 1500 ὃ
411 1459 640 1515 Νεστόριος
666 1458 772 1513 μετὰ
803 1460 956 1516 πολλῆς
985 1461 1247 1513 ἀλαζονείας.
1274 1462 1348 1503 καί
1376 1462 1429 1520 τῇ
1456 1461 1624 1518 εἰκοστῇ
1656 1461 1735 1503 τοῦ

368 1619 397 1640 ι.
428 1602 542 1642 αὐτὸν
565 1606 647 1640 add.
676 1619 730 1641 ex.
757 1608 797 1642 A.
967 1608 1001 1642 5.
1026 1610 1239 1656 Νεστορίου
1261 1609 1292 1643 Α
1319 1621 1363 1652 e,
1398 1609 1612 1656 Νεστόριον
1635 1610 1730 1655 vulg.

361 1667 396 1699 9.
423 1656 463 1690 ἐν
490 1655 533 1703 τῇ
561 1654 707 1703 συνόδῳ
729 1655 780 1698 Α,
814 1657 866 1695 εἰς
901 1652 968 1700 τὴν
1004 1655 1168 1694 σύνοδον
1199 1657 1295 1703 vulg.
1432 1669 1484 1692 ιι.
1521 1660 1667 1703 ἐπέχειν
1692 1660 1733 1699 Δ,

361 1702 513 1747 ὑπέχειν
540 1704 635 1748 vulg.
778 1714 828 1738 ια.
855 1703 989 1752 κόπον]
1025 1704 1144 1741 τόπον
1173 1717 1192 1738 a
1219 1705 1242 1739 b
1273 1717 1291 1739 c
1317 1704 1351 1739 d.
1480 1706 1532 1750 14.
1559 1709 1733 1755 οἰκουμε-

363 1748 446 1795 mm}
471 1754 573 1798 τρίτη
605 1750 765 1791 σύνοδος
797 1763 817 1785 a
844 1751 867 1785 b
895 1764 914 1786 c
943 1753 976 1786 d.
1060 1756 1112 1789 15.
1141 1753 1218 1790 τῶν
1241 1759 1325 1800 post
1351 1755 1482 1790 τοίνυν
1509 1753 1594 1788 add.
1620 1765 1664 1788 ex
1689 1755 1731 1788 A.

370 1809 421 1846 ¹7·
453 1798 640 1847 ὡρισμένῃ
673 1798 709 1832 b.

269 1958 346 1980 rore
372 1957 511 1991 gravem
537 1947 582 1981 ad
597 1947 771 1992 Cyrillum
796 1947 910 1989 daret,
937 1948 1094 1994 impulit.
1146 1948 1244 1983 unde
1272 1948 1446 1994 Cyrillum
1470 1949 1670 1995 percellere
1697 1954 1734 1983 et

268 1995 375 2028 ferire
400 1995 618 2038 meditatus,
655 1996 702 2029 ad
741 2008 898 2042 pugnam
932 1997 1044 2041 magis
1085 1998 1227 2031 excivit.
1279 2009 1390 2043 quare
1418 1998 1597 2031 renovatis
1622 1998 1732 2031 animi

266 2042 424 2083 viribus,
462 2044 506 2076 ad
543 2044 797 2089 imperatorem
830 2050 867 2078 et
893 2044 971 2078 eius
1014 2056 1155 2078 sorores
1182 2045 1228 2079 de
1270 2051 1365 2079 recta
1392 2045 1465 2079 fide
1495 2051 1532 2079 et
1555 2046 1732 2092 perversis

266 2090 421 2123 Nestorii
450 2091 674 2135 dogmatibus
699 2091 836 2134 scribit,
860 2104 1006 2138 unaque
1027 2099 1066 2127 ut
1091 2093 1253 2137 legitima
1270 2094 1442 2127 ecclesiae
1467 2093 1732 2127 consuetudine

266 2137 422 2172 Nestorii
450 2151 503 2172 res
531 2139 805 2181 discuterentur,
835 2142 1002 2185 generale
1021 2142 1214 2174 concilium
1242 2141 1418 2175 celebrari
1442 2142 1616 2187 postulat.
1644 2147 1733 2175 tunc

267 2185 461 2230 imperator
503 2186 732 2221 Theodosius
779 2189 916 2222 cunctis
937 2201 1022 2222 suae
1064 2189 1215 2222 ditionis
1243 2190 1437 2235 episcopis,
1464 2195 1504 2222 ut
1532 2190 1610 2223 sine
1637 2189 1733 2222 dila-

266 2234 390 2275 tione,
417 2239 500 2279 post
536 2236 690 2278 Pascha,
715 2237 953 2270 convenirent
978 2236 1171 2282 Ephesum,
1201 2238 1335 2283 scripto
1359 2237 1566 2271 mandavit:
1591 2237 1731 2271 nullam

266 2280 363 2326 apud
402 2282 505 2314 deum
540 2295 660 2329 neque
696 2283 793 2329 apud
828 2296 894 2317 nos
928 2283 1139 2318 habiturum
1176 2285 1446 2326 defensionem,
1481 2286 1545 2331 qui
1586 2291 1731 2319 sanctae

266 2329 493 2363 Pentecostes
519 2330 577 2365 die
604 2331 742 2375 synodo
770 2331 868 2377 apud
892 2331 1071 2378 Ephesum
1097 2338 1326 2380 praesentem
1352 2345 1389 2367 se
1415 2345 1489 2366 non
1514 2333 1732 2367 exhibuerit.

267 2377 445 2411 Romanus
471 2389 555 2412 vero
588 2380 757 2424 pontifex
791 2380 1014 2423 Celesfflnus,
1053 2393 1132 2415 curn
1161 2381 1302 2425 synodo
1329 2381 1452 2414 adesse
1476 2382 1658 2427 nequiret,
1683 2381 1732 2415 ob

266 2423 408 2459 labores
444 2425 591 2459 hiemali
625 2433 839 2473 tempestate
875 2429 914 2462 iu
942 2429 1031 2462 mari
1062 2429 1284 2472 tolerandos,
1325 2429 1461 2474 Cyrillo
1491 2429 1732 2464 Alexandriae

267 2473 448 2518 episcopo,
476 2480 517 2507 ut
543 2486 647 2507 suum
675 2476 793 2509 locum
823 2481 977 2518 teneret,
1003 2478 1197 2523 rescripsit.

80 2522 121 2556 A.
135 2521 252 2567 C-425
383 2521 460 2554 Hoc
485 2533 579 2555 anno
606 2529 728 2556 sancta
756 2529 793 2557 et
818 2525 1050 2558 oecumenica
1076 2525 1233 2570 synodus
1276 2524 1514 2559 ducentorum
1541 2524 1732 2570 episcopo-

268 2579 343 2600 rnm
372 2569 503 2614 Ephesi
532 2576 745 2616 congregata
771 2577 836 2604 est.
887 2583 967 2605 cum
997 2584 1122 2607 omnes
1147 2573 1256 2618 igitur
1280 2573 1439 2619 episcopi
1468 2573 1733 2613 convenissent,

264 2616 420 2649 loannes
447 2616 662 2651 Antiochiae
688 2619 875 2663 pontifex,
914 2625 950 2654 et
983 2621 1044 2653 alii
1072 2621 1223 2655 orientis
1244 2622 1403 2667 episcopi
1431 2620 1478 2654 ad
1502 2620 1734 2665 praefinitum

268 2662 363 2696 diem
389 2675 464 2698 uon
488 2671 745 2699 occurrerunt:
773 2667 905 2712 elapsis
929 2667 1064 2712 deinde
1083 2680 1103 2702 a
1128 2668 1298 2703 condicto
1324 2669 1480 2702 termino
1497 2667 1625 2701 diebus
1650 2679 1732 2701 sex-

268 2709 396 2751 decim,
423 2712 557 2745 Ioanne
583 2713 743 2746 nondum
767 2721 1010 2760 comparente,
1039 2728 1117 2750 cum
1143 2717 1258 2751 multo
1278 2717 1450 2750 comitum
1476 2717 1571 2750 fastu
1599 2716 1733 2749 Nesto-

269 2758 342 2792 rius
366 2758 527 2794 advenit.
578 2759 638 2794 die
662 2761 786 2807 itaque
811 2763 905 2796 Iunii
931 2764 1063 2798 mensis
1099 2765 1271 2810 vigesima
1295 2764 1471 2799 celebrari
1498 2764 1620 2810 coepit
1645 2775 1733 2798 con-
