1768 3106
271 165 389 233 446
804 199 809 203 -
832 179 1180 222 Tnssopnmis

263 286 312 328 δὲ
342 282 486 339 πλήθη
515 283 568 325 δι’
602 277 702 338 ὅλης
729 283 805 337 τῆς
826 281 976 332 νυκτὸς
1003 284 1246 337 αἰσχίσταις
1277 279 1425 338 ὕβρεσι
1460 281 1535 325 τὸν
1561 286 1741 338 βασιλέα

262 352 527 406 καθύβριζον
564 348 831 393 ἑπέσκωητόν
862 364 929 406 τε,
971 352 1042 392 καὶ
1087 348 1163 391 τὸν
1204 349 1469 406 πατριάρχην
1504 351 1740 407 Κυριακόν.

204 424 207 428 ’
262 423 469 468 λαιλαπος
502 419 642 461 τοίνυν
669 419 896 473 γενομένου
928 415 1119 472 μεγάλου
1157 415 1265 471 μετὰ
1298 415 1504 460 κινδύνων
1531 422 1740 474 μεγίστων

263 484 518 540 διασώζεται
535 483 801 539 Αὐτόνομος.
833 487 878 527 ἐν
906 485 1015 543 αὐτῇ
1044 486 1091 527 δὲ
1110 485 1162 543 τῇ
1197 483 1598 528 νυκτίἐ’πιτι’θενται
1627 488 1744 546 αὐτῷ’

262 554 338 598 καί
368 553 487 598 νόσοι
516 554 775 609 ἀρθρίτιδες,
804 552 856 603 ἃς
884 554 1116 608 ποδαλγίας
1147 553 1223 594 καί
1246 554 1498 608 χειραλγίας
1531 557 1768 600 ananiam!

264 624 466 666 ἐντεῦθεν
489 621 736 663 α’ποστέλλει
762 620 991 663 Θεοδόσιον
1021 618 1095 663 τὸν
1113 618 1270 663 ἑαυτοῦ
1295 618 1391 662 υἱὸν
1417 619 1524 678 πρὸς
1542 620 1743 677 Χοσρόην

220 690 338 735 Πτὸν
352 691 532 746 βασιλέα
554 688 742 743 Περσῶν
762 688 868 742 μετὰ
893 689 1233 743 Κωνσταντίνου,
1264 685 1380 737 ὅπως
1405 688 1628 747 ὑπομνήσῃ
1658 692 1743 731 τῶν

263 758 347 801 ὑπὸ
366 756 620 812 Μαυρικιόυ
640 754 872 812 γεγονότων
902 756 1029 814 αὐτῷ,
1056 758 1128 798 καί
1153 755 1231 811 τήν
1261 755 1544 798 ἀνταπόδοσιν
1571 759 1644 812 τῆς
1672 753 1744 798 ἐὕ-

262 828 455 882 εργεσιάς
487 826 721 883 προσνείμῃ
763 825 823 882 τῷ
863 821 945 882 υἱῷ
982 825 1131 867 αὐτοῦ.
1208 820 1229 864 ὃ
1261 825 1308 866 δὲ
1333 824 1554 879 Γερμανὸς
1585 825 1741 878 πέμπει

261 891 369 948 πρὸς
388 893 564 948 Σέργιον
592 890 666 934 τὸν
681 891 921 949 Δήμαρχον
949 893 1026 934 τοῦ
1043 890 1271 948 Πρασίνου
1301 894 1472 948 μέρους,
1503 889 1618 941 ὅπως
1642 909 1768 935 συν-ι

263 962 524 1016 αγωνίσηται
563 959 679 1018 αὐτῷ
723 962 800 1002 τοῦ
829 960 1105 1015 βασιλεῦσαι,
1147 958 1440 1015 ὑποσχόμενος
1475 962 1652 1015 τιμῆσαι
1693 958 1739 1002 τὸ

260 1030 390 1083 μέρος
429 1029 503 1070 τοῦ
535 1028 775 1084 Πρασίνου,
817 1027 890 1069 καί
917 1025 1049 1070 αὐτὸν
1077 1025 1283 1082 μεγάλαις
1310 1027 1452 1079 α’ξιάις
1480 1031 1740 1083 περιβαλεῖν.

261 1096 283 1138 ὃ
317 1097 364 1139 δὲ
393 1099 567 1151 Σέργιος
599 1102 684 1147 τοῖς
713 1095 1038 1152 ἑπισημοτέροις
1069 1096 1147 1136 τοῦ
1176 1094 1315 1151 δήμου
1335 1098 1458 1138 τοῦτο
1485 1095 1739 1153 ἐθάρρησεν.

261 1163 301 1206 οἱ
332 1166 379 1206 δὲ
407 1166 532 1206 τοῦτο
581 1163 631 1206 οὗ
670 1165 942 1214 κατεδέξαντο
972 1165 1188 1218 λέγοντες·
1256 1158 1333 1205 οὐκ
1361 1161 1414 1205 ἄν
1445 1179 1543 1206 ποτε
1571 1165 1614 1206 Γ
1610 1179 1740 1221 ερμα-

261 1230 332 1284 νὸς
361 1234 438 1288 τῆς
465 1232 548 1274 τῶν
577 1233 767 1274 Βενέτων
800 1220 1413 1286 προσπαθειάςκἀποστήσεται.
1472 1229 1510 1273 οἱ
1541 1231 1588 1272 δὲ
1607 1230 1768 1289 Hori-1

128 1310 165 1345 Ρ.
182 1311 370 1357 αιρσινοι
401 1300 638 1352 ἐξελθόντες
679 1301 739 1348 εἰς
776 1298 823 1341 τὸ
863 1296 1039 1355 ζΡήγιον
1079 1297 1286 1355 μεγάλαις
1323 1299 1557 1355 εὕφημῶιις
1584 1300 1741 1353 ἐτίμων

262 1367 337 1412 τὸν
369 1367 578 1424 τύραννον
613 1367 793 1424 Φωκᾶν,
831 1369 903 1410 καί
938 1366 1161 1409 πείθουσιν
1192 1365 1347 1422 αὕτόν,
1390 1368 1434 1408 ἐν
1469 1365 1738 1425 τῷἷΕβδόμῳ

262 1435 594 1491 παραγενέσθαι.
651 1434 809 1488 πέμπει
836 1435 975 1477 τοίνυν
1004 1433 1027 1476 ὅ
1069 1436 1223 1484 Φωκᾶς
1259 1434 1482 1489 Θεόδωρον
1520 1433 1595 1477 τὸν
1634 1436 1740 1490 α’ση-

263 1502 422 1561 κρήτις,
454 1505 529 1546 καί
553 1500 761 1546 εἰσελθών
796 1503 841 1545 ἐν
867 1503 919 1561 τῇ
949 1500 1112 1560 μεγάλῃ
1146 1504 1342 1561 ἐκκλησίᾳ
1370 1503 1656 1556 έπανέγνωσεν
1683 1503 1740 1560 τῷ

360 1660 393 1704 4.
420 1657 631 1706 αὐτόνομος
655 1658 696 1692 Α.
839 1659 871 1694 5.
897 1650 1063 1694 ἐνταῦθα
1087 1669 1118 1691 a.
1248 1659 1282 1692 6.
1311 1656 1495 1703 Χοσρόην
1519 1656 1602 1690 add.
1629 1668 1673 1689 ex
1698 1657 1737 1689 A.

360 1721 392 1754 7.
423 1706 619 1755 ὑπομνήσῃ
645 1707 721 1742 τῶν
735 1706 776 1747 A,
802 1705 1028 1754 ὖπομνησθῇ
1049 1706 1146 1750 vulg.
1230 1718 1281 1741 io.
1307 1701 1372 1741 τὸν
1396 1705 1480 1739 add.
1508 1716 1551 1738 ex
1564 1705 1606 1738 A.
1687 1707 1736 1738 16.

360 1755 510 1804 ἐτίμωνΙ
536 1754 735 1804 εὐφήμουν
764 1766 796 1787 a.
936 1758 987 1789 ιδ.
1018 1753 1038 1790 ὁ
1065 1753 1148 1788 add.
1177 1765 1220 1787 ex
1248 1757 1286 1788 A.
1405 1752 1631 1801 Ἀσηκρήτην
1656 1753 1681 1786 Α
1701 1752 1737 1794 h,

353 1803 581 1852 ’Λσηκρήτης
606 1816 638 1846 a,
659 1803 871 1852 ’Λσικρίτην
906 1802 932 1837 f.

267 1965 406 1997 uxore,
443 1954 587 1996 liberis,
625 1959 662 1988 et
693 1954 956 1995 Constantino,
982 1954 1065 1998 suga
1109 1953 1262 1985 salutem
1290 1952 1444 1998 quaerit.
1496 1951 1622 1998 populi
1653 1962 1736 1984 vero

264 2009 405 2037 turmae
425 2002 592 2048 turpibus
617 2002 736 2036 verbis
762 2008 799 2036 et
828 2001 944 2035 foedis
970 2001 1111 2034 iniuriis
1143 2012 1207 2046 per
1231 2006 1342 2034 totam
1369 2005 1513 2033 noctem
1538 1999 1735 2045 imperato-

265 2062 339 2084 rem
363 2050 605 2096 proscindere,
631 2056 668 2084 et
695 2051 734 2084 in
762 2051 879 2096 ipsum
909 2048 1146 2095 patriarcham
1180 2048 1368 2092 Cyriacum
1393 2046 1543 2081 dicteria
1568 2047 1736 2080 illibera-

263 2099 390 2144 lesque
412 2099 508 2133 iocos
533 2110 709 2145 spargere.
736 2104 860 2132 exorta
884 2103 1005 2131 autem
1021 2096 1175 2131 subinde
1198 2101 1414 2141 tempestate
1438 2096 1605 2136 maxima,
1631 2096 1737 2129 Mau-

265 2147 374 2180 ricius
400 2152 483 2192 post
519 2148 616 2180 varia
656 2146 864 2180 discrimina
890 2145 935 2179 ad
964 2148 1208 2180 Autonomum
1239 2144 1356 2177 salvus
1383 2142 1526 2177 delatus
1554 2148 1620 2177 est.
1671 2155 1735 2177 ea-

265 2194 422 2241 demque
448 2200 554 2228 nocte
583 2195 731 2228 morbus
758 2194 972 2235 articularis,
999 2205 1108 2240 quem
1132 2205 1153 2226 a
1169 2203 1338 2225 manuum
1362 2191 1570 2238 pedumque
1597 2191 1737 2225 dolori-

265 2243 345 2284 bus,
372 2242 589 2289 podaigiam,
617 2248 655 2276 et
680 2241 887 2287 chiralgiam
903 2246 1126 2287 nuncupant,
1151 2251 1233 2273 eum
1248 2240 1432 2285 corripuit.
1461 2239 1595 2274 exinde
1611 2239 1737 2273 Theo-

267 2290 408 2325 dosium
434 2290 550 2324 filium
575 2303 654 2324 cum
681 2291 919 2324 Constantino
960 2290 1074 2324 mittit
1096 2287 1142 2322 ad
1169 2288 1354 2321 Persarum
1382 2299 1501 2334 regem
1527 2287 1736 2329 Chosroe'm,

268 2351 340 2387 quo
366 2338 536 2373 beneficii
572 2338 754 2385 quondam
789 2339 915 2372 collati
948 2337 1157 2372 memoriam
1184 2342 1382 2376 renovaret,
1419 2342 1456 2370 et
1479 2335 1627 2383 proprio
1657 2337 1736 2370 filio

267 2388 359 2433 grati
386 2387 497 2420 animi
524 2386 674 2420 officium
701 2386 928 2432 rependeret,
956 2393 992 2419 et
1017 2386 1152 2431 gratiae
1180 2385 1293 2418 vicem
1323 2384 1545 2418 refunderet.
1596 2384 1737 2433 interea

268 2436 469 2470 Germanus
497 2433 542 2468 ad
568 2435 731 2479 Sergium
761 2435 927 2467 Prasinae
954 2433 1121 2468 factionis
1146 2432 1331 2466 tribunum
1357 2432 1512 2478 delegat,
1541 2438 1584 2466 ut
1606 2433 1639 2466 vis
1667 2432 1738 2465 sibi

267 2483 313 2518 ad
338 2483 554 2517 derelictum
585 2482 775 2528 imperium
815 2481 1054 2515 obtinendum
1085 2492 1232 2527 operam
1259 2481 1517 2522 accommodet,
1544 2480 1737 2514 factionem

266 2532 447 2567 prasinam
471 2530 595 2565 multis
618 2529 815 2564 honoribus
842 2535 1041 2571 aucturum,
1083 2529 1273 2576 ipsumque
1313 2530 1470 2564 insolitis
1496 2528 1737 2574 dignitatibus

266 2580 535 2615 cumulaturum
561 2578 760 2625 pollicitus.
821 2577 963 2623 Sergius
993 2589 1073 2611 cum
1111 2577 1277 2612 factionis
1302 2589 1388 2612 suae
1417 2578 1621 2624 praecipuis
1647 2588 1737 2610 con-

267 2629 390 2663 silium
419 2628 677 2663 communicat:
720 2637 791 2660 rem
830 2637 916 2660 vero
947 2625 1167 2672 propositam
1204 2626 1259 2660 illi
1300 2631 1521 2672 respuentes,
1545 2635 1736 2671 nusquam,

266 2677 453 2723 inquiunt,
479 2687 532 2715 ea,
557 2687 629 2722 qua
655 2675 769 2709 fertur
800 2675 838 2708 in
867 2674 1029 2708 Venetos
1065 2675 1306 2720 propensione
1335 2674 1535 2708 Germanus
1560 2672 1735 2707 discedet.

267 2726 390 2774 itaque
403 2725 540 2759 Prasini
552 2724 726 2770 Rhegium
744 2734 859 2770 usque
877 2722 1067 2769 progressi,
1092 2721 1218 2756 faustis
1238 2722 1518 2757 salutationibus
1543 2727 1737 2766 tyrannum

266 2772 418 2807 Phocam
438 2768 692 2820 excipientes,
732 2771 779 2805 ad
808 2770 1035 2805 Hebdomum
1062 2769 1233 2805 accedere
1272 2770 1438 2805 suadent.
1486 2769 1622 2804 Phocas
1648 2766 1737 2801 sub-

266 2820 353 2856 inde
377 2820 611 2857 Theodorum
637 2831 657 2854 a
684 2819 831 2855 secretis
856 2818 1012 2866 delegat,
1039 2819 1103 2866 qui
1127 2819 1166 2854 in
1194 2829 1358 2866 magnam
1381 2818 1569 2854 ecclesiam
1598 2817 1736 2862 ingres-
