1786 3204
247 165 266 202 ι
283 145 354 202 26
809 155 1156 202 THEOPHAle

32 284 221 331 A.M·59o¹
347 277 572 331 Ῥωμαίων
600 274 812 329 βασιλέως
843 273 1075 315 Θεοδοσίου
1106 268 1201 319 ἔτος
1230 269 1280 311 α’.

347 341 844 391 Κωνσταντινουπόλεως
873 336 1106 382 ἐπισκόπου
1136 337 1332 380 Ἀττικοῦ
1359 331 1450 387 ἔτος
1477 335 1533 380 α’.

352 412 498 469 Τούτῳ
546 425 604 467 τῳ
645 407 731 451 ἔτει
758 408 984 463 Ἀρκαδιόυ
1016 407 1095 447 τοῦ
1123 406 1334 458 βασιλέως
1361 401 1714 460 τελευτήσαντος,

243 478 291 530 ὃς
317 480 593 534 ἐβασίλευσεν
623 474 729 530 μετὰ
758 474 833 530 τὴν
860 470 1055 527 τελευτὴν
1086 473 1319 515 Θεοδοσίου
1348 473 1425 514 τοῦ
1450 469 1614 528 πατρὸς
1641 470 1716 531 ἔτη

242 546 311 602 ιδ’,
340 549 476 602 μῆνας
504 543 553 601 γ’,
585 542 746 599 ἡμέρας
778 539 847 595 ιδ’,
907 537 1256 594 συμβασιλεύσας
1285 539 1362 582 καί
1386 541 1447 599 τῷ
1474 538 1607 596 πατρὶ
1634 537 1753 584 ari-5

237 618 316 659 τοῦ
346 613 418 670 ἔτη
449 612 522 667 ιβ’,
579 613 801 654 κατέλιπεν
840 608 1071 652 Θεοδόσιον
1111 606 1185 650 τὸν
1213 605 1312 650 υἱὸν
1351 608 1489 651 αὐτοῦ
1532 611 1716 663 βασιλέα

194 685 342 727 ῡὲταῖν
371 677 474 725 ὄντα
490 677 546 737 η’,
576 674 975 733 συμβασιλεύσαντα
997 677 1045 719 δὲ
1072 678 1131 734 τῷ
1159 673 1292 730 πατρὶ
1318 676 1532 736 Ἀρκαδίῳ
1561 676 1633 734 ἔτη
1662 674 1714 726 ς’.

239 752 473 794 Θεοδοσίου
514 749 564 790 δὲ
609 745 918 802 αὐτοκράτορος
954 746 1181 800 γενομένου
1209 746 1479 800 Πουλχερία,
1507 741 1535 801 ἦ
1564 745 1715 788 τούτου

235 814 403 874 άδελφῆ
447 816 657 871 παρθένος
694 811 739 855 ιε’
780 813 887 855 ἐτῶν
925 808 1212 867 ὑπάρχουσα,
1252 809 1331 866 τὴν
1367 814 1594 866 βασιλείαν
1632 810 1717 857 σὺν

235 887 322 943 θεῷ
350 885 485 934 καλῶς
511 883 696 925 ἐδιοίκει.
748 875 863 935 εἶχεν
893 881 941 922 δὲ
967 881 1043 922 καί
1069 875 1202 930 ἄλλας
1232 880 1308 922 δύο
1342 879 1533 938 ἀδελφάς
1559 880 1714 938 'Apua-
1732 898 1783 926 ιο

236 952 335 995 δίαν
359 951 435 994 καί
471 950 680 1005 Μαρίαν·
753 950 829 990 καί
870 948 1028 997 ταύτας
1070 944 1354 1003 παρθενεύειν
1399 946 1716 1006 ἦΠουλχερία

234 1018 415 1063 ἔπεισεν.
486 1014 716 1060 Θεοδόσιον
770 1016 818 1058 δὲ
855 1013 931 1058 τόν
975 1013 1167 1072 α’δελφὸν
1204 1017 1436 1060 ἑπαύῖευσε
1485 1016 1716 1074 σοφωτάτη

238 1086 525 1142 τυγχάνουσα,
555 1085 630 1127 καί
655 1087 773 1126 θεῖον
803 1085 902 1126 νοῦν
934 1085 1176 1139 κεκτημένη.
1205 1082 1280 1127 τὸν
1313 1085 1361 1128 δὲ
1392 1084 1584 1142 α’δελφὸν
1607 1085 1717 1129 Θεο-

125 1167 168 1199 V.
180 1166 224 1200 56
237 1155 381 1197 δόσιον
402 1150 483 1209 πρὸ
510 1151 676 1195 πάντων
693 1154 773 1205 μὲν
791 1152 852 1201 εἰς
876 1149 951 1207 τήν
969 1149 1073 1194 κατὰ
1103 1148 1204 1194 θεὸν
1225 1152 1463 1208 εὐσέβειαν,
1494 1152 1638 1196 ἔπειτα
1667 1155 1717 1196 δὲ

237 1220 310 1264 καὶ
339 1223 399 1272 εἰς
424 1216 530 1276 ἦθος
560 1222 634 1262 καί
661 1217 785 1275 λόγον
814 1218 888 1277 καί
913 1218 1111 1274 βάδισμα
1157 1221 1234 1262 καί
1259 1221 1426 1275 γέλωτα
1457 1222 1533 1263 καί
1559 1219 1714 1277 στολὴν
1733 1226 1780 1268 15

236 1289 309 1332 καί
333 1290 550 1342 καθέδραν
578 1289 654 1330 καί
680 1287 833 1330 στάσιν
849 1289 1084 1342 βασιλικῶς
1112 1289 1422 1340 ἐξεπαίδευσεν.
1479 1287 1639 1340 πολλάς
1665 1290 1715 1332 δὲ

124 1363 160 1396 Ρ.
178 1372 222 1407 7⁰
235 1359 455 1413 ἐκκλησίας
499 1354 572 1398 καί
598 1360 789 1411 πτωχεῖα
819 1352 1020 1408 ξενεαῖνάς
1047 1370 1092 1397 τε
1117 1358 1193 1397 καί
1214 1356 1483 1413 μοναστήρια
1511 1356 1715 1413 κτίσασα,

231 1427 340 1467 πᾶσι
370 1423 443 1466 καί
476 1421 552 1473 τάς
579 1422 811 1479 ἆρμοδίους
846 1421 1087 1480 προσόδους
1132 1425 1365 1478 βασιλικῶς
1392 1423 1632 1479 ἀπένειμεν.
1690 1424 1715 1466 ὅ

234 1494 283 1535 δὲ
314 1490 560 1547 Σωζόμενός
603 1507 711 1550 φησι
748 1494 848 1549 περὶ
891 1491 1056 1548 αὐτῆς,
1102 1487 1168 1535 ὅτι
1211 1494 1288 1536 καί
1323 1491 1448 1544 θείας
1476 1494 1716 1552 ἐμφανείας

233 1561 417 1618 ἤξιοῦτο.
1726 1568 1782 1596 20

328 1727 360 1762 7.
388 1714 690 1764 συμβασιλεύσας
705 1716 769 1750 καὶ
794 1726 814 1749 e
844 1715 876 1755 f,
914 1716 1291 1765 συμβασιλεύσαντος
1316 1728 1334 1749 a
1360 1728 1390 1751 c.
1544 1727 1595 1750 ιι.
1621 1718 1713 1750 Μα-

327 1767 418 1810 ρίαν
441 1766 471 1797 Α
495 1775 514 1797 e
544 1765 579 1803 f,
605 1767 788 1811 ΖνΙαρίναν
814 1764 910 1808 vulg.
1061 1767 1113 1800 13.
1140 1759 1206 1802 τὸν
1233 1765 1274 1801 δὲ
1303 1761 1476 1812 ἀδελφὸν
1502 1762 1714 1800 Θεοδόσιον

325 1813 368 1853 A,
395 1812 463 1848 τοῦ
492 1811 533 1847 δὲ
556 1811 728 1859 ἀδελφοῦ
757 1812 965 1847 Θεοδοσίου
988 1813 1085 1859 vulg.
1242 1825 1293 1859 ¹7·
1323 1815 1509 1855 ξενεῶνας
1534 1814 1575 1855 A,
1600 1811 1714 1854 ξενῶ-

326 1872 397 1901 νας
420 1860 515 1906 vulg.
553 1902 556 1906 ἱ
637 1863 691 1896 18.
721 1864 786 1895 καὶ
810 1860 894 1894 add.
922 1872 966 1894 ex
991 1861 1033 1895 A.

43 2008 215 2055 A-C.401
331 2004 572 2038 Romanorum
597 2004 825 2050 imperatoris
854 2004 1056 2040 Theodosii
1084 2017 1201 2041 annus
1227 2006 1378 2054 primus.

331 2053 486 2097 Cpoleos
513 2053 674 2098 episcopi
698 2054 808 2086 Attici
850 2065 963 2087 annus
989 2055 1139 2100 primus.

330 2100 409 2134 Hoc
434 2111 529 2133 anno
553 2102 704 2134 moritur
729 2101 900 2134 Arcadius
927 2103 1145 2147 imperator,
1171 2102 1236 2149 qui
1259 2107 1344 2148 post
1370 2102 1485 2149 patris
1509 2102 1711 2138 Theodosii

235 2147 377 2182 obitum
401 2149 503 2181 annis
529 2149 815 2194 quatuordecim,
843 2150 961 2183 tribus
986 2151 1171 2185 mensibus
1199 2156 1237 2185 et
1277 2150 1406 2184 diebus
1432 2151 1712 2199 quatuordecim

233 2196 355 2230 tenuit
380 2195 593 2241 imperium,
621 2202 810 2242 postquam
851 2209 929 2230 cum
958 2204 1059 2243 patre
1090 2200 1161 2232 iam
1189 2200 1296 2233 annis
1325 2199 1518 2234 duodecim
1547 2206 1711 2247 potesta—

233 2249 306 2278 tem
343 2244 585 2278 exercuisset:
624 2244 870 2278 Theodosium
908 2247 1020 2279 tilium
1058 2254 1253 2281 octennem
1297 2248 1449 2294 reliquit
1483 2248 1529 2282 ad
1566 2249 1711 2296 imperii

233 2292 455 2338 consortium
480 2297 564 2326 ante
601 2303 663 2325 sex
700 2305 814 2326 annos
841 2294 1004 2328 ascitum.
1062 2294 1274 2330 Theodosio
1299 2295 1339 2330 in
1364 2296 1621 2343 imperatorem
1650 2310 1711 2332 ac-

232 2346 354 2387 cepto,
379 2350 480 2373 soror
503 2340 580 2373 eius
595 2340 786 2374 Pulcheria
810 2342 1019 2388 quindecim
1047 2355 1225 2378 annorum
1249 2344 1362 2389 virgo,
1389 2344 1449 2378 dei
1478 2346 1644 2380 consiliis
1670 2358 1713 2380 ac

235 2387 358 2429 ductu,
384 2387 550 2434 publicas
576 2399 630 2421 res
659 2391 798 2435 egregie
824 2389 1110 2426 administrabat.
1160 2392 1250 2426 alias
1275 2392 1427 2439 insuper
1452 2392 1543 2427 duas
1569 2406 1712 2428 sorores

234 2436 423 2471 Arcadiam
449 2441 487 2470 et
510 2436 659 2469 Mariam
685 2437 724 2470 in
757 2438 977 2482 virginitatis
1003 2441 1191 2486 proposito
1224 2451 1438 2486 permanere
1469 2441 1596 2477 docuit
1624 2443 1712 2476 Pul-

233 2484 379 2518 cheria:
409 2488 447 2518 et
470 2489 512 2517 ut
537 2485 804 2529 sapientissima
833 2487 1066 2534 divinamque
1095 2494 1255 2522 mentem
1282 2500 1302 2522 a
1330 2495 1459 2523 natura
1484 2498 1713 2538 consequuta

232 2534 378 2566 fratrem
391 2531 642 2566 Theodosium
670 2533 851 2572 instruxit,
876 2546 962 2579 prae
984 2538 1122 2570 cunctis
1142 2537 1313 2571 nimirum
1337 2538 1513 2584 pietatem
1539 2539 1576 2573 in
1603 2539 1712 2573 deum

231 2581 399 2621 haberet,
423 2585 501 2614 tum
528 2580 606 2613 eius
643 2592 772 2621 mores,
811 2594 1011 2617 sermonem
1028 2610 1037 2625 ,
1063 2596 1236 2630 gressum,
1266 2586 1389 2628 risum,
1418 2592 1550 2627 vestes,
1574 2588 1712 2622 sessio-
1771 2596 1777 2605 '

231 2641 326 2670 nem,
351 2633 483 2662 statum
509 2628 606 2673 regio
624 2628 693 2662 ritu
722 2636 968 2675 componeret,
997 2633 1164 2667 erudivit.
1216 2634 1343 2667 multis
1368 2640 1558 2681 praeterea
1586 2642 1711 2670 extru-

231 2678 298 2711 ctis
324 2676 500 2717 ecclesiis,
524 2687 725 2722 pauperum
752 2683 789 2711 et
814 2680 1082 2724 peregrinorum
1117 2680 1340 2716 habitaculis
1365 2689 1476 2728 atque
1509 2684 1711 2718 monacho-

233 2737 309 2758 rum
336 2724 511 2765 aedibus,
552 2726 690 2758 cunctis
731 2737 907 2771 congruos
946 2728 1084 2762 reditus
1122 2731 1219 2774 regia
1258 2731 1478 2765 liberalitate
1507 2733 1713 2777 assignavit.

232 2774 434 2820 quinetiam
463 2773 684 2807 Sozomenus
711 2772 816 2807 deum
843 2774 935 2808 hanc
962 2787 1023 2808 sua
1051 2777 1192 2811 visione
1217 2777 1405 2825 dignatum
1435 2778 1598 2815 affirmat.
