1786 3204
279 138 351 214 78
844 147 1192 192 THEOPHANJS

273 259 353 311 μὲν
385 257 512 307 Φίλιξ
554 251 725 309 ἁθρόως
769 252 839 294 διὰ
871 248 1080 304 στόματος
1111 243 1219 301 αἷμα
1249 241 1499 299 αἰάγαγαίν,
1525 244 1756 298 βασανιζό-

269 340 397 380 μενος
425 324 689 379 κατέστρεψε
717 318 792 363 τόν
820 322 930 375 βίον.
959 312 1184 364 Ἰουλιανός
1206 315 1251 356 δὲ
1272 310 1293 354 ὁ
1312 308 1467 366 Κύμης
1497 316 1590 353 κατ’
1619 311 1758 367 αὐτὴν

227 391 348 449 ῃτὴν
376 391 542 448 ἡμέραν
580 386 689 448 νόσῳ
730 385 1010 443 χαλεπωτάτῃ
1052 378 1313 438 περιπεσών,
1364 378 1422 429 ὡς
1453 380 1528 420 καί
1552 377 1606 421 τιὶ
1640 378 1757 431 ἐντός

273 461 409 503 αὐτοῦ’
438 459 737 514 διαφθαρῆναι
763 457 836 498 καί
862 451 1020 508 κόπρον
1049 448 1121 493 διὰ
1155 447 1368 502 στόματος
1401 446 1591 505 α’γαγεΐν,
1617 450 1755 502 βασα-

271 526 489 581 νιζόμενος
521 524 747 566 ἀπέθανεν.
1767 523 1786 564 5

61 604 258 640 A.M.5855
390 590 536 651 Τούτῳ
579 592 637 650 τῷ
664 588 752 632 ἔτει
782 589 895 638 τινὲς
930 584 1211 642 ἠπατήθησαν
1248 584 1333 626 τῶν
1362 585 1407 626 ἐν
1436 582 1639 641 στρατείᾳ
1668 585 1754 635 ἐξε-

270 661 512 715 ταζομένων
555 657 663 714 πρὸς
692 654 954 699 ἀποστασίαν
973 687 984 705 ‚
1019 652 1057 696 οἱ
1085 654 1165 707 μὲν
1194 654 1463 707 ἐπαγγελίαις
1497 649 1654 694 δόσεων
1683 654 1757 695 καί

159 744 195 778 Ρ,
213 745 255 791 43
271 726 537 783 ἀξιωμάτων,
568 724 607 768 οἱ
637 727 684 768 δὲ
714 726 787 767 καί
814 721 1012 778 α’νάγκαις
1054 721 1375 774 sacratisima&
1403 718 1486 761 ὑπό
1518 720 1604 762 τῶν
1634 721 1755 773 ἰδίων

270 797 494 853 ἀρχόντων.
553 797 625 837 καί
657 793 885 840 Θεότεκνος
926 788 1208 846 πρεσβύτερος
1249 790 1294 831 ἐν
1322 791 1561 847 προαστείῳ
1587 787 1753 831 'Avun-

268 869 391 921 χειάς
417 864 639 920 ἐκκλησίαν
671 861 999 913 πεπιστευμένος
1021 860 1066 908 ἐξ
1095 857 1367 911 ὑποσχέσεως
1397 855 1644 913 ἀπατηθείς,
1674 858 1783 904 aii-1

268 929 462 986 τομοὶτως
504 930 577 973 ἐπί
610 927 685 985 τὴν
729 923 1079 981 εἶδωλολατρείαν
1108 922 1347 981 ἐχώρησεν·
1408 921 1454 966 ὃν
1485 920 1507 965 ό
1538 922 1636 974 θεὸς
1665 925 1752 966 ἐτι-

266 997 498 1055 μωρήσατο
527 997 805 1052 παραχρῆμα.
863 993 1217 1049 σκωληκόβρωτος
1246 989 1328 1048 γάρ
1360 989 1544 1047 γεγονώς
1573 990 1650 1033 καί
1673 990 1752 1043 τὰς

268 1062 391 1122 ὄψεις
425 1062 666 1120 α’ποβαλών,
695 1063 769 1119 την
796 1063 992 1118 γλῶσσαν
1014 1062 1187 1115 ἐσθίων,
1219 1061 1452 1103 α’πέθανεν.
1510 1061 1583 1103 καί
1603 1057 1754 1116 Ἳ-Ιρων

265 1136 492 1183 ἐπίσκοπος
536 1134 611 1188 τῆς
641 1131 856 1188 Θηβαΐδος
890 1126 1142 1184 αὐτομάτως
1185 1124 1474 1185 οἷπεστάτησεν
1500 1129 1545 1171 ἐν
1574 1131 1629 1187 τῇ
1657 1129 1753 1171 Ἀν-

264 1203 439 1258 τιοχέων
467 1200 614 1255 πόλει,
650 1197 699 1241 ὃν
719 1198 751 1244 ,ὅ
780 1195 881 1248 θεὸς
918 1194 1142 1252 παρευθὺς
1172 1197 1233 1244 εἰς
1263 1194 1540 1252 παράδειγμα
1567 1199 1642 1239 καί
1670 1196 1750 1255 φό-
1771 1219 1784 1245 1

265 1273 340 1325 βον
367 1270 532 1312 πολλῶν
563 1264 866 1322 ἐτιμωρήσατο,
939 1260 1063 1314 οὗτος
1094 1262 1327 1320 σηπεδόνος
1355 1262 1564 1319 νοσήματι
1598 1268 1751 1307 διαλυ-

265 1341 426 1381 θέντων
467 1337 606 1379 αὐτοῦ
648 1337 731 1377 τῶν
775 1335 915 1388 μελῶν
962 1335 1007 1375 ἐν
1051 1335 1102 1391 τῇ
1157 1331 1334 1390 πλατείᾳ
1381 1333 1664 1387 ἐρριμμένος,
1707 1336 1753 1376 ἐν

225 1405 508 1463 Βόφθαλμοΐς
546 1402 714 1445 πάντων
745 1403 955 1457 ἐξέψυξεν.
1015 1397 1135 1443 ἄλλοι
1167 1402 1214 1443 δὲ
1240 1402 1284 1442 ὲν
1313 1399 1483 1451 τούτοις
1511 1402 1751 1457 διέπρεψαν

263 1473 467 1531 ὁμολογίᾳ
510 1474 563 1530 τῇ
591 1474 650 1522 εἰς
688 1467 910 1526 Χριστόν·
991 1466 1345 1518 Ουάλεντινιανὸς
1390 1470 1624 1524 Τριβοῦνος
1653 1467 1749 1512 τότε

357 1621 391 1643 2.
418 1608 559 1657 Κώμης
584 1609 660 1642 Par.
782 1609 863 1642 κατ’
891 1603 1004 1651 αὐτὴν
1029 1603 1098 1650 τὴν
1121 1608 1173 1648 Λ,
1198 1604 1292 1641 κατὰ
1324 1603 1392 1650 τὴν
1416 1606 1514 1651 vulg.
1613 1608 1646 1642 3.
1674 1620 1748 1654 χα-

356 1657 547 1706 λεπωτάτῃ
571 1649 791 1705 περιπεσών
807 1657 850 1698 Α,
876 1668 1006 1703 περιπ.
1032 1654 1267 1703 χαλεποτάτῃ
1295 1656 1393 1700 vulg.
1493 1658 1528 1691 6.
1559 1656 1602 1693 ἐν
1631 1666 1749 1704 στρα-

355 1709 434 1752 τείᾳ
462 1708 489 1740 Α
516 1718 547 1747 e,
577 1707 617 1742 ἐν
644 1707 857 1751 στρατείαις
882 1705 979 1751 vulg.
1109 1706 1142 1739 8.
1171 1707 1236 1738 καὶ
1261 1702 1345 1737 add.
1375 1715 1419 1737 ex
1446 1703 1488 1737 A.
1606 1715 1656 1737 12.
1682 1716 1750 1752 γε-

354 1749 480 1801 γονώς
503 1755 544 1795 Α,
573 1753 780 1802 γενόμενος
802 1753 898 1798 vulg.
1043 1754 1095 1797 14.
1123 1751 1188 1796 τῆς
1211 1751 1294 1785 add.
1322 1764 1365 1786 ex
1393 1755 1436 1786 A.
1579 1751 1748 1802 αὐτομά-

355 1801 440 1850 τως]
474 1798 589 1840 αὐτὸς
613 1804 654 1836 A.
805 1799 1068 1845 ἀπεστάτησεν
1103 1801 1145 1838 ἐν
1169 1800 1212 1850 τῇ
1235 1800 1274 1841 b,
1314 1798 1556 1845 ἅπεστάτησε
1579 1801 1621 1849 τῇ
1648 1802 1746 1847 vulg.

321 1852 327 1859 “
359 1853 410 1885 ι6.
444 1849 625 1894 σηπεδόνι
662 1849 881 1899 νοσήματος
908 1850 950 1884 A.
1114 1850 1166 1884 18.
1208 1846 1283 1883 ἀλλ’
1327 1850 1369 1886 ἐν
1407 1849 1557 1890 τούτοις
1593 1849 1749 1897 διέπρε-

354 1907 437 1945 ψαν
464 1911 484 1932 a
508 1898 545 1932 b.

262 2013 338 2047 filio
367 2013 504 2047 Mariae
532 2014 778 2048 ministratur?
828 2018 867 2048 et
894 2014 1005 2060 paulo
1030 2019 1134 2060 post,
1162 2013 1264 2048 Felix
1291 2013 1442 2061 quidem
1469 2025 1636 2059 magnam
1661 2026 1745 2049 san-

262 2061 379 2106 guinis
403 2062 476 2095 vim
504 2061 548 2095 de
577 2069 726 2107 repente
754 2073 816 2096 ore
853 2073 1042 2104 evomens,
1070 2063 1298 2097 excruciatus
1323 2064 1436 2097 vitam
1464 2063 1605 2097 finivit:
1631 2064 1746 2097 Iulia-

261 2121 331 2143 nus
359 2120 478 2143 comes
511 2111 590 2156 ipsa
618 2110 678 2144 die
706 2110 745 2143 in
783 2109 1034 2144 difficillimum
1061 2110 1230 2144 morbum
1258 2111 1444 2154 incidens,
1474 2111 1567 2146 adeo
1593 2117 1637 2146 ut
1667 2112 1744 2146 eius

261 2157 400 2191 viscera
426 2157 511 2191 tabo
535 2159 799 2205 liquescerent,
838 2164 875 2193 et
915 2165 1140 2193 excrementa
1177 2170 1239 2193 ore
1267 2166 1449 2206 egereret,
1475 2160 1574 2195 inter
1599 2159 1744 2195 dolores

263 2206 454 2252 expiravit.

73 2261 248 2298 A‚C‚355
354 2253 429 2287 Hoc
458 2265 554 2286 anno
579 2253 701 2299 plures
726 2254 885 2288 virorum
915 2255 1068 2289 militiae
1095 2256 1347 2302 aser-iptorum,
1383 2255 1430 2289 ad
1456 2255 1698 2290 defectionem
1724 2267 1745 2289 a

261 2311 345 2334 vera
371 2301 442 2335 fide
468 2302 667 2342 sollicitati,
686 2302 826 2336 seducti
851 2309 946 2345 sunt,
962 2303 999 2336 hi
1025 2303 1173 2349 quidem
1199 2304 1377 2338 donorum
1397 2310 1434 2338 et
1447 2304 1626 2338 honorum
1654 2315 1745 2350 pro-

261 2349 391 2392 missis,
417 2350 480 2383 alii
505 2361 590 2383 vero
618 2351 832 2384 necessitate
861 2363 881 2384 a
905 2353 1060 2398 propriis
1088 2352 1241 2387 ducibus
1266 2353 1438 2399 imposita
1463 2353 1591 2387 coacti.
1618 2351 1746 2387 Theo-

260 2403 389 2432 tecnus
415 2409 563 2444 quoque
588 2398 798 2443 presbyter,
827 2400 884 2432 cui
920 2401 958 2433 in
983 2400 1220 2435 Antiochensi
1247 2400 1424 2435 suburbio
1446 2401 1600 2435 ecclesia
1625 2401 1746 2435 fuerat

264 2445 417 2487 credita,
446 2447 704 2492 promissorum
730 2446 917 2481 blanditiis
945 2448 1131 2494 deceptus,
1163 2450 1209 2483 ad
1235 2449 1418 2483 idolorum
1444 2450 1585 2484 cultum
1612 2455 1745 2496 sponte

261 2492 417 2529 defecit:
448 2505 605 2541 eumque
634 2493 758 2528 divina
784 2498 905 2529 statim
931 2497 1106 2531 insectata
1132 2504 1187 2531 est
1211 2498 1388 2533 vindicta.
1413 2498 1600 2532 vermibus
1625 2498 1746 2545 siqui-

259 2541 342 2576 (lem
371 2541 562 2589 depastus,
590 2543 728 2576 amissis
768 2543 989 2586 luminibus,
1027 2545 1184 2590 linguam
1232 2547 1387 2581 corrosit
1424 2552 1461 2580 et
1490 2546 1626 2581 efflavit
1665 2547 1746 2580 ani-

257 2601 363 2624 mam.
412 2592 536 2626 Heron
562 2591 671 2624 etiam
686 2591 894 2625 Thebaidos
922 2594 1111 2639 episcopus
1136 2594 1240 2629 nullo
1267 2600 1420 2640 cogente
1449 2595 1489 2629 in
1504 2594 1744 2630 Antiochensi

258 2639 406 2672 civitate
434 2639 544 2673 fidem
573 2638 736 2674 desertor
761 2639 970 2684 abnegavit:
1008 2653 1115 2688 quem
1148 2654 1233 2676 mox
1267 2643 1358 2678 deus
1397 2643 1443 2678 ad
1471 2643 1679 2690 exemplum
1706 2648 1744 2677 et

257 2692 431 2721 terrorem
469 2693 694 2722 caeterorum
727 2687 823 2721 ultus
852 2694 915 2722 est.
974 2689 1037 2723 ille
1066 2702 1225 2737 namque
1262 2691 1449 2726 dissolutis
1473 2703 1518 2725 ex
1543 2690 1742 2739 putredine

258 2735 451 2777 membris,
477 2737 517 2770 in
541 2736 698 2782 plateam
725 2737 909 2782 proiectus
940 2736 1006 2770 sub
1033 2739 1195 2772 omnium
1221 2741 1337 2773 oculis
1366 2740 1556 2786 expiravit.
1608 2740 1671 2773 alii
1698 2750 1743 2773 ex

259 2783 410 2818 adverso
452 2783 508 2819 his
544 2785 721 2830 angustiis
757 2785 871 2831 pressi
900 2784 1127 2821 Christianae
1167 2786 1254 2821 fidei
1286 2789 1516 2824 confessione
1551 2788 1742 2823 clarissimi
