1768 3106
246 142 359 216 596
805 164 1152 207 THEOPHANJS

102 266 228 312 V·259
241 264 365 318 τῆσαι
402 263 512 319 ἡμᾶς
539 264 776 322 ἠθέλησαν,
804 265 879 307 καί
917 268 979 308 δι*
1004 266 1124 322 ἡμῶν
1161 266 1261 316 τοὺς
1292 266 1580 321 Χριστιανοὺς
1608 267 1714 309 α’πο-

240 332 385 372 λέσαι·
443 332 488 374 ἐκ
518 334 602 374 τῶν
646 330 887 388 ἀνθρώπων
921 331 1040 387 ἡμῶν
1070 330 1096 390 ἢ
1126 336 1209 376 τῶν
1238 334 1402 389 α’λόγων
1427 337 1511 377 ταῖν
1539 334 1716 387 ἀπομει-

239 396 400 442 νάντων
441 399 596 442 σι’δένα
638 402 853 455 κρατοῦσι.
921 405 995 444 καί
1031 401 1257 456 πορευθείς
1297 404 1420 455 μι’λια
1446 404 1548 444 δέκα
1579 398 1716 458 ἧπλὴ-

238 483 398 510 κευσεν.
457 469 508 524 τῇ
540 468 587 509 δὲ
616 467 823 522 ἐπαύριον
853 470 1009 522 πέμπει
1042 468 1116 511 τόν
1155 471 1401 523 ὁόιιιέστικον
1426 473 1510 513 τῶν
1536 470 1716 526 στρατό-

238 551 325 588 ρων
356 535 511 587 αὐτοῦ,
539 534 613 576 καί
659 537 784 591 δηλοῖ
822 536 985 593 αὐτοῖς,
1025 534 1092 579 ὅτι
1123 538 1246 591 λόγον
1274 554 1347 592 μοι
1375 537 1586 596 ἐδώκατε,
1642 539 1750 583 καὶὸ

236 603 346 660 δόλῳ
377 602 591 657 κρατῆσαί
611 619 665 656 με
706 599 968 659 ἠθελήσατε·
1029 605 1098 647 διὰ
1126 607 1247 648 τοῦτο
1288 605 1554 662 α’νεχώρησα.
1613 605 1637 647 ὅ
1666 608 1715 649 δὲ

236 671 491 722 Μασαλμιῖς
522 667 715 725 ὑπερβάς
745 666 795 726 ἧν
815 670 893 721 τὰς
924 672 1185 727 κλεισούρας,
1219 671 1307 715 ὃὸὲ
1321 671 1562 726 Σουλεϊμάν
1589 676 1713 715 τοῦτο

236 738 312 778 οὐκ
341 735 460 791 ἔγνω.
518 738 778 781 ἐστασίασαν
808 740 855 781 δὲ
886 738 926 782 οἱ
966 740 1171 796 οἷμηραῑοι
1212 742 1283 784 καί
1313 739 1332 782 ὁ
1365 739 1465 790 λαὸς
1494 740 1602 783 κατὰ
1635 742 1714 782 τοῦ

187 805 491 862 ΒΣουλεϊμάν,
520 802 581 848 ὅτι
629 807 676 848 τί
712 807 1104 863 παρακαθεζόμεθα
1147 808 1199 851 τὰ
1241 808 1361 862 τείχη
1392 811 1530 850 ταῦτα
1558 811 1632 850 καί
1661 808 1716 850 ου’

232 871 547 928 κουρσεύομενς
588 873 662 916 καὶ
705 876 1010 929 ἑκστρέψαντες
1039 875 1117 925 τὰς
1162 878 1312 925 τένδας
1341 874 1632 931 ἀνεχώρησαν.
1690 874 1768 919 <iic

233 941 279 982 δὲ
309 939 745 997 στρατηγός-Νικαιαν
773 942 844 985 τὸν
880 942 1168 1000 Τουρμάρχην
1198 941 1304 998 μετὰ
1337 946 1416 986 τῶν
1442 945 1711 999 στρατιωτῶν

230 1006 466 1064 εἰσήνεγκεν
505 1009 565 1060 εἷς
607 1008 651 1052 τὸ
691 1007 900 1066 Ἀμώριον
941 1010 1130 1065 ἐκβαλών
1178 1011 1252 1054 τὸν
1296 1016 1473 1054 πλεῖστα
1515 1009 1711 1067 γυναικό-

228 1079 377 1120 παιδα.
435 1077 505 1120 καί
546 1079 782 1133 ἀπέρχεται
827 1079 953 1129 αὐτὸς
991 1080 1050 1128 εἰς
1092 1081 1318 1122 Πισιδίαν.
1397 1082 1476 1122 τοῦ
1521 1080 1567 1121 δὲ
1604 1082 1710 1121 Ma..

228 1147 375 1197 σαλμᾶ
419 1145 618 1195 ἐλθόντος
667 1147 727 1196 εἰς
770 1149 1108 1204 Καππαδοκίαν,
1158 1147 1406 1202 ἀπογνόντες
1463 1144 1626 1189 ἑαυτῶν
1671 1146 1710 1189 οἱ

232 1213 525 1256 Καππαδόκαι
553 1216 731 1268 ἐξῆλθον
751 1214 855 1270 πρὸς
885 1215 1015 1258 αὐτὸν
1046 1217 1387 1270 παρακαλοῦντες
1412 1215 1539 1257 αὐτόν
1565 1219 1709 1268 λαβεῖν
1729 1215 1768 1257 15

231 1281 399 1330 αὐτούς.
471 1280 638 1323 α’κούων
672 1284 718 1324 δὲ
750 1282 771 1323 ὁ
808 1285 1059 1337 Μασαλμᾶς
1088 1282 1162 1337 τήν
1193 1280 1357 1338 ἔχθραν
1386 1281 1436 1336 ἢν
1465 1278 1579 1337 εἶχεν
1604 1282 1707 1324 Θεο-

232 1347 373 1397 δόσιος
414 1347 435 1391 ὃ
476 1348 680 1403 βασιλεύς
723 1349 828 1404 πρὸς
865 1350 937 1392 τόν
977 1348 1232 1406 στρατηγόν,
1270 1348 1525 1404 βουλόμενος
1562 1351 1712 1391 τοῦτον

234 1417 446 1471 ὸέλεάσαι,
476 1419 548 1459 καί
577 1419 821 1473 εἰρηνεῦσαι
851 1419 946 1470 μετ’
975 1418 1122 1474 αὐτοῦ,
1156 1417 1229 1463 καί
1257 1419 1311 1459 δι’
1338 1417 1473 1459 αὐτοῦ
1502 1415 1579 1472 τὴν
1605 1414 1711 1460 Ῥω-

103 1483 640 1538 Ρ,326μανιάν’ὖποτάξαι,
674 1489 784 1540 λέγει
815 1482 985 1534 αὖτοῖς·
1044 1481 1118 1526 οὔκ
1148 1488 1242 1527 ἐστε
1264 1487 1340 1527 τοῦ
1368 1487 1637 1540 στρατηγοῢς
1670 1481 1708 1525 οἱ

233 1553 282 1594 δὲ
314 1549 455 1595 εἶπον·
488 1553 571 1596 ναί.
629 1560 787 1596 ποιεῖτε
817 1552 861 1596 εἴ
884 1571 923 1596 τι
953 1559 1070 1595 ποιεῖ’
1094 1554 1278 1607 ἐκεῖνος,·
1308 1550 1371 1595 ὅτι
1399 1556 1481 1595 ναί.
1510 1551 1605 1594 τότε
1637 1554 1709 1594 λέ-
1723 1568 1768 1592 20

325 1703 360 1735 6.
389 1697 451 1736 διὰ
480 1702 588 1738 τοῦτο
614 1703 656 1745 Α,
685 1704 750 1737 καὶ
780 1696 842 1737 διὰ
868 1714 898 1736 τ.
926 1702 1022 1747 vulg.
1174 1713 1191 1747 7
1230 1695 1445 1749 Σουλεὶζαάν
1481 1698 1566 1733 add.
1597 1712 1638 1734 ex
1668 1701 1707 1733 A.

325 1752 357 1784 8.
383 1749 584 1798 Ἀμηραῖοι
611 1753 651 1792 Α,
673 1749 912 1798 ’Λμωρραῖοι
936 1751 1033 1795 vulg.
1131 1751 1198 1785 τοῦ
1223 1750 1305 1783 add.
1331 1761 1374 1783 cx
1399 1750 1441 1785 A.
1561 1761 1594 1794 9.
1620 1747 1710 1783 ταῦ·-

323 1811 369 1832 ‘ta
396 1811 464 1831 om.
490 1800 531 1832 A.
638 1811 688 1832 ιο.
717 1801 989 1845 ἕκστρέψαντες
1009 1800 1048 1839 A,
1075 1799 1221 1846 ἕκτρὲψ.
1239 1799 1333 1842 vulg.
1437 1797 1488 1840 14.
1516 1798 1570 1835 εἰς
1595 1800 1710 1832 Καπ-

325 1847 517 1883 παδοκίαν
544 1847 584 1890 A,
619 1848 660 1884 ἐν
686 1847 948 1894 Καππαδοκίᾳ
977 1847 1072 1893 vulg.
1154 1848 1205 1881 15.
1232 1844 1496 1885 Καππάδοκες
1522 1844 1564 1878 Α.

232 1982 430 2025 dedissent,
460 1985 566 2019 nobis
596 1991 717 2020 tamen
742 1998 868 2020 manus
895 1986 1045 2020 iniicere
1073 1986 1113 2020 in
1149 1985 1271 2019 animo
1297 1983 1516 2023 habuerunt,
1542 1986 1579 2015 et
1604 1981 1708 2015 nobis

233 2032 367 2065 iniurie
393 2031 551 2067 detentis
578 2046 651 2067 rem
670 2035 908 2068 Christianam
932 2035 1110 2080 affligere3
1135 2046 1179 2068 ex
1197 2034 1330 2068 nostris
1353 2031 1470 2066 nihilo
1498 2030 1614 2063 secius
1639 2029 1708 2062 ho-

234 2079 391 2112 minibus
416 2083 475 2114 vel
502 2083 608 2115 etiam
638 2083 893 2124 animantibus,
931 2094 1019 2129 quos
1059 2094 1178 2116 secum
1208 2081 1405 2120 habebant,
1441 2078 1583 2112 nulium
1611 2077 1711 2111 deti—

234 2139 359 2160 nuere.
386 2127 432 2160 ud
455 2141 624 2175 passuum
652 2132 778 2177 itaque
808 2131 932 2165 decem
959 2131 1077 2164 millia
1103 2130 1290 2174 digressus,
1317 2134 1432 2162 castra
1460 2132 1615 2160 metatus
1642 2131 1707 2159 est.

236 2180 383 2222 postera
407 2187 491 2211 vero
518 2178 577 2211 die
610 2184 804 2212 stratorum
837 2191 980 2213 suorum
1022 2178 1218 2213 domestico
1250 2177 1295 2209 ad
1327 2187 1388 2210 eos
1425 2174 1592 2219 delegato
1618 2173 1709 2207 haec

238 2222 455 2257 denunciat:
492 2237 554 2258 vos
587 2233 731 2270 praeter
759 2227 880 2261 datam
901 2227 1005 2260 nobis
1035 2226 1144 2270 fidem
1166 2237 1291 2258 manus
1313 2223 1420 2257 nobis
1448 2224 1596 2256 iniicere
1621 2234 1710 2255 con—

240 2271 483 2305 siliabamini:
509 2271 598 2306 haec
626 2276 696 2307 mei
724 2287 743 2307 a
773 2275 875 2308 vobis
902 2275 1075 2308 discessus
1101 2285 1206 2307 causa
1226 2273 1356 2306 extitit.
1387 2271 1581 2304 Masalmas·
1602 2282 1709 2316 porro

239 2319 313 2352 iam
337 2320 514 2354 montium
545 2321 667 2355 fauces
693 2328 951 2366 transgressum
978 2322 1177 2367 ignorabat.
1244 2321 1397 2354 amen-aei
1435 2325 1554 2352 autem
1581 2324 1619 2352 et
1642 2318 1712 2350 mi-

241 2367 325 2400 lites
351 2368 508 2401 tumultu
534 2368 702 2402 adversus
732 2371 954 2404 Sulimanem
990 2371 1171 2404 excitato:
1209 2375 1250 2403 ut
1283 2368 1371 2414 quid
1406 2367 1598 2401 moenibus
1632 2366 1711 2399 istis

242 2415 558 2449 circumvallandis
582 2416 791 2459 insistimus,
822 2430 862 2451 ac
886 2430 958 2452 non
984 2419 1106 2463 potius
1131 2418 1168 2450 in
1193 2417 1362 2462 praedam
1388 2413 1630 2460 colligendam
1646 2425 1711 2446 ex-

242 2463 444 2497 currimus?
492 2465 622 2498 eversis
651 2466 760 2508 igitur
789 2467 956 2499 tentoriis
984 2466 1242 2498 abscesserunt.
1278 2466 1418 2498 interea
1444 2463 1517 2496 dux
1540 2462 1710 2496 Nicaeam

243 2517 443 2546 turmarum
463 2511 647 2545 ductorem
667 2514 848 2546 Amorium
867 2514 1025 2557 expulsis
1043 2512 1127 2546 inde
1144 2514 1359 2546 mulieribus
1385 2523 1424 2545 ac
1455 2512 1575 2556 pueris
1604 2521 1712 2556 quam

244 2560 413 2606 plurimis
437 2559 657 2602 introducit,
696 2561 773 2606 ipse
815 2560 982 2594 Pisidiam
1013 2561 1212 2595 contendit.
1273 2572 1381 2606 porro
1416 2571 1494 2592 clun
1520 2558 1711 2591 masalmas

245 2607 513 2653 Cappadociam
532 2614 768 2654 penetrasset,
789 2609 1022 2654 Cappadoces
1044 2609 1089 2642 de
1110 2609 1216 2642 rebus
1237 2610 1306 2642 suis
1336 2608 1569 2653 desperantes
1594 2606 1710 2650 ipsum

247 2662 505 2697 convenerunt,
530 2657 567 2689 in
591 2657 767 2702 mancipia
797 2656 841 2689 ab
871 2668 913 2690 eo
939 2668 976 2690 se
1003 2658 1114 2703 recipi
1142 2657 1347 2703 deprecati,
1373 2655 1560 2688 Masalmas
1591 2659 1710 2686 autem

245 2703 455 2746 intellectis,
482 2716 571 2750 quas
596 2705 634 2737 in
653 2706 906 2751 imperatorem
923 2704 1170 2738 Theodosium
1197 2705 1270 2738 dux
1300 2703 1472 2743 habebat,
1501 2702 1710 2741 inimicitiis,

246 2763 325 2784 cum
356 2763 435 2785 eum
462 2752 554 2785 dolis
579 2752 759 2794 inescare,
797 2759 834 2787 et
857 2764 946 2799 pace
972 2764 1051 2785 cum
1079 2764 1122 2786 eo
1147 2753 1229 2786 ficte
1255 2752 1467 2796 composita,
1497 2750 1573 2783 eius
1599 2758 1711 2793 opera

247 2799 442 2833 Romanam
474 2811 615 2834 omnem
655 2800 830 2835 ditionem
863 2800 1054 2847 subiugare
1080 2807 1258 2842 tentaret,
1297 2798 1530 2847 Cappadoces
1555 2798 1710 2832 interro-
