1768 3106
248 167 366 236 436
777 176 1125 227 THEOPHANl‘S

246 285 474 342 βάρβαροι,
503 285 577 327 καί
603 285 663 334 εἰς
688 282 739 326 τὰ
771 283 928 341 ῥεῖθρα
952 288 1029 327 τοῦ
1061 284 1253 338 ποταμοῦ
1275 279 1586 339 ἆποπνίγονται.
1617 301 1718 327 συν-
1755 283 1757 285 ’

247 352 505 395 απόλλυνται
558 352 606 395 δὲ
645 350 812 402 τούτοις
868 351 941 394 καί
978 353 1203 406 Σκλαβινοί
1233 353 1389 394 πολλοί.
1475 353 1632 404 ζῶντας
1672 353 1718 394 δὲ

244 417 482 475 ἐκράτησαν
508 418 717 475 Ἀβάρους
757 421 835 473 μὲν
870 420 1133 474 τρισχιλίους
1171 420 1424 475 διακοσίους,
1455 419 1526 462 καί
1552 416 1718 475 βαρβά·

243 502 346 543 ρους
375 488 627 541 δισχιλίους.
681 483 706 536 ,ὃ
736 487 784 529 δὲ
809 488 1008 542 Χαγάνος
1041 488 1101 537 εἰς
1129 487 1377 543 Μαυρίκιον
1405 490 1586 541 βασιλέα
1616 489 1718 543 πρέ-

242 557 360 607 σβεις
389 553 636 595 ἀπέστειλεν
665 553 896 608 ἀναλαβεῖν
920 552 1017 605 τούς
1047 555 1340 610 ζωγρηθέντας
1369 553 1643 608 πειρώμενος.
1692 553 1715 597 ὁ
1731 563 1754 601 5

245 622 292 664 δὲ
322 621 572 674 Μαυρίκιος
597 617 724 676 μήπω
762 619 918 674 μαθών
945 620 1024 676 τήν
1050 623 1268 678 περιφανῆ
1297 623 1381 664 τῶν
1404 622 1626 676 Ῥωμαίων
1652 621 1715 665 νί·

242 705 330 744 κην,
357 687 514 744 γράφει
542 690 601 746 τῷ
631 689 810 747 Πρίσκῳ
841 689 1079 731 α’ποδοῦναι
1109 690 1168 748 τῷ
1197 691 1385 748 Χαγάνῳ
1419 687 1522 738 τούς
1549 689 1716 744 βαρβά-

241 771 343 810 ρους
370 754 512 809 μόνον.
571 753 592 797 ὃ
620 755 668 797 δὲ
692 756 975 807 Κομεντίολος
1006 756 1130 809 μόλις
1162 759 1236 811 τῆς
1262 753 1388 798 νόσου
1419 755 1714 812 διαγενόμενος

238 824 454 877 ἐξέρχεται
481 824 541 873 εἰς
572 821 721 877 Νόβας
750 825 882 879 ζητῶν
912 822 1090 879 ὁδηγούς
1117 825 1194 866 τοῦ
1230 825 1448 878 ἐξαγαγεῖν
1475 822 1609 866 αὐτὸν
1636 822 1715 878 τήν

238 886 340 930 ὁδὸν
374 891 592 945 Τραϊανοῦ
630 891 704 932 τοῦ
744 893 965 943 βασιλέως.
1031 893 1167 948 γέρων
1198 891 1245 932 δέ
1271 907 1332 940 τις
1358 888 1515 947 ταύτην
1541 890 1768 944 {urard-1(

235 972 381 1013 μενος,
421 956 607 1014 ἔφασκεν
649 959 840 1013 δυσχερῆ
882 955 990 1001 εἶναι
1029 960 1102 1001 καί
1147 956 1406 1014 α’διόδευτον,
1451 956 1533 999 α’πό
1560 973 1605 1000 τε
1633 959 1715 1001 τῶν

236 1023 371 1067 ὑετῶν
399 1026 565 1067 πολλῶν
603 1024 677 1067 καί
712 1027 926 1080 χειμῶνος
973 1021 1117 1081 ὄντος,
1159 1023 1307 1082 ὑψηλοὶ
1350 1016 1428 1080 ὅρη
1459 1024 1534 1068 καί
1561 1023 1713 1080 χιόνας

98 1101 222 1150 P.{238
237 1094 502 1149 κεκτημένην.
570 1091 593 1134 ὅ
636 1094 683 1135 δὲ
720 1095 1008 1146 Κομεντίολος
1048 1093 1108 1149 μὴ
1139 1094 1330 1142 πεισθείς
1358 1098 1445 1142 τοῖς
1472 1092 1608 1148 λόγοις
1637 1095 1714 1134 τοῦ

233 1163 440 1217 γέροντος,
472 1162 710 1216 αἠἐρχεται
741 1160 811 1203 διὰ
843 1164 917 1217 τῆς
949 1161 1053 1203 ὁδοῦ
1082 1160 1249 1216 ταύτης.
1319 1160 1490 1216 ψύχους
1519 1162 1566 1204 δὲ
1596 1176 1714 1216 γεγο-

234 1226 354 1278 νότος
384 1227 572 1280 ἐξαισίου
594 1230 668 1271 καί
688 1227 874 1283 μεγάλου
905 1228 1074 1285 κρύους,
1106 1231 1431 1285 διαφθείρονται
1459 1230 1607 1270 πολλοὶ
1632 1228 1714 1270 τῶν
1733 1239 1768 1279 ,ξ

228 1294 466 1351 Ῥωμαίων,
495 1298 568 1337 καί
598 1298 684 1338 τῶν
713 1293 963 1353 νωτοφόρων
1004 1297 1119 1348 ζώων
1155 1295 1207 1338 τά
1239 1300 1433 1338 πλεῖστα.
1489 1296 1564 1338 καί
1589 1294 1714 1349 μόλις

234 1364 294 1412 εἰς
323 1361 399 1418 τήν
432 1360 772 1406 Φιλιππούπολιν
813 1363 1005 1420 ἄφίκετο.
1075 1365 1243 1406 κάκεῖσε
1272 1366 1357 1406 τῶν
1380 1362 1603 1418 Ῥωμαίων
1631 1380 1713 1406 πα-

233 1429 606 1486 ραχειμασοὶντων,
626 1429 647 1471 ὅ
682 1432 963 1485 Κομεντίολος
995 1432 1055 1482 εἷς
1087 1429 1327 1484 Βυζάντιον
1357 1429 1544 1486 ἔρχεται.

351 1499 420 1556 Τῷ
451 1499 491 1539 δ’
520 1497 636 1556 αύτῷ
665 1497 750 1540 ἔτει
793 1497 897 1554 α’νὴρ
928 1515 990 1548 τις
1028 1498 1076 1541 τὸ
1106 1497 1339 1553 μοναχικὸν
1369 1501 1517 1555 σχῆμα
1540 1502 1710 1553 περιβε-

231 1567 438 1621 βλημένος
468 1565 540 1608 καί
566 1567 612 1609 ἐν
643 1561 819 1622 α’σκὴσει
842 1566 1104 1623 διαλάμπων,
1136 1569 1322 1610 σπαθίον
1348 1567 1588 1623 γυμνώσας,
1622 1565 1706 1609 ἀπὸ
1724 1586 1768 1613 20

328 1731 361 1753 2.
386 1718 531 1761 τούτοις
553 1723 616 1755 καὶ
644 1721 682 1762 Α,
707 1722 771 1756 καὶ
797 1721 943 1760 τούτοις
966 1720 1062 1766 vulg.
1161 1722 1193 1755 5.
1222 1722 1449 1768 βουλόμενος
1473 1731 1504 1753 a.
1601 1732 1633 1765 7.
1658 1719 1710 1766 τῷ

328 1768 502 1815 Χαγάνῳ
528 1769 594 1802 om.
621 1781 652 1802 a.
799 1770 833 1804 8.
859 1771 923 1804 καὶ
946 1771 1069 1816 μόνον
1096 1768 1125 1802 Α
1142 1795 1151 1811 ,
1177 1770 1320 1817 μόνους
1343 1770 1368 1802 f.
1490 1766 1598 1816 μόλις
1623 1768 1706 1801 add.

328 1828 372 1850 ex
397 1829 429 1850 a.
533 1827 566 1860 9.
593 1817 722 1862 Νόβας
749 1817 777 1851 Α
804 1829 836 1859 a,
866 1812 988 1864 νομὰς
1011 1817 1108 1862 vulg.
1239 1829 1288 1852 ιο.
1316 1816 1453 1861 ταύτην
1480 1817 1565 1850 add.
1598 1827 1639 1848 ex
1668 1817 1709 1849 Α.

334 1876 385 1898 ιι.
417 1865 579 1912 δυσχερῆ
605 1865 705 1901 εἶναι
728 1866 755 1900 Α
783 1877 814 1905 a,
849 1865 1011 1911 δυσχερῆ
1036 1864 1174 1908 ταύτην
1199 1865 1301 1903 εἶναι
1323 1866 1418 1911 vulg.
1510 1876 1560 1898 ια.
1591 1863 1709 1901 ὑετῶν

328 1913 371 1954 A,
395 1913 490 1950 ἐτῶν
513 1915 608 1959 vulg.
734 1915 784 1948 16.
811 1913 1038 1962 νοτοφόρων
1060 1913 1159 1958 vulg.

235 2038 340 2073 multi
367 2040 519 2085 periere.
568 2040 639 2073 vivi
665 2041 703 2074 in
727 2046 948 2087 potestatem
975 2043 1217 2075 Romanorum
1255 2043 1435 2075 venerunt
1461 2039 1614 2073 Avarum
1641 2040 1708 2074 tria

236 2087 355 2120 millia
381 2087 542 2129 ducenti,
568 2088 710 2121 barbari
746 2089 801 2122 bis
841 2090 954 2123 mille.
1005 2089 1195 2134 Chaganus
1226 2100 1310 2123 vero
1338 2089 1474 2131 legatos
1500 2086 1546 2120 ad
1571 2087 1709 2121 Mauri-

236 2134 331 2168 cium
359 2135 456 2169 misit
479 2135 525 2168 ad
553 2137 713 2181 captivos
740 2137 989 2172 redimendos:
1052 2138 1246 2171 Mauricius
1270 2135 1431 2170 nondum
1461 2140 1608 2180 accepto
1634 2141 1708 2169 tam

236 2182 443 2228 praeclarae
469 2184 642 2217 victoriae
670 2186 821 2225 nuncio,
847 2186 965 2220 Prisco
990 2186 1117 2219 scribit
1144 2191 1185 2218 ut
1212 2185 1308 2218 solos
1325 2183 1497 2217 barbaros
1524 2183 1708 2217 redderet.

238 2236 419 2264 caeterum
454 2231 701 2265 Comentiolus
746 2245 825 2267 cum
849 2235 908 2267 vix
945 2245 966 2267 a
994 2234 1167 2279 languore
1205 2244 1243 2266 se
1270 2231 1476 2277 recepisset,
1501 2231 1539 2264 in
1565 2231 1710 2265 deserta

236 2278 442 2312 Nomadum
480 2279 559 2312 loca
599 2280 783 2325 profectus
823 2287 902 2323 est,
947 2282 1116 2316 ductores
1152 2291 1347 2326 quaerens,
1387 2279 1449 2324 qui
1475 2279 1545 2313 sibi
1569 2281 1662 2314 viam
1688 2290 1709 2312 a

237 2327 396 2360 Traiano
438 2326 524 2360 olim
562 2328 682 2360 tritum
710 2329 926 2362 indicarent.
992 2331 1112 2363 senior
1135 2333 1254 2361 autem
1281 2326 1428 2373 quidam
1451 2327 1552 2361 illius
1577 2339 1708 2373 gnarus

237 2373 419 2408 difficilem
453 2373 646 2408 admodum
677 2381 713 2409 et
737 2388 911 2421 asperam,
938 2389 1001 2410 ceu
1039 2387 1132 2423 quae
1168 2387 1188 2408 a
1212 2377 1334 2409 multis
1360 2375 1535 2409 imbribus
1562 2381 1600 2410 et
1624 2376 1709 2409 inu-

238 2422 346 2457 sitato
376 2427 572 2468 perpetuae
599 2422 729 2456 hiemis
758 2426 875 2468 rigore
901 2424 1126 2458 horresceret
1149 2423 1332 2469 undique,
1358 2429 1396 2458 et
1419 2424 1624 2469 praeruptis
1649 2435 1708 2457 sa-

238 2471 291 2505 xis
312 2471 522 2517 niviumque
543 2469 660 2514 globis
679 2483 831 2517 ‚quaqua
852 2484 974 2506 versus
990 2471 1228 2513 obsideretur,
1256 2471 1497 2518 praedicabat.
1548 2472 1707 2506 Comen-

239 2519 351 2552 tiolus
380 2523 502 2564 spreto
527 2519 622 2551 senis
650 2519 801 2559 monito,
829 2520 921 2552 viam
950 2521 1048 2554 illam
1073 2521 1238 2566 capessit.
1302 2532 1381 2554 cum
1409 2525 1531 2553 nutem
1555 2519 1709 2554 immen-

240 2577 317 2599 sum
342 2567 451 2613 plane
481 2565 592 2610 frigus
618 2578 859 2613 asperumque
886 2567 968 2611 gelu
994 2568 1189 2612 ingrueret,
1217 2568 1324 2602 multi
1347 2574 1399 2601 ex'
1415 2568 1581 2601 Romanis
1611 2568 1710 2603 mili-

239 2614 363 2655 tibus,
394 2614 640 2648 iumentorum
680 2626 762 2649 vero
794 2616 947 2648 maxima
984 2627 1065 2661 pars
1095 2616 1223 2660 periit:
1265 2618 1399 2663 vixque
1422 2615 1711 2661 Philippopolim

240 2661 435 2696 deventum
464 2666 536 2696 est:
562 2661 626 2695 ubi
653 2674 734 2696 cum
760 2661 998 2697 hibernarent
1031 2664 1164 2698 milites
1181 2664 1344 2706 Romani,
1371 2664 1618 2698 Comentiolus
1643 2665 1712 2708 By-

242 2711 403 2744 zantium
428 2722 466 2744 se
492 2710 660 2744 contulit.
1638 2739 1642 2742 .

337 2757 472 2792 Eodem
500 2770 595 2792 anno
620 2758 676 2792 vir
698 2757 846 2805 quidam
883 2759 1142 2794 monachorum
1171 2759 1298 2793 habitu
1335 2758 1504 2798 indutus,
1529 2763 1567 2792 et
1592 2757 1711 2792 conti-

241 2806 323 2840 nuis
349 2807 540 2852 religiosae
567 2806 662 2842 vitae
687 2807 1010 2842 exercitationibus
1044 2808 1207 2853 insignis,
1240 2820 1260 2842 a
1287 2807 1366 2842 soro
1393 2807 1439 2841 ad
1463 2806 1624 2842 Chalcen
1648 2817 1708 2839 us-
