1786 3204
285 161 388 216 160
829 167 1172 212 THEOPHAle

219 290 262 323 1'3
384 275 612 332 (Ρωμαίων
641 273 850 328 βασιλέως
881 272 1142 328 ΙΠαρκιανοῦ
1171 267 1263 319 ἔτος
1297 267 1347 311 α’.

237 338 263 371 Β
393 344 535 402 Τούτῳ
564 343 621 398 τῷ
651 339 735 383 ἔτει
763 337 1020 395 Μαρκιανὸς
1065 337 1089 379 ὅ
1119 333 1298 391 εὐσεβὴς
1330 332 1428 392 θείᾳ
1455 331 1588 393 ψήφῳ
1617 336 1744 378 αὐτο-

276 416 444 472 κράτωρ
473 407 763 463 οἷναδειχθείς,
793 405 894 456 τούς
923 408 967 448 ὲν
1003 406 1144 461 ἑξορίᾳ
1173 400 1335 451 πάντας
1363 401 1661 445 ἀνεκαλέσατο.
1715 400 1743 457 ἦ

279 485 327 526 δὲ
353 479 544 536 μακαρία
572 475 824 529 Πουλχεριά
865 473 936 516 τὸν
966 471 1237 526 παμμίσητον
1267 468 1529 525 Χρυσάφιον
1558 467 1634 511 τὸν
1667 470 1743 510 ειῖ-

278 552 434 603 νοῦχον
462 544 692 587 ἐκδέδωκεν
714 536 903 597 Ἰορδάνῃ
933 541 992 595 τῷ
1024 536 1150 580 παιδί
1179 533 1388 588 Ἰωάννου,
1420 537 1498 577 τοῦ
1525 537 1570 579 ἐν
1592 532 1782 593 “Ραὶμῃ5

279 610 647 671 τυραννήσαντος,
689 609 762 648 καί
791 603 1171 660 προσχωρήσαντος
1200 601 1307 659 πρὸς
1332 601 1643 658 Ἀρδαβούριον
1674 603 1747 644 καί

269 678 484 733 ”Ασπαρα,
515 676 587 718 καί
613 676 672 724 εἰς
701 671 746 715 τὸ
773 670 1008 723 Βυζάντιον
1038 669 1250 726 ἐλθόντος,
1281 671 1355 712 καί
1383 670 1518 725 τιμῆς
1540 670 1746 721 ἀξιωθέν-

242 758 365 802 Οτος,
399 744 690 799 ἀναιρεθέντος
718 741 765 782 δὲ
795 737 904 797 δόλῳ
933 736 1018 780 ὑπὸ
1054 737 1342 794 Χρυσαφιόυ·
1401 734 1450 779 ὃν
1477 736 1621 791 λαβὼν
1644 736 1745 792 Ἰορ-

282 814 411 870 δάνης
438 813 617 854 α’νεῖλεν.
646 802 762 859 ἄξιον
790 807 838 848 δέ
856 808 984 863 ἐστιν,
1013 804 1086 848 καί
1110 804 1184 860 τὴν
1214 806 1259 855 ἐξ
1287 804 1426 860 ἀρχῆς
1451 806 1529 846 τοῦ
1555 807 1661 847 θεοῦ
1685 806 1747 854 εἰς

283 876 539 936 Μαρκιανὸν
576 873 648 918 τὸν
674 874 852 928 βασιλέα
884 870 1056 928 ἐκλογήν
1089 872 1290 927 σημᾶναι.
1362 873 1408 914 ἑν
1434 876 1522 922 τοῖς
1547 888 1778 931 παρῳχη-ι

281 947 375 991 κόσι
402 943 583 1001 χρόνοις,
610 944 655 985 ἐν
676 937 739 990 οἷς
768 937 1030 996 ὄΠερσικὸς
1051 938 1233 992 πόλεμος
1262 938 1454 995 ἐκινήθη,
1483 936 1748 995 στρατιώτης

282 1009 342 1057 ὢν
369 1012 480 1063 λιτὸς
507 1010 530 1053 ὅ
558 1007 812 1064 Μακριανὸς
840 1006 950 1061 μετὰ
978 1009 1054 1049 τοῦ
1080 1005 1193 1049 ἰδίου
1213 1007 1424 1063 νουμέρου
1450 1005 1533 1049 ἀπὸ
1562 1008 1638 1061 τῆς
1658 1006 1748 1048 Ἑλ-

281 1080 408 1130 λάδος
437 1077 542 1121 κατά
572 1077 760 1132 Περσῶν
796 1076 946 1133 οἷπῄει,
976 1073 1051 1116 καί
1074 1071 1294 1129 γενόμενος
1327 1076 1372 1116 ἑν
1403 1072 1578 1132 Λυκίᾳ,
1607 1069 1749 1129 ἄρρω-

280 1148 378 1205 στιξι
405 1147 662 1201 περιέπεσεν,
694 1145 767 1186 καί
793 1140 1098 1198 καταλειφθείς
1136 1142 1182 1184 ἐν
1210 1140 1330 1184 πόλει
1361 1139 1555 1198 Σόδημα,
1582 1141 1748 1183 κοῖκεῖσε

280 1209 612 1271 χρονοτριβῆσας
629 1245 643 1265 ,
682 1212 990 1264 προσκολλᾶται
1020 1208 1099 1251 δύο
1127 1209 1327 1266 ἀδελφοῖς
1354 1225 1466 1251 τισιν
1488 1207 1650 1266 Ἰουλίῳ
1677 1206 1751 1250 καί
1765 1225 1780 1252 1

289 1281 486 1338 Τατιανῷ
517 1279 792 1331 καλουμένοις
810 1295 819 1305 ·
879 1276 922 1319 οἳ
944 1292 1051 1327 τινες
1079 1277 1140 1326 εἰς
1167 1274 1242 1319 τὸν
1273 1275 1384 1319 ἴδιον
1413 1271 1524 1318 οἶκον
1553 1275 1750 1329 λαβόντες

286 1349 428 1399 αὐτόν,
460 1348 764 1388 διανέπαυσαν.
823 1346 883 1393 εἰς
911 1343 1054 1400 θήραν
1083 1345 1130 1387 δὲ
1158 1342 1407 1395 ἐξελθόντες,
1436 1341 1589 1398 ἔλαβον
1618 1340 1750 1385 αὕτὸν

286 1416 383 1467 μεθ’
412 1410 585 1456 ἑαυτῶν.
641 1409 913 1461 κοπιάσαντες
942 1413 989 1453 δὲ
1018 1412 1119 1466 περί
1141 1411 1422 1466 μεσημβρίαν,
1450 1407 1750 1466 ἐκοιμήθησαν.

245 1481 635 1538 Βηροεξυπνισθείς
664 1480 711 1522 δὲ
738 1476 759 1520 ὃ
796 1477 999 1529 Τατιανὸς
1024 1481 1188 1534 θεωρεῖ
1209 1476 1281 1521 τὸν
1304 1475 1562 1534 ,Μαρκιανὸν
1590 1478 1650 1528 εἰς
1679 1475 1751 1519 τὸν

71 291 160 327 AM.
172 291 217 335 59

384 1641 418 1674 3.
445 1639 683 1687 ἀναδειχθεὶς
707 1639 753 1680 Α,
779 1638 1001 1685 ἄναδεχθεὶς
1025 1640 1121 1684 vulg.
1256 1638 1419 1685 ἑξορίαις
1443 1638 1480 1672 b.
1625 1650 1658 1684 9.
1684 1637 1750 1672 τοῦ

380 1688 471 1723 θεοῦ
497 1700 566 1722 om.
594 1700 612 1721 a
642 1699 672 1721 e.
804 1699 851 1721 ιο.
876 1686 1119 1734 παρῳχηκόσι
1141 1687 1183 1727 A,
1210 1686 1472 1734 παρῳχοικόσι
1496 1686 1595 1730 vulg.
1697 1686 1748 1718 ¹3.

379 1734 818 1829 ίιίιρέίςιΙΚιλιιιίᾳ-εοάά.
847 1736 1028 1770 nonnulli.
1150 1737 1200 1781 ¹4·
1224 1734 1446 1785 περιέπεσεν
1459 1734 1502 1777 A,
1530 1730 1751 1806 περιπεσών

104 1921 272 1969 Α.(ἶ.443
380 1920 615 1952 Romanorum
643 1918 867 1964 imperatoris
892 1918 1064 1951 Marciani
1090 1930 1205 1952 annus
1231 1919 1378 1965 primus.

379 1965 457 1999 Hoc
480 1977 575 1999 anno
612 1966 854 2011 pientissimus
888 1967 1094 2000 Marcianus
1127 1967 1252 2001 divino
1282 1965 1449 2010 suffragio
1474 1965 1670 2010 imperator
1693 1976 1749 1998 re-

286 2013 476 2047 nunciatus
501 2018 647 2047 cunctos
681 2014 804 2046 exules
829 2013 874 2046 ad
899 2015 1042 2060 propria
1080 2015 1268 2049 revocavit.
1325 2013 1433 2048 beata
1458 2025 1566 2059 porro
1592 2011 1747 2046 Pulche-

287 2060 340 2093 ria
366 2060 625 2106 Chrysaphium
654 2061 858 2094 eunuchum
884 2063 1020 2095 cunctis
1055 2069 1205 2096 exosum
1226 2061 1372 2096 lon-dani
1398 2061 1545 2095 Ioannis
1570 2061 1651 2107 (qui
1675 2063 1747 2094 Ro·-

285 2120 364 2142 mae
392 2108 574 2154 quondam
599 2109 790 2152 tyrannide
819 2115 959 2154 arrepta
985 2110 1031 2143 ad
1050 2110 1290 2144 Ardaburium
1320 2115 1357 2143 et
1379 2111 1550 2155 Asparem
1577 2113 1660 2154 post:
1685 2108 1749 2141 de-

289 2155 464 2189 ditionem
490 2167 526 2189 se
565 2156 740 2201 recipiens
767 2168 845 2189 cum
871 2158 921 2190 cis
950 2158 1156 2201 Byzantium
1181 2158 1378 2204 profectus,
1424 2163 1533 2203 atque
1563 2156 1609 2189 ad
1631 2155 1749 2190 hono-

288 2215 343 2237 res
370 2209 407 2237 et
431 2203 624 2248 dignitates
651 2210 846 2249 promotus,
874 2204 1017 2239 tandem
1045 2218 1065 2238 a
1098 2205 1320 2252 Chrysaphio
1344 2210 1495 2239 mortem
1523 2205 1663 2238 illatam
1688 2216 1749 2237 su-

286 2251 479 2298 stinuerat)
511 2251 592 2296 filio*
615 2251 784 2285 tradidit:
824 2263 927 2297 quem
954 2254 1125 2287 Iordanes
1149 2254 1226 2299 pari
1251 2254 1376 2287 mortis
1402 2264 1521 2299 poena
1545 2253 1745 2285 mulctavit.

288 2304 470 2332 caeterum
506 2310 637 2344 operae
670 2300 824 2343 pretium
854 2300 972 2342 fuerit,
999 2300 1182 2347 quomodo
1210 2302 1412 2335 Marcianus
1442 2300 1487 2334 ad
1512 2300 1702 2346 imperium
1727 2310 1750 2332 a

290 2346 358 2380 deo
384 2346 494 2380 fuerit
517 2346 727 2388 destinatus,
773 2347 902 2392 scripto
931 2349 1139 2393 significare.
1204 2348 1450 2395 superioribus
1473 2349 1589 2390 annis,
1615 2347 1749 2394 quibus

288 2393 469 2429 Persicum
490 2393 624 2427 bellum
655 2401 869 2439 susceptum,
894 2396 1092 2431 Marcianus
1123 2397 1228 2431 miles
1259 2397 1438 2442 gregarius
1464 2407 1544 2429 cum
1569 2396 1750 2436 existeret,

292 2454 311 2475 e
338 2442 488 2475 Graecia
514 2453 635 2475 versus
649 2443 802 2475 persiam
829 2454 907 2476 cum
926 2446 1071 2490 proprio
1093 2456 1244 2478 numero
1268 2443 1572 2491 proficiscebatur.
1621 2444 1660 2476 in
1682 2443 1752 2486 Ly-

290 2490 381 2523 ciam
407 2501 486 2523 cum
512 2490 687 2530 venisset,
716 2490 839 2523 morbo
870 2499 1078 2537 correptus,
1114 2494 1152 2526 in
1189 2493 1276 2526 urbe
1307 2491 1451 2525 Sidema
1486 2503 1505 2524 a
1530 2491 1604 2524 suis
1638 2491 1752 2524 relin-

290 2538 434 2583 quitur:
457 2537 496 2569 in
522 2548 562 2570 ea
587 2537 792 2570 diuturnius
830 2545 987 2573 moratus
1018 2540 1158 2574 duobus
1192 2539 1409 2587 quibusdam
1436 2539 1629 2579 fratribus,
1658 2549 1752 2585 quo-

291 2597 367 2618 rum
388 2585 534 2618 nomina
575 2584 688 2617 Iulius
726 2590 762 2618 et
785 2586 983 2628 Tafiunus,
1016 2589 1195 2622 amicitiae
1230 2587 1378 2622 foedere
1401 2587 1639 2621 connectitur.
1688 2586 1750 2620 isti

288 2633 512 2666 Marcianum
545 2632 584 2664 in
620 2633 774 2678 propriis
798 2632 946 2667 aedibus
987 2642 1171 2682 acceptum
1212 2641 1338 2670 curant
1378 2641 1415 2669 et
1439 2635 1597 2681 quietem
1623 2633 1752 2667 iubent

291 2680 444 2714 ducere:
481 2684 721 2725 venatumque
746 2680 941 2726 aliquando
976 2685 1126 2727 egressi,
1155 2684 1321 2718 comitem
1348 2695 1429 2716 eum
1458 2682 1684 2726 adiungunt:
1711 2693 1752 2715 ac

291 2729 382 2760 circa
407 2727 590 2761 meridiem
619 2727 756 2771 fatigati
793 2740 922 2774 sopore
961 2730 1140 2765 fruuntur.
1188 2733 1288 2777 prior
1311 2731 1461 2765 caeteris
1489 2742 1507 2763 a
1532 2740 1658 2763 somno
1685 2740 1752 2762 ex-

290 2776 422 2810 citatus
446 2776 622 2810 Tan-,ianus
645 2775 864 2810 Marcianum
895 2777 938 2810 ad
965 2779 1075 2812 solem
1103 2779 1222 2813 adhuc
1249 2779 1487 2813 dormientem
1510 2778 1750 2824 conspicatus,
