1768 3106
271 138 389 208 464
819 156 1167 202 THEOPHAMS

266 258 412 313 βάντες
441 259 740 314 αἰχμαλωσίαν
777 258 937 316 πολλὴν
967 263 1040 303 καί
1071 258 1248 317 λάφυρα
1276 257 1505 315 πάμπολλα
1534 263 1609 305 καί
1632 261 1740 320 χρή-

267 344 383 381 ματα
413 326 706 381 «ὑπέστρεψαν.
762 325 840 383 την
861 326 1117 383 Χαλκηδόνα
1149 328 1225 370 ov‘n
1252 326 1439 383 ἴσχυσαν
1463 334 1738 388 παραλαβεῖν,

228 393 379 437 edm&
410 392 607 451 φρουρὰν
635 391 837 444 ἐάσαντες
864 397 942 437 τοῦ
969 399 1222 451 πολιορκεῖν,
1250 395 1544 452 ἀνεχώρησαν.

55 467 254 503 Α.Μ.6ιοὸ
385 459 526 520 Τούτῳ
562 462 622 518 τῷ
659 459 742 503 ἔτει
774 461 1056 515 ἐστράτευσαν
1105 461 1144 504 οἱ
1175 465 1351 518 Πέρσαι
1379 465 1483 506 κατὰ
1514 464 1740 520 Χαλκηδό-

264 545 357 587 νος,
399 530 474 572 καί
516 529 759 581 παρέλαβον
798 528 934 585 αὐτὴν
972 530 1152 588 πολέμῳ.
1225 532 1282 588 τῷ
1310 532 1352 572 ‹5’
1381 530 1498 589 αὐτῷ
1527 529 1609 575 ἔτει
1635 535 1768 589 μηνίᾶ

262 595 506 654 Ἰανουαρίῳ
534 593 587 648 α’,
620 595 879 645 ἰνὸικτιῶνος
909 595 952 652 ε’,
984 595 1219 639 ὑπάτευσεν
1239 600 1555 649 Κωνσταντῖνος
1583 598 1604 641 ὃ
1635 604 1738 656 νέος,

262 664 287 707 ὃ
314 666 389 708 καί
409 661 658 718 Ἡράκλειος
689 665 767 705 τοῦ
787 662 1044 718 “Ηρακλειόυ
1074 662 1195 713 υἱός·
1254 665 1330 707 καί
1360 665 1616 721 προεβάλετο
1644 669 1738 710 καί·

263 747 378 786 σαρα
420 732 745 773 Κωνσταντῖνον
785 730 860 773 τὸν
896 731 1050 787 μικρὸν
1086 731 1160 774 τὸν
1197 730 1308 775 ἴδιον
1350 731 1541 790 α’δελφὸν
1578 732 1648 776 τὸν
1694 736 1738 787 ε”ξ

258 798 511 856 Ἡρακλείου
541 799 616 840 καί
645 800 865 855 Μαρτίνης
902 799 1166 854 γεννηθέντα.

53 875 253 919 mvl-‚6109
381 866 523 925 Τούτῳ
565 866 624 924 τῷ
662 862 750 908 ἔτει
777 862 906 908 πάλιν
927 865 1179 922 “Ηρα’κλειος
1216 866 1433 910 ἀπέστειλε
1460 855 1660 924 ’πρέσβεις
1693 870 1768 914 ἑνι

128 924 454 991 ν·“(”.Περσι’δι
493 931 601 990 πρὸς
639 931 841 989 Χοσρόην
882 933 1128 988 αἰτούμενος
1157 933 1336 991 εἰρήνην.
1407 935 1429 977 ὅ
1462 937 1510 978 δὲ
1537 934 1738 993 Χοσρόης

217 1004 337 1045 1)καί
360 1001 488 1045 πάλιν
517 1000 679 1051 αὐτοὺς
703 1001 990 1056 ἀπεπέμψατο
1013 1003 1157 1057 λέγων·
1188 1004 1241 1045 οὐ
1274 1004 1479 1060 φείσομαι
1507 1004 1629 1058 ὑμῶν
1658 1004 1738 1055 ἕως

262 1067 316 1113 ἂν
343 1067 587 1124 ἅρνὴσησθε
626 1065 702 1111 τὸν
737 1069 1084 1127 ἐσταυρωμένον,
1127 1067 1176 1113 ὃν
1214 1072 1353 1126 λέγετε
1383 1069 1487 1114 θεὸν
1515 1068 1638 1129 εἶναι,
1666 1074 1740 1115 καί

261 1137 584 1193 προσκυνήσητε
612 1136 672 1194 τῷ
700 1133 820 1195 ἡλίῳ.

48 1212 246 1247 Α.Μ,6ιιο
378 1201 524 1261 Τούτῳ
554 1204 612 1260 τῷ
643 1201 727 1246 ἔτει
756 1202 1041 1259 ἐστράτευσαν
1063 1203 1264 1261 Ἀβάρεις
1309 1204 1415 1249 κατὰ
1445 1208 1521 1262 τῆς
1550 1205 1765 1265 Θρᾴκης.ι

257 1273 332 1314 καί
357 1270 612 1321 ἀποστείλας
639 1269 663 1312 ὅ
688 1269 943 1326 Ἶ-Ιροῖκλειος
990 1271 1097 1327 πρὸς
1131 1272 1289 1324 αὐτοῦς
1316 1268 1403 1331 ᾔτει
1435 1272 1512 1329 τὴν
1539 1273 1735 1331 εἰρήνην·

259 1339 333 1382 καί
357 1339 624 1391 συνθεμένου
655 1339 732 1380 τοῦ
759 1338 965 1392 Χαγάνου
995 1338 1155 1395 ταύτην
1186 1347 1339 1395 ποιεῖν,
1363 1342 1539 1398 ἐξῆλθεν
1566 1341 1586 1384 ὃ
1611 1345 1735 1397 βασι-

125 1418 163 1452 Ρ.
178 1416 246 1450 253
261 1405 359 1457 λεύς
391 1404 473 1458 ἔξω
502 1407 578 1449 τοῦ
610 1407 803 1461 ,Μακροῦ
827 1406 1016 1463 τείχους,
1054 1409 1129 1449 καί
1156 1407 1263 1461 μετὰ
1291 1409 1429 1464 πάσης
1473 1410 1736 1466 δορυφορίας

257 1476 483 1530 βασιλικῆς
522 1474 598 1515 καί
642 1470 793 1529 δώρων
834 1474 998 1516 πολλῶν
1047 1476 1120 1516 καί
1153 1475 1349 1530 μεγάλων
1390 1477 1621 1529 ἀπεδέξατο
1660 1478 1735 1520 τὸν

257 1542 473 1597 Χαγάνον,
502 1539 646 1595 λαβών
677 1539 730 1583 τοὶ
761 1540 891 1583 πιστοὶ
923 1543 1023 1597 παρ’
1054 1543 1198 1599 ατῗτοῦ,
1226 1545 1301 1585 τοῦ
1319 1548 1492 1600 ποιῆσαι
1522 1544 1626 1600 πρὸς
1653 1545 1768 1588 ‹li-2

256 1608 411 1665 λη’λους
453 1607 640 1658 σπονδὰς
669 1607 906 1664 εἰρηνικάς.
974 1607 997 1650 ὖ
1039 1611 1085 1652 δὲ
1126 1609 1345 1665 βάρβαρος
1385 1613 1541 1663 ἐκεῖνος
1575 1610 1649 1662 τοῖς
1687 1628 1733 1655 τε

255 1674 475 1732 συνθήκας
512 1674 724 1732 ἀθετήσας
751 1677 828 1718 καί
852 1676 949 1726 τοὺς
977 1671 1129 1732 ὅρκους
1146 1713 1157 1733 ‚
1185 1673 1306 1734 ἄφνω
1336 1677 1598 1733 τυραννικῶς
1623 1681 1731 1723 κατὰ

255 1746 334 1788 τοῦ
359 1746 570 1799 βασιλέως
600 1743 828 1799 ἐχώσησεν.
860 1745 1080 1799 ἐκπλαγεῖς
1121 1747 1169 1788 δὲ
1200 1745 1222 1786 ὁ
1252 1744 1456 1800 βασιλεὺς
1484 1750 1542 1805 τῷ
1570 1749 1732 1805 α’προσ-

256 1921 316 1955 liis
342 1921 453 1954 etiam
478 1920 722 1966 amplissimis,
751 1925 788 1954 et
815 1921 1051 1966 pecuniarum
1077 1921 1111 1954 vi
1140 1926 1334 1967 asportata,
1359 1933 1440 1956 suas
1464 1922 1503 1956 in
1530 1922 1732 1968 provincias

258 1969 454 2003 redierunt.
507 1968 775 2002 Chalcedonem
802 1969 949 2014 quidem
980 1980 1155 2014 occupare
1179 1982 1254 2004 non
1278 1970 1482 2012 valuerunt,
1506 1969 1569 2004 sed
1594 1972 1732 2016 praesi-

256 2016 317 2049 ‹lio
343 2016 389 2049 ad
415 2028 493 2050 eam
521 2016 756 2050 obsidendam
789 2017 926 2057 relicto,
953 2022 1188 2050 secesserunt.

68 2072 244 2109 A‚C,(;08
349 2064 427 2097 Hoc
452 2076 548 2098 anno
576 2065 701 2098 Persae
727 2064 998 2110 expeditionem
1024 2066 1062 2098 in
1080 2063 1346 2098 chalcedonem
1372 2064 1603 2106 instruentes,
1630 2064 1731 2099 bello

257 2123 335 2145 eam
361 2118 546 2158 ceperunt.
575 2112 647 2146 hoc
674 2112 800 2146 eodem
830 2124 925 2146 anno
950 2113 1106 2146 Ianuarii
1133 2113 1266 2156 mensis
1295 2111 1356 2144 die
1373 2112 1503 2157 primo,
1530 2113 1731 2147 indictione

255 2161 398 2207 quinta,
425 2159 684 2194 Constantinus
718 2161 857 2201 iunior,
890 2161 953 2206 qui
991 2166 1028 2194 et
1052 2160 1238 2194 Heraclius
1281 2159 1437 2193 Heraclii
1468 2160 1576 2203 filius,
1603 2162 1730 2195 consul

256 2207 491 2241 renunciatus
521 2213 597 2248 est,
629 2208 692 2254 qui
723 2207 1003 2242 Constantinum
1029 2209 1205 2241 minorem
1231 2208 1417 2253 proprium
1445 2207 1589 2242 fratrem
1616 2210 1731 2243 Hera-

254 2257 325 2290 clio
349 2262 389 2295 >et
408 2255 564 2289 Martina
590 2256 752 2299 genitum
778 2255 977 2290 declaravit
1001 2267 1191 2289 caesarem.

67 2311 240 2355 A,C‚609
347 2303 424 2337 Hoc
456 2314 551 2336 anno
588 2304 693 2337 aliam
731 2304 949 2348 legationem
989 2303 1033 2336 de
1071 2314 1161 2349 pace
1203 2315 1283 2336 cum
1312 2303 1429 2337 Persis
1467 2302 1655 2346 habenda,
1692 2311 1762 2339 etv

253 2351 297 2385 ab
326 2353 376 2385 eis
406 2350 610 2396 expetenda
638 2351 684 2384 ad
710 2351 906 2385 Chosroiim
934 2352 1131 2385 destinavit
1155 2351 1352 2385 Heraclius.
1405 2363 1483 2385 eam
1510 2353 1640 2386 iterum
1669 2365 1728 2386 re-

254 2400 353 2445 spuit
369 2398 560 2439 Chosroes,
587 2398 732 2433 dicens:
757 2399 862 2433 vobis
881 2400 1028 2432 minime
1046 2409 1209 2444 parcam,
1237 2399 1353 2433 donec
1371 2399 1594 2443 crucifixum,
1619 2413 1728 2448 quem

253 2459 316 2482 vos
345 2446 564 2493 praedicatis
593 2445 714 2487 deum,
742 2447 854 2480 solem
885 2447 1082 2487 adoraturi,
1107 2446 1384 2491 abnegaveritis.

69 2502 107 2536 Α,
124 2502 241 2536 0610
348 2495 427 2529 Hoc
456 2505 552 2528 anno
578 2494 712 2528 Abares
738 2495 775 2527 in
803 2494 996 2528 Thraciam
1021 2506 1116 2527 arma
1144 2501 1343 2530 moverunt.
1393 2495 1580 2529 Heraclius
1608 2501 1727 2530 autem

254 2543 370 2576 missis
403 2542 450 2576 ad
484 2553 545 2576 eos
571 2543 699 2587 legatis
735 2553 859 2587 pacem
889 2542 1019 2576 firmari
1061 2543 1292 2587 exposcebat.
1356 2554 1509 2589 cumque
1538 2543 1728 2588 Chaganus

255 2602 334 2623 eain
360 2602 397 2625 se
422 2590 702 2636 compositurum
727 2590 912 2636 pollicitus
942 2590 1078 2631 fuisset,
1110 2591 1308 2635 imperator
1331 2602 1411 2624 cum
1441 2592 1615 2625 satellitio
1643 2603 1729 2636 pro-

253 2639 368 2684 priam
406 2638 620 2684 dignitatem
654 2638 828 2678 decente,
855 2637 901 2670 ad
936 2638 1084 2682 longum
1119 2650 1232 2684 usque
1258 2650 1401 2672 murum
1426 2639 1535 2683 longe
1562 2639 1608 2672 ab
1637 2639 1729 2672 urbe

255 2697 475 2732 progressus,
504 2686 623 2732 ampla
647 2697 854 2730 magnorum
877 2697 1064 2719 munerum
1084 2687 1188 2732 copia
1204 2686 1413 2731 Chaganum
1439 2688 1593 2732 excepit,
1621 2687 1727 2720 fidem

255 2734 301 2766 ab
329 2746 371 2768 eo
397 2740 621 2779 accepturus,
649 2745 774 2779 pacem
801 2734 894 2767 inter
919 2745 955 2766 se
981 2740 1109 2767 mutuo
1144 2735 1357 2768 inviolatam
1384 2734 1562 2768 firmatum
1588 2735 1642 2767 iri.
1692 2740 1729 2767 at

256 2782 431 2819 barbarus
460 2782 546 2825 ille,
580 2787 702 2830 spreto
736 2781 947 2816 iusiurando
984 2787 1095 2828 atque
1135 2781 1295 2826 foedere,
1321 2794 1365 2816 ex
1389 2783 1583 2830 improviso
1612 2782 1726 2816 Hera-
