<?xml version="1.0" encoding="UTF-8"?>
<!DOCTYPE html PUBLIC "-//W3C//DTD XHTML 1.0 Transitional//EN"
    "http://www.w3.org/TR/xhtml1/DTD/xhtml1-transitional.dtd">
<html xmlns="http://www.w3.org/1999/xhtml" xml:lang="en" lang="en">
 <head>
  <title>
</title>
<meta http-equiv="Content-Type" content="text/html;charset=utf-8" />
  <meta name='ocr-system' content='tesseract 3.04.00' />
  <meta name='ocr-capabilities' content='ocr_page ocr_carea ocr_par ocr_line ocrx_word'/>
</head>
<body>
  <div class='ocr_page' id='page_1' title='image "./corpusscriptorum46niebuoft_0232.png"; bbox 0 0 1786 3204; ppageno 0'>
   <div class='ocr_carea' id='block_1_1' title="bbox 246 166 1141 223">
    <p class='ocr_par' dir='ltr' id='par_1_1' title="bbox 246 166 1141 223">
     <span class='ocr_line' id='line_1_1' title="bbox 246 166 1141 223; baseline -0.001 -12"><span class='ocrx_word' id='word_1_1' title='bbox 246 166 264 202; x_wconf 86' lang='lat'>¹</span> <span class='ocrx_word' id='word_1_2' title='bbox 281 167 309 223; x_wconf 90' lang='lat'>7</span> <span class='ocrx_word' id='word_1_3' title='bbox 322 168 350 203; x_wconf 78' lang='lat'><em>2</em></span> <span class='ocrx_word' id='word_1_4' title='bbox 790 166 1141 210; x_wconf 71' lang='lat' dir='ltr'><strong>THEOPHAMS</strong></span> 
     </span>
    </p>
   </div>
   <div class='ocr_carea' id='block_1_2' title="bbox 233 268 1750 597">
    <p class='ocr_par' dir='ltr' id='par_1_2' title="bbox 233 268 1750 597">
     <span class='ocr_line' id='line_1_2' title="bbox 355 268 1713 330; baseline -0.001 -17"><span class='ocrx_word' id='word_1_5' title='bbox 355 270 426 328; x_wconf 74' lang='grc' dir='ltr'><em>Τῷ·</em></span> <span class='ocrx_word' id='word_1_6' title='bbox 452 271 489 313; x_wconf 85' lang='grc' dir='ltr'><em>δ’</em></span> <span class='ocrx_word' id='word_1_7' title='bbox 518 269 639 330; x_wconf 72' lang='grc' dir='ltr'><em>ἀὐτῷ</em></span> <span class='ocrx_word' id='word_1_8' title='bbox 661 268 748 313; x_wconf 78' lang='grc' dir='ltr'><em>ἔτει</em></span> <span class='ocrx_word' id='word_1_9' title='bbox 766 271 930 328; x_wconf 79' lang='grc' dir='ltr'><em>ἠνέχθη</em></span> <span class='ocrx_word' id='word_1_10' title='bbox 955 268 1002 314; x_wconf 83' lang='grc' dir='ltr'><em>τὸ</em></span> <span class='ocrx_word' id='word_1_11' title='bbox 1030 270 1234 324; x_wconf 79' lang='grc' dir='ltr'><em>λείψανον</em></span> <span class='ocrx_word' id='word_1_12' title='bbox 1251 271 1327 325; x_wconf 74' lang='grc' dir='ltr'><em>τῆς</em></span> <span class='ocrx_word' id='word_1_13' title='bbox 1358 268 1479 326; x_wconf 75' lang='grc' dir='ltr'><em>ἅγιάς</em></span> <span class='ocrx_word' id='word_1_14' title='bbox 1503 269 1713 313; x_wconf 85' lang='grc' dir='ltr'><em>Ἀναστα-</em></span> 
     </span>
     <span class='ocr_line' id='line_1_3' title="bbox 237 336 1713 395; baseline -0.001 -15"><span class='ocrx_word' id='word_1_15' title='bbox 237 339 335 387; x_wconf 87' lang='grc' dir='ltr'><em>σιὀις</em></span> <span class='ocrx_word' id='word_1_16' title='bbox 359 336 466 379; x_wconf 84' lang='grc' dir='ltr'><em>ἀ’πὸ</em></span> <span class='ocrx_word' id='word_1_17' title='bbox 499 340 687 394; x_wconf 80' lang='grc' dir='ltr'><em>Σερμιόυ</em></span> <span class='ocrx_word' id='word_1_18' title='bbox 731 341 804 381; x_wconf 87' lang='grc' dir='ltr'><em>καί</em></span> <span class='ocrx_word' id='word_1_19' title='bbox 843 341 1047 393; x_wconf 76' lang='grc' dir='ltr'><em>κατετέθη</em></span> <span class='ocrx_word' id='word_1_20' title='bbox 1086 338 1132 380; x_wconf 75' lang='grc' dir='ltr'><em>ἐν</em></span> <span class='ocrx_word' id='word_1_21' title='bbox 1173 339 1231 395; x_wconf 79' lang='grc' dir='ltr'><em>τῷ</em></span> <span class='ocrx_word' id='word_1_22' title='bbox 1271 338 1359 395; x_wconf 80' lang='grc' dir='ltr'><em>ναῷ</em></span> <span class='ocrx_word' id='word_1_23' title='bbox 1389 338 1518 393; x_wconf 72' lang='grc' dir='ltr'><em>αὐτῆς</em></span> <span class='ocrx_word' id='word_1_24' title='bbox 1550 337 1596 380; x_wconf 78' lang='grc' dir='ltr'><em>ἐν</em></span> <span class='ocrx_word' id='word_1_25' title='bbox 1623 342 1713 386; x_wconf 82' lang='grc' dir='ltr'><em>τοῖς</em></span> 
     </span>
     <span class='ocr_line' id='line_1_4' title="bbox 235 403 1712 460; baseline -0.002 -11"><span class='ocrx_word' id='word_1_26' title='bbox 235 407 449 460; x_wconf 81' lang='grc' dir='ltr'><em>Δομνίκου</em></span> <span class='ocrx_word' id='word_1_27' title='bbox 496 405 707 460; x_wconf 79' lang='grc' dir='ltr'><strong><em>ἐμβόλοις.</em></strong></span> <span class='ocrx_word' id='word_1_28' title='bbox 772 406 979 459; x_wconf 86' lang='grc' dir='ltr'><em>Τιμόθεος</em></span> <span class='ocrx_word' id='word_1_29' title='bbox 1014 407 1062 447; x_wconf 84' lang='grc' dir='ltr'><em>δὲ</em></span> <span class='ocrx_word' id='word_1_30' title='bbox 1105 403 1131 446; x_wconf 81' lang='grc' dir='ltr'><em>ὅ</em></span> <span class='ocrx_word' id='word_1_31' title='bbox 1157 404 1377 460; x_wconf 82' lang='grc' dir='ltr'><em>Αἴλουρος</em></span> <span class='ocrx_word' id='word_1_32' title='bbox 1410 403 1462 447; x_wconf 81' lang='grc' dir='ltr'><em>τοὶ</em></span> <span class='ocrx_word' id='word_1_33' title='bbox 1492 403 1712 459; x_wconf 77' lang='grc' dir='ltr'><em>συγγράμ-</em></span> 
     </span>
     <span class='ocr_line' id='line_1_5' title="bbox 233 469 1714 529; baseline -0.002 -14"><span class='ocrx_word' id='word_1_34' title='bbox 233 489 351 527; x_wconf 86' lang='grc' dir='ltr'><em>ματα</em></span> <span class='ocrx_word' id='word_1_35' title='bbox 386 474 605 529; x_wconf 78' lang='grc' dir='ltr'><em>Κυρίλλου</em></span> <span class='ocrx_word' id='word_1_36' title='bbox 634 475 713 516; x_wconf 81' lang='grc' dir='ltr'><em>τοῦ</em></span> <span class='ocrx_word' id='word_1_37' title='bbox 737 471 924 527; x_wconf 72' lang='grc' dir='ltr'><em>μεγάλου</em></span> <span class='ocrx_word' id='word_1_38' title='bbox 967 472 1028 528; x_wconf 84' lang='grc' dir='ltr'><em>μὴ</em></span> <span class='ocrx_word' id='word_1_39' title='bbox 1058 472 1285 515; x_wconf 77' lang='grc' dir='ltr'><em>ἐκδοθέντα</em></span> <span class='ocrx_word' id='word_1_40' title='bbox 1315 470 1454 527; x_wconf 79' lang='grc' dir='ltr'><em>εὖρών</em></span> <span class='ocrx_word' id='word_1_41' title='bbox 1488 469 1714 514; x_wconf 81' lang='grc' dir='ltr'><em>ἐνόθευσεν</em></span> 
     </span>
     <span class='ocr_line' id='line_1_6' title="bbox 233 537 1750 597; baseline 0.001 -15"><span class='ocrx_word' id='word_1_42' title='bbox 233 541 280 582; x_wconf 79' lang='grc' dir='ltr'><em>ἐν</em></span> <span class='ocrx_word' id='word_1_43' title='bbox 308 544 478 591; x_wconf 81' lang='grc' dir='ltr'><strong><em>πολλοῖς</em></strong></span> <span class='ocrx_word' id='word_1_44' title='bbox 504 539 662 593; x_wconf 84' lang='grc' dir='ltr'><strong><em>τόποις,</em></strong></span> <span class='ocrx_word' id='word_1_45' title='bbox 694 539 751 592; x_wconf 77' lang='grc' dir='ltr'><em>ὥς</em></span> <span class='ocrx_word' id='word_1_46' title='bbox 779 539 945 597; x_wconf 81' lang='grc' dir='ltr'><em>ἱστορεῖ</em></span> <span class='ocrx_word' id='word_1_47' title='bbox 966 537 1173 596; x_wconf 84' lang='grc' dir='ltr'><em>Πέτροςὸ</em></span> <span class='ocrx_word' id='word_1_48' title='bbox 1203 538 1490 597; x_wconf 78' lang='grc' dir='ltr'><em>πρεσβύτερος</em></span> <span class='ocrx_word' id='word_1_49' title='bbox 1514 538 1750 591; x_wconf 80' lang='grc' dir='ltr'><em>Ἀλεξαν-5</em></span> 
     </span>
    </p>
   </div>
   <div class='ocr_carea' id='block_1_3' title="bbox 20 608 1713 867">
    <p class='ocr_par' dir='ltr' id='par_1_3' title="bbox 20 608 1713 867">
     <span class='ocr_line' id='line_1_7' title="bbox 189 608 396 658; baseline 0.005 -9"><span class='ocrx_word' id='word_1_50' title='bbox 189 608 396 658; x_wconf 80' lang='grc' dir='ltr'><em>Βδοείας.</em></span> 
     </span>
     <span class='ocr_line' id='line_1_8' title="bbox 20 646 1571 726; baseline -0.002 -6"><span class='ocrx_word' id='word_1_51' title='bbox 20 675 216 720; x_wconf 73' lang='lat' dir='ltr'><em>A·M·595¹</em></span> <span class='ocrx_word' id='word_1_52' title='bbox 261 646 275 664; x_wconf 34' lang='grc' dir='ltr'>ἱ</span> <span class='ocrx_word' id='word_1_53' title='bbox 349 674 836 726; x_wconf 86' lang='grc' dir='ltr'><em>Κωνσταντινουπόλεως</em></span> <span class='ocrx_word' id='word_1_54' title='bbox 859 672 1092 718; x_wconf 83' lang='grc' dir='ltr'><strong><em>ἐπισκόπου</em></strong></span> <span class='ocrx_word' id='word_1_55' title='bbox 1133 677 1174 718; x_wconf 92' lang='grc' dir='ltr'><strong>Γ</strong></span> <span class='ocrx_word' id='word_1_56' title='bbox 1171 677 1364 718; x_wconf 85' lang='grc' dir='ltr'><em>ενναδιόυ</em></span> <span class='ocrx_word' id='word_1_57' title='bbox 1396 673 1488 725; x_wconf 79' lang='grc' dir='ltr'><em>ἔτος</em></span> <span class='ocrx_word' id='word_1_58' title='bbox 1515 671 1571 717; x_wconf 84' lang='grc' dir='ltr'><em>α’.</em></span> 
     </span>
     <span class='ocr_line' id='line_1_9' title="bbox 318 742 1713 802; baseline -0.002 -16"><span class='ocrx_word' id='word_1_59' title='bbox 318 743 666 801; x_wconf 43' lang='grc' dir='ltr'><em>ΧἈλεξανδρείας</em></span> <span class='ocrx_word' id='word_1_60' title='bbox 705 744 938 802; x_wconf 76' lang='grc' dir='ltr'><strong><em>λῃστρικῶς</em></strong></span> <span class='ocrx_word' id='word_1_61' title='bbox 980 743 1214 800; x_wconf 78' lang='grc' dir='ltr'><em>ἐκράτησεν</em></span> <span class='ocrx_word' id='word_1_62' title='bbox 1249 742 1458 798; x_wconf 79' lang='grc' dir='ltr'><em>Τιμόθεος</em></span> <span class='ocrx_word' id='word_1_63' title='bbox 1496 742 1713 798; x_wconf 84' lang='grc' dir='ltr'><em>Αἴλουρος</em></span> 
     </span>
     <span class='ocr_line' id='line_1_10' title="bbox 235 808 424 867; baseline 0.011 -14"><span class='ocrx_word' id='word_1_64' title='bbox 235 809 313 853; x_wconf 81' lang='grc' dir='ltr'><em>δύο</em></span> <span class='ocrx_word' id='word_1_65' title='bbox 339 808 424 867; x_wconf 77' lang='grc' dir='ltr'><em>ἔτη.</em></span> 
     </span>
    </p>
   </div>
   <div class='ocr_carea' id='block_1_4' title="bbox 21 873 1785 1681">
    <p class='ocr_par' dir='ltr' id='par_1_4' title="bbox 231 873 1780 1140">
     <span class='ocr_line' id='line_1_11' title="bbox 350 873 1780 937; baseline -0.001 -17"><span class='ocrx_word' id='word_1_66' title='bbox 350 876 491 937; x_wconf 75' lang='grc' dir='ltr'><strong><em>Τούτῳ</em></strong></span> <span class='ocrx_word' id='word_1_67' title='bbox 522 881 582 936; x_wconf 74' lang='grc' dir='ltr'><em>τῷ</em></span> <span class='ocrx_word' id='word_1_68' title='bbox 609 876 696 920; x_wconf 78' lang='grc' dir='ltr'><em>ἔτει</em></span> <span class='ocrx_word' id='word_1_69' title='bbox 722 877 879 932; x_wconf 81' lang='grc' dir='ltr'><em>μαθών</em></span> <span class='ocrx_word' id='word_1_70' title='bbox 908 880 1038 922; x_wconf 85' lang='grc' dir='ltr'><em>Λέων</em></span> <span class='ocrx_word' id='word_1_71' title='bbox 1072 877 1093 921; x_wconf 85' lang='grc' dir='ltr'><em>ὃ</em></span> <span class='ocrx_word' id='word_1_72' title='bbox 1123 876 1329 931; x_wconf 75' lang='grc' dir='ltr'><em>βασιλεύς</em></span> <span class='ocrx_word' id='word_1_73' title='bbox 1357 875 1429 920; x_wconf 79' lang='grc' dir='ltr'><em>τὸν</em></span> <span class='ocrx_word' id='word_1_74' title='bbox 1458 873 1604 920; x_wconf 74' lang='grc' dir='ltr'><em>ἄδικον</em></span> <span class='ocrx_word' id='word_1_75' title='bbox 1633 875 1714 919; x_wconf 58' lang='lat'><em>3⁶3-</em></span> <span class='ocrx_word' id='word_1_76' title='bbox 1733 897 1780 923; x_wconf 75' lang='grc' dir='ltr'><em>ιο</em></span> 
     </span>
     <span class='ocr_line' id='line_1_12' title="bbox 232 939 1716 1002; baseline -0.002 -14"><span class='ocrx_word' id='word_1_77' title='bbox 232 961 356 989; x_wconf 85' lang='grc' dir='ltr'><em>νατον</em></span> <span class='ocrx_word' id='word_1_78' title='bbox 385 947 633 1001; x_wconf 85' lang='grc' dir='ltr'><em>Προτεριόυ</em></span> <span class='ocrx_word' id='word_1_79' title='bbox 665 948 741 988; x_wconf 84' lang='grc' dir='ltr'><em>καί</em></span> <span class='ocrx_word' id='word_1_80' title='bbox 767 943 843 999; x_wconf 76' lang='grc' dir='ltr'><em>την</em></span> <span class='ocrx_word' id='word_1_81' title='bbox 877 947 955 988; x_wconf 78' lang='grc' dir='ltr'><em>τοῦ</em></span> <span class='ocrx_word' id='word_1_82' title='bbox 981 944 1206 1002; x_wconf 82' lang='grc' dir='ltr'><em>Αἰλούρου</em></span> <span class='ocrx_word' id='word_1_83' title='bbox 1235 939 1428 1000; x_wconf 72' lang='grc' dir='ltr'><em>ἄθεσμον</em></span> <span class='ocrx_word' id='word_1_84' title='bbox 1454 945 1716 1001; x_wconf 76' lang='grc' dir='ltr'><strong><em>προαγωγὴν,</em></strong></span> 
     </span>
     <span class='ocr_line' id='line_1_13' title="bbox 231 1010 1718 1070; baseline -0.001 -14"><span class='ocrx_word' id='word_1_85' title='bbox 231 1015 408 1068; x_wconf 80' lang='grc' dir='ltr'><em>πέμψας</em></span> <span class='ocrx_word' id='word_1_86' title='bbox 438 1013 705 1070; x_wconf 72' lang='grc' dir='ltr'><em>Καισάρειον</em></span> <span class='ocrx_word' id='word_1_87' title='bbox 742 1012 1112 1069; x_wconf 78' lang='grc' dir='ltr'><em>ἑγλωσσοτόμησεν</em></span> <span class='ocrx_word' id='word_1_88' title='bbox 1149 1013 1224 1055; x_wconf 83' lang='grc' dir='ltr'><em>καί</em></span> <span class='ocrx_word' id='word_1_89' title='bbox 1264 1013 1535 1069; x_wconf 83' lang='grc' dir='ltr'><em>α’μφοτέρους</em></span> <span class='ocrx_word' id='word_1_90' title='bbox 1569 1010 1718 1068; x_wconf 79' lang='grc' dir='ltr'><em>ἐξώρι-</em></span> 
     </span>
     <span class='ocr_line' id='line_1_14' title="bbox 232 1080 1717 1140; baseline -0.001 -17"><span class='ocrx_word' id='word_1_91' title='bbox 232 1097 334 1138; x_wconf 78' lang='grc' dir='ltr'><em>σεν,</em></span> <span class='ocrx_word' id='word_1_92' title='bbox 365 1080 423 1130; x_wconf 78' lang='grc' dir='ltr'><em>ιὸς</em></span> <span class='ocrx_word' id='word_1_93' title='bbox 467 1080 804 1136; x_wconf 76' lang='grc' dir='ltr'><em>κοινωνήσαντας</em></span> <span class='ocrx_word' id='word_1_94' title='bbox 843 1082 901 1140; x_wconf 76' lang='grc' dir='ltr'><em>τῷ</em></span> <span class='ocrx_word' id='word_1_95' title='bbox 939 1080 1057 1139; x_wconf 74' lang='grc' dir='ltr'><em>φόνῳ</em></span> <span class='ocrx_word' id='word_1_96' title='bbox 1084 1082 1331 1138; x_wconf 87' lang='grc' dir='ltr'><em>Προτεριόυ</em></span> <span class='ocrx_word' id='word_1_97' title='bbox 1350 1097 1363 1110; x_wconf 85' lang='grc'><em>·</em></span> <span class='ocrx_word' id='word_1_98' title='bbox 1444 1083 1640 1139; x_wconf 73' lang='grc' dir='ltr'><em>Τιμοθέῳ</em></span> <span class='ocrx_word' id='word_1_99' title='bbox 1670 1080 1717 1122; x_wconf 80' lang='grc' dir='ltr'><em>δὲ</em></span> 
     </span>
    </p>

    <p class='ocr_par' dir='ltr' id='par_1_5' title="bbox 126 1144 1784 1274">
     <span class='ocr_line' id='line_1_15' title="bbox 126 1144 1716 1210; baseline -0.002 -17"><span class='ocrx_word' id='word_1_100' title='bbox 126 1158 160 1193; x_wconf 90' lang='grc' dir='ltr'><em>Ρ.</em></span> <span class='ocrx_word' id='word_1_101' title='bbox 174 1160 221 1206; x_wconf 83' lang='grc'><em>96</em></span> <span class='ocrx_word' id='word_1_102' title='bbox 234 1153 294 1210; x_wconf 76' lang='grc' dir='ltr'><em>τῷ</em></span> <span class='ocrx_word' id='word_1_103' title='bbox 320 1150 473 1210; x_wconf 71' lang='grc' dir='ltr'><em>ἀνιέρῳ</em></span> <span class='ocrx_word' id='word_1_104' title='bbox 503 1152 581 1193; x_wconf 70' lang='grc' dir='ltr'><em>οὔκ</em></span> <span class='ocrx_word' id='word_1_105' title='bbox 609 1144 851 1207; x_wconf 74' lang='grc' dir='ltr'><em>ἐπεξῆλθεν,</em></span> <span class='ocrx_word' id='word_1_106' title='bbox 882 1148 960 1206; x_wconf 74' lang='grc' dir='ltr'><em>τὴν</em></span> <span class='ocrx_word' id='word_1_107' title='bbox 991 1151 1059 1192; x_wconf 77' lang='grc' dir='ltr'><em>ἐπ’</em></span> <span class='ocrx_word' id='word_1_108' title='bbox 1088 1150 1201 1208; x_wconf 73' lang='grc' dir='ltr'><em>αὐτῷ</em></span> <span class='ocrx_word' id='word_1_109' title='bbox 1228 1148 1365 1206; x_wconf 72' lang='grc' dir='ltr'><em>κρίσιν</em></span> <span class='ocrx_word' id='word_1_110' title='bbox 1384 1145 1627 1198; x_wconf 75' lang='grc' dir='ltr'><strong><em>ἐπισκόποις</em></strong></span> <span class='ocrx_word' id='word_1_111' title='bbox 1658 1148 1716 1190; x_wconf 82' lang='grc' dir='ltr'><em>εἰ·</em></span> 
     </span>
     <span class='ocr_line' id='line_1_16' title="bbox 235 1217 1784 1274; baseline -0.002 -12"><span class='ocrx_word' id='word_1_112' title='bbox 235 1217 328 1262; x_wconf 82' lang='grc' dir='ltr'><em>πών</em></span> <span class='ocrx_word' id='word_1_113' title='bbox 358 1217 579 1274; x_wconf 78' lang='grc' dir='ltr'><em>ἁρμόζειν.</em></span> <span class='ocrx_word' id='word_1_114' title='bbox 1737 1218 1784 1260; x_wconf 84' lang='lat'><em>15</em></span> 
     </span>
    </p>

    <p class='ocr_par' dir='ltr' id='par_1_6' title="bbox 235 1282 1719 1410">
     <span class='ocr_line' id='line_1_17' title="bbox 354 1282 1719 1346; baseline -0.001 -17"><span class='ocrx_word' id='word_1_115' title='bbox 354 1288 423 1346; x_wconf 71' lang='grc' dir='ltr'><em>Τῷ</em></span> <span class='ocrx_word' id='word_1_116' title='bbox 453 1287 490 1328; x_wconf 87' lang='grc' dir='ltr'><em>δ’</em></span> <span class='ocrx_word' id='word_1_117' title='bbox 519 1286 638 1344; x_wconf 71' lang='grc' dir='ltr'><em>αὐτῷ</em></span> <span class='ocrx_word' id='word_1_118' title='bbox 666 1283 748 1329; x_wconf 80' lang='grc' dir='ltr'><em>ἔτει</em></span> <span class='ocrx_word' id='word_1_119' title='bbox 782 1286 855 1328; x_wconf 85' lang='grc' dir='ltr'><em>καί</em></span> <span class='ocrx_word' id='word_1_120' title='bbox 869 1284 1021 1343; x_wconf 79' lang='grc' dir='ltr'><em>Ζήνων</em></span> <span class='ocrx_word' id='word_1_121' title='bbox 1051 1282 1240 1340; x_wconf 77' lang='grc' dir='ltr'><em>ἐζεύχθη</em></span> <span class='ocrx_word' id='word_1_122' title='bbox 1263 1282 1467 1344; x_wconf 79' lang='grc' dir='ltr'><em>Ἀριάδνῃ</em></span> <span class='ocrx_word' id='word_1_123' title='bbox 1499 1286 1551 1343; x_wconf 83' lang='grc' dir='ltr'><em>τῇ</em></span> <span class='ocrx_word' id='word_1_124' title='bbox 1582 1287 1719 1340; x_wconf 78' lang='grc' dir='ltr'><em>θυγα-</em></span> 
     </span>
     <span class='ocr_line' id='line_1_18' title="bbox 235 1353 536 1410; baseline -0.003 -13"><span class='ocrx_word' id='word_1_125' title='bbox 235 1353 308 1410; x_wconf 86' lang='grc' dir='ltr'><em>τρί</em></span> <span class='ocrx_word' id='word_1_126' title='bbox 334 1355 536 1404; x_wconf 85' lang='grc' dir='ltr'><em>Λέοντος.</em></span> 
     </span>
    </p>

    <p class='ocr_par' dir='ltr' id='par_1_7' title="bbox 21 1417 1720 1481">
     <span class='ocr_line' id='line_1_19' title="bbox 21 1417 1720 1481; baseline -0.005 -11"><span class='ocrx_word' id='word_1_127' title='bbox 21 1434 223 1481; x_wconf 80' lang='lat' dir='ltr'><strong>A.M.5952</strong></span> <span class='ocrx_word' id='word_1_128' title='bbox 356 1419 499 1480; x_wconf 72' lang='grc' dir='ltr'><em>Τούτῳ</em></span> <span class='ocrx_word' id='word_1_129' title='bbox 540 1424 599 1479; x_wconf 78' lang='grc' dir='ltr'><em>τῷ</em></span> <span class='ocrx_word' id='word_1_130' title='bbox 624 1419 708 1464; x_wconf 79' lang='grc' dir='ltr'><em>ἔτει</em></span> <span class='ocrx_word' id='word_1_131' title='bbox 734 1420 972 1477; x_wconf 81' lang='grc' dir='ltr'><em>γράμματα</em></span> <span class='ocrx_word' id='word_1_132' title='bbox 1015 1419 1124 1478; x_wconf 85' lang='grc' dir='ltr'><em>πρὸς</em></span> <span class='ocrx_word' id='word_1_133' title='bbox 1165 1418 1265 1471; x_wconf 75' lang='grc' dir='ltr'><em>τούς</em></span> <span class='ocrx_word' id='word_1_134' title='bbox 1299 1417 1478 1475; x_wconf 75' lang='grc' dir='ltr'><em>ἑκάστης</em></span> <span class='ocrx_word' id='word_1_135' title='bbox 1506 1418 1720 1475; x_wconf 73' lang='grc' dir='ltr'><em>ἐπαρχίας</em></span> 
     </span>
    </p>

    <p class='ocr_par' dir='ltr' id='par_1_8' title="bbox 118 1484 1785 1613">
     <span class='ocr_line' id='line_1_20' title="bbox 118 1484 1722 1548; baseline -0.004 -14"><span class='ocrx_word' id='word_1_136' title='bbox 118 1501 220 1548; x_wconf 74' lang='lat' dir='ltr'>V.57</span> <span class='ocrx_word' id='word_1_137' title='bbox 237 1487 495 1539; x_wconf 81' lang='grc' dir='ltr'><strong><em>ἐπισκόπους</em></strong></span> <span class='ocrx_word' id='word_1_138' title='bbox 534 1490 779 1533; x_wconf 83' lang='grc' dir='ltr'><em>α’πέστειλεν</em></span> <span class='ocrx_word' id='word_1_139' title='bbox 809 1487 830 1531; x_wconf 80' lang='grc' dir='ltr'><em>ὃ</em></span> <span class='ocrx_word' id='word_1_140' title='bbox 861 1489 1084 1544; x_wconf 82' lang='grc' dir='ltr'><em>βασιλεύς,</em></span> <span class='ocrx_word' id='word_1_141' title='bbox 1120 1485 1285 1544; x_wconf 80' lang='grc' dir='ltr'><em>γράψαι</em></span> <span class='ocrx_word' id='word_1_142' title='bbox 1315 1487 1430 1546; x_wconf 75' lang='grc' dir='ltr'><em>αὐτῷ</em></span> <span class='ocrx_word' id='word_1_143' title='bbox 1455 1484 1534 1543; x_wconf 75' lang='grc' dir='ltr'><em>τὴν</em></span> <span class='ocrx_word' id='word_1_144' title='bbox 1563 1488 1722 1529; x_wconf 81' lang='grc' dir='ltr'><em>οἰκείαν</em></span> 
     </span>
     <span class='ocr_line' id='line_1_21' title="bbox 237 1553 1785 1613; baseline -0.001 -15"><span class='ocrx_word' id='word_1_145' title='bbox 237 1553 409 1613; x_wconf 69' lang='grc' dir='ltr'><em>γνώμην</em></span> <span class='ocrx_word' id='word_1_146' title='bbox 439 1555 584 1599; x_wconf 67' lang='grc' dir='ltr'><em>αὐτῶν</em></span> <span class='ocrx_word' id='word_1_147' title='bbox 608 1554 831 1613; x_wconf 84' lang='grc' dir='ltr'><em>πρότερον,</em></span> <span class='ocrx_word' id='word_1_148' title='bbox 860 1558 902 1600; x_wconf 82' lang='grc' dir='ltr'><em>εἰ</em></span> <span class='ocrx_word' id='word_1_149' title='bbox 926 1562 1012 1607; x_wconf 84' lang='grc' dir='ltr'><em>τοῖς</em></span> <span class='ocrx_word' id='word_1_150' title='bbox 1031 1559 1076 1599; x_wconf 80' lang='grc' dir='ltr'><em>ἐν</em></span> <span class='ocrx_word' id='word_1_151' title='bbox 1090 1555 1335 1612; x_wconf 84' lang='grc' dir='ltr'><em>Χαλκηδόνι</em></span> <span class='ocrx_word' id='word_1_152' title='bbox 1354 1554 1593 1612; x_wconf 81' lang='grc' dir='ltr'><em>ὁρισθεῖσιν</em></span> <span class='ocrx_word' id='word_1_153' title='bbox 1620 1554 1720 1610; x_wconf 78' lang='grc' dir='ltr'><em>ᾰρέ-</em></span> <span class='ocrx_word' id='word_1_154' title='bbox 1734 1575 1785 1601; x_wconf 85' lang='lat'><em>20</em></span> 
     </span>
    </p>

    <p class='ocr_par' dir='ltr' id='par_1_9' title="bbox 198 1622 1720 1681">
     <span class='ocr_line' id='line_1_22' title="bbox 198 1622 1720 1681; baseline -0.003 -12"><span class='ocrx_word' id='word_1_155' title='bbox 198 1636 430 1679; x_wconf 83' lang='grc' dir='ltr'><em>Βσκοιντο,</em></span> <span class='ocrx_word' id='word_1_156' title='bbox 460 1623 535 1667; x_wconf 80' lang='grc' dir='ltr'><strong><em>καί</em></strong></span> <span class='ocrx_word' id='word_1_157' title='bbox 563 1626 662 1680; x_wconf 70' lang='grc' dir='ltr'><em>περὶ</em></span> <span class='ocrx_word' id='word_1_158' title='bbox 688 1626 765 1680; x_wconf 82' lang='grc' dir='ltr'><em>τῆς</em></span> <span class='ocrx_word' id='word_1_159' title='bbox 793 1626 873 1666; x_wconf 80' lang='grc' dir='ltr'><em>τοῦ</em></span> <span class='ocrx_word' id='word_1_160' title='bbox 899 1622 1124 1681; x_wconf 84' lang='grc' dir='ltr'><em>Αἴλουρου</em></span> <span class='ocrx_word' id='word_1_161' title='bbox 1164 1626 1433 1681; x_wconf 79' lang='grc' dir='ltr'><em>χειροτονίας</em></span> <span class='ocrx_word' id='word_1_162' title='bbox 1462 1623 1505 1666; x_wconf 82' lang='grc' dir='ltr'><em>τί</em></span> <span class='ocrx_word' id='word_1_163' title='bbox 1531 1623 1720 1678; x_wconf 77' lang='grc' dir='ltr'><em>λέγοιεν,·</em></span> 
     </span>
    </p>
   </div>
   <div class='ocr_carea' id='block_1_5' title="bbox 330 1780 1722 1930">
    <p class='ocr_par' dir='ltr' id='par_1_10' title="bbox 330 1780 1722 1930">
     <span class='ocr_line' id='line_1_23' title="bbox 334 1780 1722 1834; baseline 0.002 -17"><span class='ocrx_word' id='word_1_164' title='bbox 334 1795 368 1818; x_wconf 83' lang='lat'><em>2.</em></span> <span class='ocrx_word' id='word_1_165' title='bbox 397 1780 474 1821; x_wconf 77' lang='grc' dir='ltr'><em>ἀπὸ</em></span> <span class='ocrx_word' id='word_1_166' title='bbox 499 1787 667 1833; x_wconf 84' lang='grc' dir='ltr'><em>Σερμίου</em></span> <span class='ocrx_word' id='word_1_167' title='bbox 691 1784 732 1826; x_wconf 90' lang='grc' dir='ltr'><em>Α,</em></span> <span class='ocrx_word' id='word_1_168' title='bbox 761 1781 836 1820; x_wconf 83' lang='grc' dir='ltr'><em>α’πὸ</em></span> <span class='ocrx_word' id='word_1_169' title='bbox 864 1785 930 1820; x_wconf 82' lang='grc' dir='ltr'><em>τοῦ</em></span> <span class='ocrx_word' id='word_1_170' title='bbox 949 1787 993 1820; x_wconf 86' lang='grc' dir='ltr'><em>Σ.</em></span> <span class='ocrx_word' id='word_1_171' title='bbox 1020 1785 1116 1830; x_wconf 83' lang='lat' dir='ltr'><strong>vulg.</strong></span> <span class='ocrx_word' id='word_1_172' title='bbox 1215 1784 1248 1819; x_wconf 80' lang='lat'><em>3.</em></span> <span class='ocrx_word' id='word_1_173' title='bbox 1277 1787 1466 1834; x_wconf 83' lang='grc' dir='ltr'><em>Λομνείου</em></span> <span class='ocrx_word' id='word_1_174' title='bbox 1490 1785 1532 1827; x_wconf 91' lang='grc' dir='ltr'><em>Α,</em></span> <span class='ocrx_word' id='word_1_175' title='bbox 1557 1786 1722 1834; x_wconf 46' lang='grc' dir='ltr'><em>Δομνιείἠ</em></span> 
     </span>
     <span class='ocr_line' id='line_1_24' title="bbox 330 1832 1722 1881; baseline -0.001 -11"><span class='ocrx_word' id='word_1_176' title='bbox 330 1845 402 1870; x_wconf 83' lang='grc' dir='ltr'><em>νου</em></span> <span class='ocrx_word' id='word_1_177' title='bbox 428 1834 453 1867; x_wconf 85' lang='lat' dir='ltr'><em>f.</em></span> <span class='ocrx_word' id='word_1_178' title='bbox 527 1844 579 1867; x_wconf 68' lang='grc' dir='ltr'><em>ια.</em></span> <span class='ocrx_word' id='word_1_179' title='bbox 610 1832 853 1878; x_wconf 77' lang='grc' dir='ltr'><em>Καισάρειον</em></span> <span class='ocrx_word' id='word_1_180' title='bbox 876 1834 917 1876; x_wconf 80' lang='grc' dir='ltr'><em>Α,</em></span> <span class='ocrx_word' id='word_1_181' title='bbox 946 1836 1196 1881; x_wconf 86' lang='grc' dir='ltr'><em>Καισσαριον</em></span> <span class='ocrx_word' id='word_1_182' title='bbox 1218 1834 1314 1879; x_wconf 80' lang='lat' dir='ltr'><strong>vulg.</strong></span> <span class='ocrx_word' id='word_1_183' title='bbox 1417 1835 1469 1868; x_wconf 82' lang='lat'><em>16.</em></span> <span class='ocrx_word' id='word_1_184' title='bbox 1494 1832 1547 1880; x_wconf 79' lang='grc' dir='ltr'><em>τῷ</em></span> <span class='ocrx_word' id='word_1_185' title='bbox 1569 1834 1612 1875; x_wconf 84' lang='grc' dir='ltr'><em>Α,</em></span> <span class='ocrx_word' id='word_1_186' title='bbox 1637 1833 1722 1870; x_wconf 76' lang='grc' dir='ltr'><em>τού·</em></span> 
     </span>
     <span class='ocr_line' id='line_1_25' title="bbox 335 1881 1625 1930; baseline -0.002 -14"><span class='ocrx_word' id='word_1_187' title='bbox 335 1894 387 1930; x_wconf 72' lang='grc' dir='ltr'><em>τῳ</em></span> <span class='ocrx_word' id='word_1_188' title='bbox 412 1881 509 1928; x_wconf 86' lang='lat' dir='ltr'>vulg.</span> <span class='ocrx_word' id='word_1_189' title='bbox 606 1893 663 1915; x_wconf 90' lang='lat'><em>20.</em></span> <span class='ocrx_word' id='word_1_190' title='bbox 691 1881 890 1930; x_wconf 79' lang='grc' dir='ltr'><em>πρότερον,</em></span> <span class='ocrx_word' id='word_1_191' title='bbox 916 1883 951 1917; x_wconf 83' lang='grc' dir='ltr'><em>εἰ</em></span> <span class='ocrx_word' id='word_1_192' title='bbox 967 1889 1045 1921; x_wconf 85' lang='grc' dir='ltr'><em>τοῖς</em></span> <span class='ocrx_word' id='word_1_193' title='bbox 1068 1883 1098 1916; x_wconf 90' lang='grc' dir='ltr'><strong>Α</strong></span> <span class='ocrx_word' id='word_1_194' title='bbox 1125 1894 1146 1915; x_wconf 84' lang='lat' dir='ltr'><strong>a</strong></span> <span class='ocrx_word' id='word_1_195' title='bbox 1171 1893 1190 1916; x_wconf 90' lang='lat' dir='ltr'><strong>e</strong></span> <span class='ocrx_word' id='word_1_196' title='bbox 1220 1881 1250 1925; x_wconf 89' lang='lat' dir='ltr'><em>f,</em></span> <span class='ocrx_word' id='word_1_197' title='bbox 1275 1882 1438 1930; x_wconf 82' lang='grc' dir='ltr'><em>πότερον</em></span> <span class='ocrx_word' id='word_1_198' title='bbox 1462 1883 1504 1920; x_wconf 75' lang='grc' dir='ltr'><em>ἐν</em></span> <span class='ocrx_word' id='word_1_199' title='bbox 1528 1882 1625 1927; x_wconf 88' lang='lat' dir='ltr'><strong>vulg.</strong></span> 
     </span>
    </p>
   </div>
   <div class='ocr_carea' id='block_1_6' title="bbox 49 2024 1724 2842">
    <p class='ocr_par' dir='ltr' id='par_1_11' title="bbox 55 2024 1723 2273">
     <span class='ocr_line' id='line_1_26' title="bbox 332 2024 1720 2073; baseline 0.001 -14"><span class='ocrx_word' id='word_1_200' title='bbox 332 2024 470 2060; x_wconf 89' lang='lat' dir='ltr'><strong>Eodem</strong></span> <span class='ocrx_word' id='word_1_201' title='bbox 496 2038 593 2061; x_wconf 84' lang='lat' dir='ltr'><strong>anno</strong></span> <span class='ocrx_word' id='word_1_202' title='bbox 620 2031 765 2061; x_wconf 83' lang='lat' dir='ltr'><strong>sanctae</strong></span> <span class='ocrx_word' id='word_1_203' title='bbox 791 2027 1003 2061; x_wconf 77' lang='lat' dir='ltr'><strong>Anastasiae</strong></span> <span class='ocrx_word' id='word_1_204' title='bbox 1044 2037 1174 2073; x_wconf 88' lang='lat' dir='ltr'><strong>corpus</strong></span> <span class='ocrx_word' id='word_1_205' title='bbox 1208 2026 1339 2061; x_wconf 89' lang='lat' dir='ltr'><strong>Sirmio</strong></span> <span class='ocrx_word' id='word_1_206' title='bbox 1366 2025 1552 2069; x_wconf 78' lang='lat' dir='ltr'><strong>delatum,</strong></span> <span class='ocrx_word' id='word_1_207' title='bbox 1576 2027 1616 2062; x_wconf 87' lang='lat' dir='ltr'><strong>in</strong></span> <span class='ocrx_word' id='word_1_208' title='bbox 1640 2026 1720 2060; x_wconf 79' lang='lat' dir='ltr'><strong>eius</strong></span> 
     </span>
     <span class='ocr_line' id='line_1_27' title="bbox 179 2073 1720 2122; baseline 0 -15"><span class='ocrx_word' id='word_1_209' title='bbox 179 2101 182 2107; x_wconf 93' lang='lat'>.</span> <span class='ocrx_word' id='word_1_210' title='bbox 238 2073 380 2120; x_wconf 79' lang='lat' dir='ltr'><strong>templo</strong></span> <span class='ocrx_word' id='word_1_211' title='bbox 407 2073 454 2107; x_wconf 83' lang='lat' dir='ltr'><em>ad</em></span> <span class='ocrx_word' id='word_1_212' title='bbox 478 2075 647 2108; x_wconf 88' lang='lat' dir='ltr'><strong>Domnici</strong></span> <span class='ocrx_word' id='word_1_213' title='bbox 683 2075 845 2121; x_wconf 89' lang='lat' dir='ltr'><strong>porticus</strong></span> <span class='ocrx_word' id='word_1_214' title='bbox 883 2074 1103 2122; x_wconf 88' lang='lat' dir='ltr'><strong>depositum.</strong></span> <span class='ocrx_word' id='word_1_215' title='bbox 1163 2074 1379 2108; x_wconf 80' lang='lat' dir='ltr'><strong>Timotheus</strong></span> <span class='ocrx_word' id='word_1_216' title='bbox 1405 2080 1526 2108; x_wconf 80' lang='lat' dir='ltr'><strong>autem</strong></span> <span class='ocrx_word' id='word_1_217' title='bbox 1552 2074 1720 2116; x_wconf 85' lang='lat' dir='ltr'><strong>Aelurus,</strong></span> 
     </span>
     <span class='ocr_line' id='line_1_28' title="bbox 238 2121 1723 2170; baseline -0.001 -13"><span class='ocrx_word' id='word_1_218' title='bbox 238 2121 367 2167; x_wconf 85' lang='lat' dir='ltr'><strong>Cyrilli</strong></span> <span class='ocrx_word' id='word_1_219' title='bbox 393 2123 516 2167; x_wconf 81' lang='lat' dir='ltr'><strong>magni</strong></span> <span class='ocrx_word' id='word_1_220' title='bbox 544 2134 655 2170; x_wconf 85' lang='lat' dir='ltr'><strong>opera</strong></span> <span class='ocrx_word' id='word_1_221' title='bbox 680 2123 846 2157; x_wconf 88' lang='lat' dir='ltr'><strong>nondum</strong></span> <span class='ocrx_word' id='word_1_222' title='bbox 871 2123 910 2157; x_wconf 87' lang='lat' dir='ltr'><strong>in</strong></span> <span class='ocrx_word' id='word_1_223' title='bbox 946 2123 1064 2157; x_wconf 90' lang='lat' dir='ltr'><strong>lucem</strong></span> <span class='ocrx_word' id='word_1_224' title='bbox 1091 2122 1189 2157; x_wconf 84' lang='lat' dir='ltr'><strong>edita</strong></span> <span class='ocrx_word' id='word_1_225' title='bbox 1214 2128 1356 2164; x_wconf 80' lang='lat' dir='ltr'><strong>nactus,</strong></span> <span class='ocrx_word' id='word_1_226' title='bbox 1382 2134 1424 2156; x_wconf 83' lang='lat' dir='ltr'><strong>ea</strong></span> <span class='ocrx_word' id='word_1_227' title='bbox 1448 2122 1633 2170; x_wconf 86' lang='lat' dir='ltr'><strong>plerisque</strong></span> <span class='ocrx_word' id='word_1_228' title='bbox 1660 2123 1723 2157; x_wconf 85' lang='lat' dir='ltr'><em>lo-</em></span> 
     </span>
     <span class='ocr_line' id='line_1_29' title="bbox 238 2169 1481 2217; baseline -0.001 -12"><span class='ocrx_word' id='word_1_229' title='bbox 238 2171 290 2205; x_wconf 80' lang='lat' dir='ltr'><em>cis</em></span> <span class='ocrx_word' id='word_1_230' title='bbox 316 2169 558 2213; x_wconf 83' lang='lat' dir='ltr'><strong>adulteravit,</strong></span> <span class='ocrx_word' id='word_1_231' title='bbox 583 2177 625 2205; x_wconf 84' lang='lat' dir='ltr'><em>ut</em></span> <span class='ocrx_word' id='word_1_232' title='bbox 651 2172 777 2206; x_wconf 90' lang='lat' dir='ltr'><strong>Petrus</strong></span> <span class='ocrx_word' id='word_1_233' title='bbox 804 2170 995 2217; x_wconf 80' lang='lat' dir='ltr'><strong>presbyter</strong></span> <span class='ocrx_word' id='word_1_234' title='bbox 1020 2169 1287 2206; x_wconf 74' lang='lat' dir='ltr'><strong>Alexandrinus</strong></span> <span class='ocrx_word' id='word_1_235' title='bbox 1315 2176 1481 2206; x_wconf 83' lang='lat' dir='ltr'><strong>testatur.</strong></span> 
     </span>
     <span class='ocr_line' id='line_1_30' title="bbox 55 2218 1199 2273; baseline 0 -21"><span class='ocrx_word' id='word_1_236' title='bbox 55 2222 97 2260; x_wconf 78' lang='lat' dir='ltr'><em>A,</em></span> <span class='ocrx_word' id='word_1_237' title='bbox 110 2224 222 2273; x_wconf 57' lang='lat'><strong>(2451</strong></span> <span class='ocrx_word' id='word_1_238' title='bbox 330 2218 487 2264; x_wconf 87' lang='lat' dir='ltr'><strong>Cpoleos</strong></span> <span class='ocrx_word' id='word_1_239' title='bbox 511 2219 676 2265; x_wconf 88' lang='lat' dir='ltr'>episcopi</span> <span class='ocrx_word' id='word_1_240' title='bbox 701 2219 886 2254; x_wconf 87' lang='lat' dir='ltr'><strong>Gennadii</strong></span> <span class='ocrx_word' id='word_1_241' title='bbox 909 2231 1024 2253; x_wconf 84' lang='lat' dir='ltr'><strong>annus</strong></span> <span class='ocrx_word' id='word_1_242' title='bbox 1048 2220 1199 2266; x_wconf 77' lang='lat' dir='ltr'><strong>primus.</strong></span> 
     </span>
    </p>

    <p class='ocr_par' dir='ltr' id='par_1_12' title="bbox 239 2265 1723 2348">
     <span class='ocr_line' id='line_1_31' title="bbox 319 2265 1723 2314; baseline 0 -15"><span class='ocrx_word' id='word_1_243' title='bbox 319 2265 564 2301; x_wconf 80' lang='lat' dir='ltr'><strong>Alexandriae</strong></span> <span class='ocrx_word' id='word_1_244' title='bbox 613 2278 750 2302; x_wconf 88' lang='lat' dir='ltr'><strong>sacram</strong></span> <span class='ocrx_word' id='word_1_245' title='bbox 796 2267 919 2302; x_wconf 85' lang='lat' dir='ltr'><strong>sedem</strong></span> <span class='ocrx_word' id='word_1_246' title='bbox 957 2267 1145 2314; x_wconf 55' lang='lat' dir='ltr'><strong>ueurpavit</strong></span> <span class='ocrx_word' id='word_1_247' title='bbox 1191 2266 1409 2301; x_wconf 77' lang='lat' dir='ltr'>Timotheus</span> <span class='ocrx_word' id='word_1_248' title='bbox 1448 2265 1605 2300; x_wconf 76' lang='lat' dir='ltr'><strong>Aelurus</strong></span> <span class='ocrx_word' id='word_1_249' title='bbox 1655 2277 1723 2300; x_wconf 88' lang='lat' dir='ltr'><strong>an-</strong></span> 
     </span>
     <span class='ocr_line' id='line_1_32' title="bbox 239 2313 421 2348; baseline -0.005 0"><span class='ocrx_word' id='word_1_250' title='bbox 239 2325 307 2348; x_wconf 87' lang='lat' dir='ltr'><strong>nos</strong></span> <span class='ocrx_word' id='word_1_251' title='bbox 333 2313 421 2348; x_wconf 87' lang='lat' dir='ltr'><strong>duo.</strong></span> 
     </span>
    </p>

    <p class='ocr_par' dir='ltr' id='par_1_13' title="bbox 238 2361 1724 2602">
     <span class='ocr_line' id='line_1_33' title="bbox 333 2361 1721 2410; baseline -0.001 -14"><span class='ocrx_word' id='word_1_252' title='bbox 333 2362 412 2397; x_wconf 89' lang='lat' dir='ltr'><em>Hoc</em></span> <span class='ocrx_word' id='word_1_253' title='bbox 440 2373 536 2397; x_wconf 87' lang='lat' dir='ltr'><strong>anno</strong></span> <span class='ocrx_word' id='word_1_254' title='bbox 563 2363 640 2397; x_wconf 87' lang='lat' dir='ltr'><strong>Leo</strong></span> <span class='ocrx_word' id='word_1_255' title='bbox 666 2363 864 2410; x_wconf 87' lang='lat' dir='ltr'><strong>imperator</strong></span> <span class='ocrx_word' id='word_1_256' title='bbox 889 2364 935 2399; x_wconf 86' lang='lat' dir='ltr'><strong>de</strong></span> <span class='ocrx_word' id='word_1_257' title='bbox 958 2363 1093 2398; x_wconf 83' lang='lat' dir='ltr'><strong>iniusta</strong></span> <span class='ocrx_word' id='word_1_258' title='bbox 1119 2362 1273 2398; x_wconf 85' lang='lat' dir='ltr'><strong>Proterii</strong></span> <span class='ocrx_word' id='word_1_259' title='bbox 1300 2361 1409 2396; x_wconf 89' lang='lat' dir='ltr'><strong>caede</strong></span> <span class='ocrx_word' id='word_1_260' title='bbox 1436 2367 1473 2395; x_wconf 90' lang='lat' dir='ltr'><strong>et</strong></span> <span class='ocrx_word' id='word_1_261' title='bbox 1497 2362 1625 2409; x_wconf 82' lang='lat' dir='ltr'><strong>iniqua</strong></span> <span class='ocrx_word' id='word_1_262' title='bbox 1649 2361 1721 2396; x_wconf 83' lang='lat' dir='ltr'><strong>Ae-</strong></span> 
     </span>
     <span class='ocr_line' id='line_1_34' title="bbox 240 2409 1721 2456; baseline 0 -13"><span class='ocrx_word' id='word_1_263' title='bbox 240 2409 312 2444; x_wconf 85' lang='lat' dir='ltr'><strong>luri</strong></span> <span class='ocrx_word' id='word_1_264' title='bbox 337 2411 568 2456; x_wconf 78' lang='lat' dir='ltr'><strong>promotione</strong></span> <span class='ocrx_word' id='word_1_265' title='bbox 615 2411 750 2446; x_wconf 81' lang='lat' dir='ltr'><strong>certior</strong></span> <span class='ocrx_word' id='word_1_266' title='bbox 785 2411 924 2454; x_wconf 80' lang='lat' dir='ltr'><strong>factus,</strong></span> <span class='ocrx_word' id='word_1_267' title='bbox 950 2412 1051 2446; x_wconf 84' lang='lat' dir='ltr'><strong>misit</strong></span> <span class='ocrx_word' id='word_1_268' title='bbox 1077 2411 1296 2453; x_wconf 81' lang='lat' dir='ltr'><strong>Caesarium,</strong></span> <span class='ocrx_word' id='word_1_269' title='bbox 1321 2416 1359 2445; x_wconf 89' lang='lat' dir='ltr'><strong>et</strong></span> <span class='ocrx_word' id='word_1_270' title='bbox 1382 2410 1516 2456; x_wconf 84' lang='lat' dir='ltr'><strong>linguis</strong></span> <span class='ocrx_word' id='word_1_271' title='bbox 1542 2410 1721 2444; x_wconf 84' lang='lat' dir='ltr'><strong>mutilatis</strong></span> 
     </span>
     <span class='ocr_line' id='line_1_35' title="bbox 240 2458 1722 2505; baseline -0.001 -13"><span class='ocrx_word' id='word_1_272' title='bbox 240 2458 416 2504; x_wconf 77' lang='lat' dir='ltr'><strong>relegavit</strong></span> <span class='ocrx_word' id='word_1_273' title='bbox 454 2470 540 2501; x_wconf 86' lang='lat' dir='ltr'><strong>eos,</strong></span> <span class='ocrx_word' id='word_1_274' title='bbox 579 2459 644 2505; x_wconf 88' lang='lat' dir='ltr'><em>qui</em></span> <span class='ocrx_word' id='word_1_275' title='bbox 668 2459 822 2494; x_wconf 84' lang='lat' dir='ltr'><strong>Proterii</strong></span> <span class='ocrx_word' id='word_1_276' title='bbox 864 2460 967 2494; x_wconf 81' lang='lat' dir='ltr'><strong>caedi</strong></span> <span class='ocrx_word' id='word_1_277' title='bbox 996 2460 1380 2497; x_wconf 59' lang='lat' dir='ltr'><strong>:icommunicaverant</strong></span> <span class='ocrx_word' id='word_1_278' title='bbox 1447 2459 1487 2492; x_wconf 89' lang='lat' dir='ltr'><strong>in</strong></span> <span class='ocrx_word' id='word_1_279' title='bbox 1526 2458 1722 2505; x_wconf 79' lang='lat' dir='ltr'><strong>profanum</strong></span> 
     </span>
     <span class='ocr_line' id='line_1_36' title="bbox 238 2506 1724 2554; baseline 0 -14"><span class='ocrx_word' id='word_1_280' title='bbox 238 2518 325 2540; x_wconf 85' lang='lat' dir='ltr'><strong>vero</strong></span> <span class='ocrx_word' id='word_1_281' title='bbox 353 2507 528 2541; x_wconf 82' lang='lat' dir='ltr'><strong>Aelurum</strong></span> <span class='ocrx_word' id='word_1_282' title='bbox 569 2518 645 2541; x_wconf 85' lang='lat' dir='ltr'><em>non</em></span> <span class='ocrx_word' id='word_1_283' title='bbox 681 2507 961 2551; x_wconf 82' lang='lat' dir='ltr'><strong>animadvertit,</strong></span> <span class='ocrx_word' id='word_1_284' title='bbox 991 2506 1169 2542; x_wconf 87' lang='lat' dir='ltr'><strong>iudicium</strong></span> <span class='ocrx_word' id='word_1_285' title='bbox 1205 2508 1250 2542; x_wconf 88' lang='lat' dir='ltr'><strong>de</strong></span> <span class='ocrx_word' id='word_1_286' title='bbox 1275 2519 1318 2542; x_wconf 86' lang='lat' dir='ltr'><strong>eo</strong></span> <span class='ocrx_word' id='word_1_287' title='bbox 1346 2507 1394 2542; x_wconf 85' lang='lat' dir='ltr'><em>ad</em></span> <span class='ocrx_word' id='word_1_288' title='bbox 1421 2506 1612 2554; x_wconf 83' lang='lat' dir='ltr'><strong>episcopos</strong></span> <span class='ocrx_word' id='word_1_289' title='bbox 1637 2517 1724 2553; x_wconf 85' lang='lat' dir='ltr'><strong>per-</strong></span> 
     </span>
     <span class='ocr_line' id='line_1_37' title="bbox 239 2555 641 2602; baseline -0.002 -12"><span class='ocrx_word' id='word_1_290' title='bbox 239 2556 358 2590; x_wconf 82' lang='lat' dir='ltr'><strong>tinere</strong></span> <span class='ocrx_word' id='word_1_291' title='bbox 384 2555 641 2602; x_wconf 72' lang='lat' dir='ltr'><strong>pronuncians.</strong></span> 
     </span>
    </p>

    <p class='ocr_par' dir='ltr' id='par_1_14' title="bbox 241 2600 1722 2687">
     <span class='ocr_line' id='line_1_38' title="bbox 335 2600 1722 2638; baseline -0.002 -1"><span class='ocrx_word' id='word_1_292' title='bbox 335 2603 414 2638; x_wconf 88' lang='lat' dir='ltr'><em>Hoc</em></span> <span class='ocrx_word' id='word_1_293' title='bbox 455 2603 566 2638; x_wconf 84' lang='lat' dir='ltr'><strong>etiam</strong></span> <span class='ocrx_word' id='word_1_294' title='bbox 600 2613 696 2637; x_wconf 90' lang='lat' dir='ltr'><strong>anno</strong></span> <span class='ocrx_word' id='word_1_295' title='bbox 730 2604 826 2638; x_wconf 85' lang='lat' dir='ltr'><strong>Zeno</strong></span> <span class='ocrx_word' id='word_1_296' title='bbox 857 2603 1039 2638; x_wconf 78' lang='lat' dir='ltr'><strong>Ariadnae</strong></span> <span class='ocrx_word' id='word_1_297' title='bbox 1073 2602 1209 2638; x_wconf 87' lang='lat' dir='ltr'><strong>Leonis</strong></span> <span class='ocrx_word' id='word_1_298' title='bbox 1244 2603 1341 2637; x_wconf 84' lang='lat' dir='ltr'><strong>filiae</strong></span> <span class='ocrx_word' id='word_1_299' title='bbox 1373 2600 1607 2638; x_wconf 85' lang='lat' dir='ltr'><strong>matrimonio</strong></span> <span class='ocrx_word' id='word_1_300' title='bbox 1636 2600 1722 2634; x_wconf 87' lang='lat' dir='ltr'><strong>iun-</strong></span> 
     </span>
     <span class='ocr_line' id='line_1_39' title="bbox 241 2656 574 2687; baseline 0.003 -1"><span class='ocrx_word' id='word_1_301' title='bbox 241 2657 321 2686; x_wconf 76' lang='lat' dir='ltr'><strong>ctus</strong></span> <span class='ocrx_word' id='word_1_302' title='bbox 348 2656 415 2686; x_wconf 77' lang='lat' dir='ltr'><strong>est.</strong></span> <span class='ocrx_word' id='word_1_303' title='bbox 571 2685 574 2687; x_wconf 75' lang='grc'>,</span> 
     </span>
    </p>

    <p class='ocr_par' dir='ltr' id='par_1_15' title="bbox 49 2696 1723 2842">
     <span class='ocr_line' id='line_1_40' title="bbox 49 2696 1723 2758; baseline -0.002 -24"><span class='ocrx_word' id='word_1_304' title='bbox 49 2710 227 2758; x_wconf 65' lang='lat' dir='ltr'><em>A‚(3‚452</em></span> <span class='ocrx_word' id='word_1_305' title='bbox 336 2699 414 2734; x_wconf 88' lang='lat' dir='ltr'><em>Hoc</em></span> <span class='ocrx_word' id='word_1_306' title='bbox 443 2710 541 2734; x_wconf 86' lang='lat' dir='ltr'><strong>anno</strong></span> <span class='ocrx_word' id='word_1_307' title='bbox 583 2698 630 2732; x_wconf 81' lang='lat' dir='ltr'><em>ad</em></span> <span class='ocrx_word' id='word_1_308' title='bbox 655 2698 815 2744; x_wconf 81' lang='lat' dir='ltr'><strong>singulos</strong></span> <span class='ocrx_word' id='word_1_309' title='bbox 844 2699 1008 2734; x_wconf 84' lang='lat' dir='ltr'><strong>omnium</strong></span> <span class='ocrx_word' id='word_1_310' title='bbox 1047 2698 1314 2746; x_wconf 84' lang='lat' dir='ltr'><strong>provinciarum</strong></span> <span class='ocrx_word' id='word_1_311' title='bbox 1350 2697 1542 2744; x_wconf 86' lang='lat' dir='ltr'><strong>episcopos</strong></span> <span class='ocrx_word' id='word_1_312' title='bbox 1578 2696 1723 2731; x_wconf 75' lang='lat' dir='ltr'><strong>litteras</strong></span> 
     </span>
     <span class='ocr_line' id='line_1_41' title="bbox 243 2744 1723 2794; baseline -0.003 -13"><span class='ocrx_word' id='word_1_313' title='bbox 243 2747 347 2782; x_wconf 63' lang='lat' dir='ltr'><strong>deC‘t</strong></span> <span class='ocrx_word' id='word_1_314' title='bbox 369 2748 581 2794; x_wconf 86' lang='lat' dir='ltr'><strong>imperator,</strong></span> <span class='ocrx_word' id='word_1_315' title='bbox 603 2753 646 2782; x_wconf 89' lang='lat' dir='ltr'><em>ut</em></span> <span class='ocrx_word' id='word_1_316' title='bbox 671 2747 854 2794; x_wconf 87' lang='lat' dir='ltr'><strong>propriam</strong></span> <span class='ocrx_word' id='word_1_317' title='bbox 877 2748 949 2794; x_wconf 85' lang='lat' dir='ltr'><strong>ipsi</strong></span> <span class='ocrx_word' id='word_1_318' title='bbox 977 2748 1233 2782; x_wconf 79' lang='lat' dir='ltr'><strong>renunciarent</strong></span> <span class='ocrx_word' id='word_1_319' title='bbox 1248 2746 1486 2782; x_wconf 85' lang='lat' dir='ltr'><strong>sententiam:</strong></span> <span class='ocrx_word' id='word_1_320' title='bbox 1510 2756 1598 2780; x_wconf 85' lang='lat' dir='ltr'><strong>num</strong></span> <span class='ocrx_word' id='word_1_321' title='bbox 1612 2744 1723 2779; x_wconf 84' lang='lat' dir='ltr'><strong>Chal-</strong></span> 
     </span>
     <span class='ocr_line' id='line_1_42' title="bbox 244 2759 1722 2842; baseline -0.002 -13"><span class='ocrx_word' id='word_1_322' title='bbox 244 2759 461 2832; x_wconf 46' lang='lat' dir='ltr'><strong>&lt;castinensis</strong></span> <span class='ocrx_word' id='word_1_323' title='bbox 494 2795 644 2831; x_wconf 86' lang='lat' dir='ltr'><strong>concilii</strong></span> <span class='ocrx_word' id='word_1_324' title='bbox 672 2794 832 2831; x_wconf 73' lang='lat' dir='ltr'><strong>decretis</strong></span> <span class='ocrx_word' id='word_1_325' title='bbox 860 2795 1152 2842; x_wconf 73' lang='lat' dir='ltr'><strong>acquiescerent,</strong></span> <span class='ocrx_word' id='word_1_326' title='bbox 1197 2800 1234 2830; x_wconf 82' lang='lat' dir='ltr'><strong>et</strong></span> <span class='ocrx_word' id='word_1_327' title='bbox 1266 2794 1312 2830; x_wconf 88' lang='lat' dir='ltr'><strong>de</strong></span> <span class='ocrx_word' id='word_1_328' title='bbox 1339 2794 1463 2830; x_wconf 82' lang='lat' dir='ltr'><strong>Aeluri</strong></span> <span class='ocrx_word' id='word_1_329' title='bbox 1487 2793 1722 2842; x_wconf 79' lang='lat' dir='ltr'><strong>promotione</strong></span> 
     </span>
    </p>
   </div>
  </div>
 </body>
</html>
