1768 3106
261 178 288 232 7
307 176 325 212 1
337 176 372 210 o
835 169 1185 216 THEOPHAMS
1227 172 1230 177 ·

253 279 412 333 λέγων·
489 274 527 318 οἶ
558 277 629 332 τῆς
674 270 912 332 ἀμωμήτου
954 277 1135 326 πίστεως
1175 274 1298 331 ἧμιὸν
1337 273 1423 318 τιὸν
1465 268 1744 330 Χριστιανῶν

253 342 444 402 φύλακες
486 345 560 386 καὶ
606 346 793 401 ζηλωταί
828 345 913 386 τῶν
956 346 1016 394 εἰς
1049 342 1178 394 δόξαν
1204 343 1311 384 θεοῦ
1339 344 1570 398 γινομένων
1598 343 1743 384 πιστοὶ

249 415 443 466 βασιλεῖς
473 412 605 469 ἡμῶν,
634 410 800 454 πάντων
829 414 913 454 τῶν
944 413 1005 460 εἰς
1051 411 1276 467 ἀρέσκειαν
1308 411 1441 453 αὐτοῦ
1469 412 1544 452 καί
1570 412 1741 466 συμφέ-

250 495 326 534 ρον
354 478 475 536 ἡμῶν
496 479 575 537 τήν
597 481 810 536 φροντίδα
829 478 1089 536 ποιούμενοι,
1116 477 1303 533 μάλιστα
1333 479 1382 521 δὲ
1400 479 1483 521 τῶν
1514 479 1740 534 ἐκκλησια-

249 549 406 590 στικῶν
430 547 506 590 καὶ
531 549 608 590 νῦν
631 548 842 602 ἐπιμελῶς
883 545 1307 604 διαμεριμνήσαντες,
1345 547 1417 589 καί
1447 547 1768 602 ὃιανοηθέντεςξ

248 617 326 657 τοῦ
365 615 574 672 ἆρχιερέα
611 618 974 671 προχειρισθῆναι
1013 614 1059 657 ἐν
1098 615 1228 672 ταύτῃ
1267 617 1321 672 τῇ
1360 615 1552 669 βασιλίδι
1595 614 1740 655 αὕτῶν

117 689 152 723 P.
167 690 231 736 387
248 682 365 725 πόλει
395 684 470 726 ἐπι
496 682 572 726 τὸν
600 683 761 739 ευσεβῆ
790 683 932 725 αι’των
960 685 1061 726 νοῦν
1084 698 1139 738 με
1180 682 1401 738 α’νέλαβον,
1434 699 1503 724 και
1540 697 1738 738 φανερως

243 766 318 804 μοι
360 749 407 793 τὸ
447 753 787 805 βεβουλευμένον
825 750 975 800 αὐτοῖς
1009 751 1189 802 ἐξειπεῖν
1229 752 1471 793 ἐκέλευσαν.
1545 747 1654 803 εμοῢ
1689 750 1736 791 δὲ

243 816 351 874 πρὸς
394 821 518 862 τοῦτο
551 818 733 874 Ιοἰνάξιον
770 817 961 872 ἐμαυτὸν
1009 819 1367 876 αποφῃναμένου,
1409 818 1485 859 καί
1521 818 1737 873 μηδεμίαν

241 886 560 941 συγκατάθεσιν
588 886 880 942 ποιησαμένου
911 887 971 937 εἷς
1008 884 1054 929 τό
1088 884 1217 941 ζυγόν
1246 888 1326 928 τοῦ
1357 887 1540 943 φορτίου
1563 884 1623 941 μὴ
1654 884 1765 934 (ἲν-ι

240 952 423 1009 νάμενόν
450 970 506 1009 με
533 953 752 1009 βαστάσαι
780 948 810 1011 ἢ
836 950 1091 1012 ὑπενεγκεῖν,
1128 951 1358 997 ἐκέλευσαν
1387 969 1444 1008 με
1475 957 1734 1010 προαγαγεῖν

239 1021 343 1065 κατὰ
373 1024 604 1079 πρόσωπον
632 1022 782 1077 ὑμῶν·
842 1021 955 1066 διότι
984 1025 1059 1066 καί
1087 1021 1319 1079 σύμψηφοι
1341 1019 1537 1077 γεγόνατε
1553 1022 1606 1079 τῇ
1628 1022 1734 1075 »βου-

238 1093 291 1148 λῇ
318 1090 462 1150 ταύτῃ.
493 1090 568 1133 καί
594 1093 683 1149 νῦν,
716 1086 752 1134 αἶ
779 1085 934 1147 ἄνδρες
972 1091 1233 1147 φοβούμενοι
1261 1088 1336 1132 τὸν
1367 1091 1478 1145 θεόν,
1510 1091 1585 1131 καί
1612 1086 1733 1145 ἔχον·

236 1175 304 1209 τες
325 1158 456 1202 αὐτὸν
496 1159 568 1202 αἐἰ
603 1161 650 1203 ἐν
677 1163 769 1209 ταῖς
796 1159 995 1213 καρδίαις
1029 1157 1165 1214 ὑμῶν,
1196 1155 1236 1200 οἱ
1263 1158 1318 1215 τῇ
1346 1158 1546 1212 Χριστοῦ
1573 1156 1730 1213 κλήσει,

237 1229 318 1270 τοῦ
359 1228 580 1284 ἀληθηνοῦ
619 1228 728 1270 θεοῦ
771 1227 894 1283 ἡμῶν
935 1226 1266 1280 ὀνομαζόμενοι,
1313 1227 1572 1281 Χριστιανοί
1608 1226 1761 1280 λέγω,ι

238 1295 451 1339 α’κούσατε
479 1294 651 1352 βραχὺν
687 1294 812 1352 λόγον
843 1295 1072 1350 α’πολογιάς
1114 1291 1234 1350 παρὰ
1260 1293 1337 1349 τῆς
1367 1291 1584 1348 ἡμετέρας
1612 1292 1730 1334 εὐτε-

190 1362 355 1413 ’Βλείας
385 1365 460 1406 καί
489 1364 772 1418 ου’θενότητος.
851 1361 933 1418 ἐγώ
972 1365 1053 1416 μὲν
1092 1361 1138 1405 εἴ
1160 1377 1201 1404 τι
1245 1367 1331 1411 τοῖς
1361 1362 1581 1415 εὐσεβέων
1610 1351 1730 1415 ἡμῶν

236 1433 487 1486 βασιλεῦσιν
507 1430 583 1475 ’καί
603 1432 713 1474 κατὰ
737 1430 878 1474 πάντα
900 1429 1150 1487 ὄρθοδόξοις
1175 1429 1515 1485 ἀπελογησάμην,
1534 1430 1609 1470 καί
1629 1426 1729 1470 ἑνώ-

236 1515 335 1542 πιον
363 1499 485 1553 ὖμῶν
510 1501 927 1555 προσαπολογοῦμαι,
962 1497 1082 1557 φόβῳ
1112 1500 1351 1552 συνέχομαι
1375 1497 1728 1551 συγκαταθέσθαι

98 1575 139 1608 V.
155 1575 223 1609 308
236 1566 309 1612 ἐπὶ
335 1570 388 1626 τῇ
415 1566 551 1627 ψήφῳ
581 1565 733 1626 ταύτῃ,
758 1564 832 1609 καί
858 1567 1127 1620 εϋλαβοῦμαι
1147 1564 1230 1608 α’πὸ
1255 1561 1487 1622 προσώπου
1514 1565 1592 1609 τοῦ
1619 1567 1727 1608 θεοῦ
1739 1583 1768 1611 2.

329 1723 363 1767 4.
390 1720 467 1778 τὴν
487 1722 678 1782 φροντίδα
702 1721 858 1770 ποιούμ.
893 1734 964 1756 om.
990 1733 1023 1756 a.
1121 1722 1156 1756 8.
1183 1720 1327 1767 αὐτοῖς]
1354 1720 1393 1761 ἐξ
1420 1719 1534 1764 αὐτῆς
1547 1720 1585 1754 Α.
1684 1733 1720 1764 9.

331 1767 498 1818 ἐμαυτὸν
523 1774 562 1813 Α,
592 1768 707 1808 αὐτὸν
724 1771 820 1815 vulg.
901 1772 966 1805 καὶ
992 1769 1075 1803 add.
1102 1780 1145 1804 ex
1172 1770 1214 1803 A.
1303 1780 1355 1804 11.
1381 1780 1432 1817 με
1443 1770 1556 1827 prius
1582 1779 1652 1802 om.
1676 1769 1718 1802 A.

335 1820 456 1867 14.1ᾗ
474 1819 654 1875 Χριστοῦ
681 1820 723 1861 A,
751 1818 817 1855 τοῦ
842 1819 936 1854 θεοῦ
962 1818 1059 1864 vulg.
1188 1819 1241 1853 18.
1270 1819 1334 1852 καὶ
1360 1813 1456 1853 κατὰ
1480 1817 1607 1854 πάντα
1632 1816 1717 1864 ὀρθ.

327 1868 369 1910 Α,
389 1864 486 1905 κατὰ
510 1870 637 1906 πάντα
663 1864 774 1905 οὖσιν
794 1866 876 1916 ὀρθ.
902 1867 999 1912 vulg.
1104 1877 1155 1913 ¹9
1176 1867 1390 1913 προσαπολ.
1416 1866 1459 1908 A,
1485 1863 1596 1906 απολ.
1621 1867 1718 1911 vulg.

231 2000 372 2047 populo
397 2000 617 2042 instituens,
649 2001 688 2034 iu
715 1999 806 2034 haec
843 1999 951 2034 verba
979 1998 1091 2033 dixit:
1131 1999 1342 2044 inculpatae
1382 1997 1467 2032 [idei
1491 2002 1651 2039 nostrae,
1679 1998 1719 2032 id

234 2054 289 2081 est
313 2048 553 2090 Christianae,
596 2048 820 2090 defensores,
849 2058 1048 2093 eorumque
1084 2047 1257 2088 omnium,
1286 2057 1379 2092 quae
1405 2046 1452 2079 ad
1479 2045 1540 2079 dei
1565 2024 1719 2091 gloriam

235 2097 435 2142 pertinent,
459 2096 622 2131 vindices
649 2096 816 2130 acerrimi
843 2097 1079 2142 imperatores
1105 2095 1254 2137 nostri,
1270 2094 1355 2127 dum
1382 2105 1438 2128 res
1464 2105 1600 2136 omnes,
1627 2106 1717 2141 quas

233 2145 375 2178 numini
402 2150 545 2189 gratas,
571 2145 631 2178 vel
666 2145 775 2179 nobis
802 2144 912 2178 utiles
939 2144 1016 2178 sore
1054 2144 1184 2184 sciunt,
1211 2143 1368 2176 maxime
1398 2153 1483 2176 vero
1510 2154 1604 2188 quae
1631 2154 1717 2188 spe-

233 2197 335 2226 ctant
367 2192 413 2225 ad
439 2194 639 2233 ecclesiam,
663 2198 877 2239 procurant,
917 2192 1031 2238 idque
1057 2203 1154 2226 nunc
1180 2202 1317 2225 summo
1342 2190 1464 2224 studio
1490 2196 1649 2235 agentes,
1677 2196 1718 2225 ut

232 2240 402 2286 pontifex
435 2241 475 2274 in
510 2252 573 2274 sua
604 2241 694 2275 urbe
736 2243 939 2287 imperante
979 2245 1142 2282 creetur,
1168 2251 1225 2273 me
1250 2239 1311 2285 pio
1345 2239 1467 2272 animo
1503 2249 1716 2285 concepere,

231 2299 424 2335 meumque
451 2300 560 2334 super
585 2299 626 2321 ea
651 2301 689 2322 re
715 2289 922 2330 consilium,
952 2294 992 2322 ut
1016 2288 1103 2334 ipsis
1121 2288 1240 2334 palam
1267 2287 1541 2332 significaretur,
1566 2287 1713 2329 iussere.

231 2349 312 2371 cum
340 2347 425 2370 vere
450 2336 520 2370 hoc
543 2348 694 2370 munere
719 2349 863 2382 prorsus
890 2336 1083 2381 indignum
1109 2347 1167 2369 me
1195 2336 1394 2382 profiterer,
1418 2346 1487 2368 nec
1512 2335 1627 2368 ullum
1655 2348 1716 2369 su·-

229 2397 298 2431 per
323 2386 365 2419 eii
389 2396 427 2419 re
447 2396 663 2419 consensum
689 2391 924 2430 praestarem,
957 2390 1087 2430 utpote
1113 2384 1177 2430 qui
1203 2383 1297 2417 tanti
1327 2384 1446 2417 oneris
1471 2394 1595 2428 iugum
1625 2395 1714 2429 por—

229 2439 307 2467 tare
334 2445 376 2467 ac
403 2435 550 2467 sufferre
584 2432 729 2466 minime
746 2433 927 2472 valerem,
951 2434 1147 2473 iusserunt,
1174 2437 1214 2465 ut
1237 2432 1276 2464 in
1298 2436 1531 2478 conspectum
1554 2437 1713 2470 vestrum

228 2483 389 2515 omnium
417 2482 612 2528 prodirem,
640 2480 739 2527 quod
763 2481 933 2514 nimirum
951 2480 1145 2514 consilium
1170 2480 1379 2513 istiusmodi
1398 2480 1566 2524 suffragio
1592 2485 1714 2514 vestro

226 2531 386 2564 universi
404 2530 622 2576 comprohax
626 2529 736 2563 eritis
764 2528 1016 2584 quamobrem,
1038 2529 1104 2563 viri
1121 2528 1184 2574 qui
1203 2527 1311 2561 deum
1332 2529 1471 2562 timetis
1489 2533 1602 2574 atque
1629 2539 1712 2563 eum

226 2590 367 2624 semper
405 2590 493 2624 prae
530 2577 699 2611 cordibus
739 2577 868 2611 vestris
911 2577 1062 2620 geritis,
1087 2578 1150 2622 qui
1176 2575 1236 2609 dei
1263 2576 1525 2632 appellatione,
1552 2575 1624 2616 dei,
1650 2576 1710 2609 in-

225 2638 346 2671 quam,
371 2627 447 2660 veri
473 2627 587 2660 nostri
623 2625 791 2666 nomine,
829 2624 1053 2658 Christianos
1087 2624 1271 2669 intelligo,
1300 2625 1466 2669 insigniti
1496 2624 1597 2665 estis,
1625 2623 1711 2657 bre-¹

223 2675 406 2708 vissimum
434 2686 648 2715 sermonem,
678 2684 788 2720 quem
811 2684 877 2718 pro
904 2684 972 2713 me,
1000 2683 1071 2717 qua
1097 2673 1208 2705 animi
1234 2673 1399 2717 angustia
1426 2677 1464 2706 et
1479 2672 1620 2706 vilitate
1650 2672 1709 2705 in-

221 2727 378 2756 structus
408 2734 487 2756 sum
516 2734 537 2756 a
562 2728 703 2763 natura,
731 2722 852 2755 dicere
874 2721 1030 2762 institui,
1059 2726 1199 2754 attente
1227 2720 1383 2754 audiatis
1408 2720 1530 2754 velim
1597 2731 1711 2765 quae-

221 2781 377 2816 cumque
403 2771 497 2804 enim
525 2771 624 2816 prius
651 2770 830 2815 religiosis
860 2774 898 2803 et
936 2768 1182 2824 undequaque
1221 2768 1435 2803 orthodoxis
1474 2768 1707 2814 imperatori-

220 2816 286 2853 bus
310 2831 376 2867 pro
403 2830 458 2855 me
485 2819 572 2860 dixi,
599 2819 718 2854 munia
747 2817 793 2852 ad
810 2829 872 2851 vos
889 2818 1039 2853 teletam
1066 2816 1415 2865 impraesentiarum.
1465 2828 1522 2851 me
1549 2816 1586 2851 in
1613 2815 1707 2853 hauc
1752 2858 1760 2863 ,
