1786 3204
242 148 270 182 2
289 147 301 180 ι
318 127 354 183 8
806 149 1155 192 THEOPHANJS

198 245 388 308 (ἰπρώτῳ
417 251 490 306 τῆς
519 249 695 306 Συρίας,
726 247 929 306 Εὖγενιόυ
966 254 1211 309 στρατηγοῦ
1237 254 1323 295 τῶν
1351 252 1487 296 ἐκεῖσε
1516 255 1612 296 κατ’
1640 254 1719 296 av'-

234 318 317 358 τῶν
344 320 714 372 παραταξαμένου,
752 319 910 375 α’νδρὸς
939 318 1048 379 ἔργῳ
1076 317 1276 379 καίλόγῳ
1303 319 1557 375 σπουδαίου,
1588 323 1718 376 ἐκρά-

230 396 331 439 Ι’τησε
358 386 434 439 τῆς
465 382 620 443 μάχης.
679 384 719 429 οἱ
749 389 797 430 δὲ
827 390 1067 444 νικηθέντες
1098 389 1288 443 Περσῶν
1315 387 1578 431 ὑπόσπονδοι
1606 384 1719 444 ἦσαν

231 448 306 507 τῆς
337 450 580 507 Νααμάνου
607 455 687 496 τοῦ
708 451 940 511 φυλάρχου
967 457 1118 512 φυλῆς.
1176 453 1271 498 τότε
1299 457 1374 498 καί
1397 454 1619 510 Ῥωμανὸς
1645 458 1720 511 τῆς

232 520 581 580 «ἒν-Παλαιστίνῃ
613 521 836 576 δυνάμεως
866 519 1037 580 ἄρχων,
1068 522 1176 579 α’νὴρ
1209 520 1384 579 ἄριστος
1411 525 1458 567 ἐν
1483 525 1620 582 βουλῇ
1648 524 1756 568 καὶὸ

233 590 479 648 στρατηγία,
509 591 731 645 χειροῦται
753 591 814 640 εἰς
840 590 1027 644 πόλεμον
1047 587 1238 646 ’Ἄγαρον
1258 590 1332 633 τὸν
1349 593 1429 634 τοῦ
1452 591 1613 649 Ἀρέθα
1640 593 1719 634 τοῦ

231 657 307 711 τῆς
327 653 582 713 Θαλαβάνης
612 657 928 712 ὀνομαζομένου
959 657 1113 708 παιδὸς
1143 659 1224 702 σύν
1251 655 1539 714 αἰχμαλώτων
1562 654 1719 715 πλήθει

230 723 383 781 πολλῷ.
414 726 728 780 κατηγωνίσατο
754 727 802 768 δὲ
830 724 904 768 καί
931 724 1198 783 ἐφυγάδευσε
1228 726 1310 782 πρὸ
1340 729 1415 783 τῆς
1439 723 1582 783 μάχης
1611 727 1718 769 ἐκεί-

229 808 304 848 νης
332 789 355 834 ὅ
379 789 597 845 Ῥωμανὸς
637 795 711 835 καί
737 793 881 849 ἕτερον
908 793 1146 850 Σκηνήτην,
1179 796 1219 837 Γ
1217 794 1381 848 ἀμαλον
1418 790 1609 849 ὀνόματι,
1641 809 1718 836 κα-

230 858 507 916 ταδραμόντα
547 860 624 915 τήν
675 860 980 918 Παλαιστίνην
1033 860 1115 916 πρὸ
1163 864 1237 917 τῆς
1289 863 1426 905 αὐτοῦ
1462 861 1716 918 παρουσίας.
1735 882 1784 909 10

187 925 326 970 Βτότε
353 930 428 970 καί
449 927 650 985 Ἰωτάβην
686 929 763 985 τήν
791 931 918 986 νῆσον
950 930 1145 985 κειμένην
1184 932 1230 972 ἑν
1255 932 1315 988 τῷ
1344 929 1483 988 κόλπῳ
1513 930 1590 985 τῆς
1617 931 1718 983 ἐρυ-

231 997 344 1051 θρᾶς
372 994 595 1053 θαλάσσης
623 996 695 1039 καί
734 997 924 1053 ὑποτελῆ
963 997 1116 1054 φόροις
1141 999 1219 1040 ov'n
1249 998 1407 1054 ὀλίγοις
1426 994 1719 1054 ὑπάρχουσαν

229 1066 408 1118 βασιλεῖ
424 1064 661 1119 Ῥωμαίων,
689 1069 1031 1122 κατασχεθεῖσαν
1060 1067 1106 1108 δὲ
1138 1065 1298 1120 μεταξὺ
1328 1064 1412 1108 ὖπό
1442 1067 1524 1109 τῶν
1553 1068 1717 1121 Σκηνη-

230 1132 316 1174 τῶν
332 1130 546 1186 Ἀράβων,
573 1131 736 1187 μάχαις
759 1134 962 1188 ἰσχυραῖς
979 1131 1002 1175 ὃ
1027 1132 1243 1186 Ῥωμανὸς
1263 1128 1718 1190 ἤλευθὲρωσεν,ἀῧθις

225 1198 454 1253 Ῥωμαίοις
500 1207 850 1255 πραγματευταῖς
889 1199 992 1251 δούς
1026 1199 1279 1256 αὕτονόμως
1320 1202 1449 1244 οἰκεῖν
1480 1199 1555 1257 τήν
1591 1203 1784 1257 νῆσονι5

231 1270 306 1309 καί
331 1266 381 1310 τοὶ
421 1269 466 1320 ἐξ
489 1268 635 1311 Ἰνδῶν
683 1266 993 1325 ἐκπορεύεσθαι
1038 1271 1223 1328 φορτία,
1263 1268 1338 1313 καί
1365 1268 1441 1313 τὸν
1463 1271 1717 1326 τεταγμένον

228 1338 406 1389 βασιλεῖ
429 1335 566 1392 φόρον
596 1335 794 1391 εἰσάγειν.

18 1411 214 1458 A.M.5991
348 1402 494 1462 Τούτῳ
523 1407 580 1463 τῷ
609 1403 694 1447 ἔτει
729 1405 1002 1455 ῘΙἸακεδόνιος
1029 1405 1174 1463 γνώμῃ
1212 1408 1291 1448 τοῦ
1315 1407 1529 1461 βασιλέως
1558 1403 1718 1450 {andium

101 1477 220 1514 P.i22
233 1469 578 1527 tdfleovaorty'pca
619 1474 694 1528 τῆς
738 1475 961 1527 βασιλίδος
999 1472 1203 1517 ἔσπευδεν
1243 1475 1532 1530 ἀποσχιζοντα
1564 1471 1637 1516 διοὶ
1669 1471 1718 1515 τὸ

231 1535 430 1583 ἑνωτικὸν
462 1539 674 1598 Ζήνωνος.
705 1542 933 1586 α’δυνατῶν
959 1543 1007 1585 δὲ
1028 1543 1154 1586 τοῦτο
1180 1544 1375 1598 ποιῆσαι,
1404 1539 1714 1598 συνεβούλευσε
1728 1557 1781 1585 20

328 1727 360 1760 7.
390 1713 618 1760 Φαλαβάνης
637 1716 662 1748 A
690 1715 715 1756 f,
745 1713 974 1762 Χαλαβάνης
999 1728 1032 1758 a,
1060 1715 1287 1764 Θαλαμάνης
1314 1726 1344 1749 e.
1479 1725 1514 1760 9.
1542 1712 1713 1761 Γαβάλοι-

325 1776 395 1800 νον
418 1763 453 1805 b,
479 1763 710 1810 Γαμάλιενον
737 1775 768 1797 a.

229 1927 358 1961 tesiam
387 1925 614 1968 infestantes,
638 1927 819 1973 Eugenius
847 1928 1033 1972 regionum
1072 1927 1218 1960 illarum
1247 1925 1466 1972 praefectus,
1499 1926 1554 1958 vir
1577 1924 1711 1958 litteris

229 1977 273 2009 εἴ
295 1974 512 2008 l'ortitudine
538 1982 739 2021 praestans,
767 1975 937 2009 adversus
965 1987 1026 2009 eos
1047 1975 1093 2008 ad
1118 1976 1272 2021 primum
1288 1975 1410 2018 Syriae
1436 1972 1622 2019 oppidum,
1651 1973 1712 2006 cui

231 2022 444 2069 Bithrapsus
473 2034 606 2057 nomen
623 2049 632 2065 ,
658 2025 829 2058 consertis
862 2023 1027 2057 manibus
1054 2023 1194 2069 praelio
1222 2023 1388 2068 superior
1413 2021 1595 2054 remansit.
1647 2021 1712 2067 qui

232 2072 333 2105 fuere
361 2071 520 2113 devicti,
556 2072 655 2118 prius
694 2085 772 2107 eum
806 2073 934 2113 Persis,
962 2072 1077 2106 tribus
1115 2071 1281 2104 nimirum
1309 2069 1484 2103 Naamani
1510 2069 1712 2114 phylarchi,

228 2118 362 2154 ¹foedus
391 2120 562 2154 inierant.
613 2127 689 2155 tum
713 2132 796 2154 vero
824 2122 1003 2154 Romanus
1028 2120 1205 2153 exercitus
1225 2130 1290 2165 per
1305 2117 1544 2151 Palaestinam
1569 2116 1712 2158 ductor,

229 2168 285 2201 vir
312 2168 464 2201 consilio
502 2168 655 2202 militari
686 2175 723 2203 et
754 2168 948 2214 disciplina
974 2168 1210 2215 praecellens,
1241 2167 1395 2211 Agarum
1433 2165 1610 2206 Arethae,
1646 2165 1711 2211 qui

229 2215 464 2250 Thalabanes
492 2216 587 2250 filius
613 2217 798 2258 audiebat,
824 2223 949 2251 natum
977 2229 1058 2250 cum
1082 2227 1209 2260 magua
1226 2216 1448 2261 captivorum
1476 2213 1711 2247 multitudine

230 2265 332 2298 bello
370 2264 456 2297 vicit
481 2265 664 2311 cepitque.
721 2267 834 2299 alium
869 2278 976 2311 porro
1014 2265 1196 2298 Scenitam
1235 2263 1383 2296 nominc
1410 2262 1602 2296 Gamalam
1627 2267 1711 2295 ante

230 2318 433 2359 susceptam
461 2312 731 2358 expeditionem
774 2313 985 2347 huiusmodi
1012 2318 1125 2346 totum
1153 2311 1394 2345 Palaestinam
1421 2311 1495 2344 suis
1522 2310 1710 2344 excursio-

229 2361 340 2396 nibus
378 2367 576 2395 vastantem
605 2363 785 2395 Romanus
824 2361 920 2395 idem
962 2366 1208 2407 prostraverat
1248 2366 1286 2393 et
1324 2364 1484 2393 verterat
1510 2359 1548 2391 in
1576 2358 1709 2403 fugam.

229 2409 295 2443 sed
320 2414 357 2444 et
392 2409 547 2443 Iotaben
578 2410 733 2443 insulam
769 2410 806 2443 in
842 2410 922 2442 sinu
946 2409 1053 2442 maris
1092 2407 1191 2441 rubri
1217 2408 1334 2449 sitam,
1361 2407 1553 2452 vectigalia
1580 2417 1713 2451 magna

230 2460 472 2493 Romanorum
498 2457 707 2503 imperatori
748 2457 932 2504 qnondam
960 2456 1194 2503 pendentem,
1232 2462 1309 2490 tum
1349 2467 1430 2489 vero
1457 2455 1504 2488 ab
1534 2453 1711 2488 Arabibus

230 2506 389 2541 Scenitis
415 2511 640 2552 occupatam,
666 2506 760 2539 idern
788 2507 970 2539 Romanus
1007 2516 1072 2551 per
1100 2505 1270 2538 acerrima
1296 2505 1438 2551 praelia
1456 2503 1588 2537 iterum
1615 2502 1711 2535 libe-

231 2567 305 2589 ram
333 2555 503 2589 Romanis
530 2554 820 2599 negotiatorIbus
842 2554 1047 2599 praestitit:
1073 2554 1198 2599 eisque
1220 2553 1365 2586 demum
1382 2551 1538 2585 insulam
1562 2562 1713 2585 conces-

231 2604 289 2646 sit,
314 2603 353 2637 in
378 2614 451 2650 qua
475 2601 584 2636 liberi
613 2604 760 2649 suisque
785 2602 926 2648 legibus
962 2607 1106 2635 utentes
1146 2600 1356 2635 habitarent
1390 2606 1428 2635 et
1464 2611 1508 2633 ex
1530 2599 1712 2633 mercibus

231 2663 276 2686 ex
299 2651 403 2685 India
435 2651 619 2685 convectis
645 2651 883 2684 constitutum
910 2650 1121 2696 imperatori
1144 2650 1299 2695 vectigal
1323 2649 1517 2683 solverent.

40 2706 212 2753 A·C·49¹
327 2700 406 2733 Hoc
443 2711 540 2734 anno
579 2699 816 2733 Macedonins
854 2700 1049 2745 imperator
1086 2698 1240 2732 consilio
1286 2697 1507 2731 monasteria
1549 2695 1647 2729 urbis
1690 2706 1711 2727 a

230 2749 448 2794 praecipuae
477 2748 653 2783 ecclesiae
682 2748 936 2781 communione
974 2746 1021 2780 ob
1051 2747 1204 2780 Zenonis
1242 2745 1459 2780 concordiae
1487 2744 1711 2778 sanctionem

231 2807 268 2830 se
305 2796 512 2831 dirimentia
552 2796 693 2831 studuit
734 2796 983 2830 reconciliare.
1045 2801 1082 2829 at
1108 2806 1187 2829 cum
1224 2794 1453 2841 propositum
1479 2804 1555 2827 non
1587 2797 1712 2838 posset
