1768 3106
258 140 379 208 654-
806 159 1160 204 THEOPHANIS

33 269 236 311 A.M.6239
370 259 516 320 Τούτῳ
555 262 614 318 τῷ
656 257 740 305 ἔτει
787 265 990 305 κτείνεται
1028 261 1262 320 Γρηγόριος
1300 260 1385 304 ὑπὸ
1424 264 1509 306 τῶν
1545 263 1741 321 Ἀρουρι-

114 317 236 353 2356
256 331 362 383 τῶν,
406 327 480 371 καί
516 328 727 386 ἐξενίκησε
762 330 995 387 ΖΙῙαρουιὶμ
1036 330 1058 373 ὁ
1101 333 1184 374 τῶν
1211 331 1418 388 Ἀράβων
1451 331 1653 388 α’ρχηγός,
1683 333 1741 383 ὥς

254 397 465 455 προέφην.
485 416 489 418 ·

33 467 232 512 A.M.62!10
365 464 513 524 Τούτῳ
548 467 609 522 τῷ
648 463 732 508 ἔτει
762 466 961 522 ἐκίνησαν
994 467 1040 510 ἐκ
1069 468 1155 509 τῶν
1197 466 1567 524 οἷνατολικωτέρων
1593 470 1739 524 μεριόν

243 534 318 588 τῆς
348 534 570 588 Περσίδος
607 532 707 576 λαοί
750 531 970 588 λεγόμενοι
1001 537 1315 592 Χωρασανΐται
1343 537 1417 579 καί
1440 534 1768 594 Μαυροφόροι5

244 598 352 644 κατὰ
381 604 461 643 τοῦ
479 599 712 656 Μαρουὰμ
739 602 816 643 καί
841 600 980 658 πάσης
1006 603 1082 659 τῆς
1109 605 1354 658 συγγενείας
1372 605 1459 647 τῶν
1487 603 1735 659 προαρξάν-

242 684 326 710 των
355 666 440 710 ἀπὸ
470 669 696 723 Μουαμὲδ
731 670 811 712 τοῦ
854 669 1217 728 ψευδοπροφήτου
1246 672 1328 721 ἓως
1357 673 1434 714 τοῦ
1463 671 1604 714 αὐτοῦ’
1629 674 1738 715 Ma-

204 744 229 777 B
246 732 400 792 ρουάμ,
422 736 536 778 τοῦτ’
568 733 658 779 ἐστι
685 734 796 779 κατὰ
828 735 876 780 τὸ
901 737 1128 793 λεγόμενον
1155 740 1298 782 τέκνον
1321 741 1401 781 τοῦ
1421 739 1608 795 Οὔμαΐα.
1634 738 1738 782 τού-

242 820 325 846 των
352 803 434 859 γὰρ
464 801 577 857 μετὰ
608 802 686 860 τὴν
713 805 938 862 α’ναίρεσιν
966 808 1046 848 τοῦ
1069 806 1239 850 Οὕαλίδ
1267 802 1478 864 ἀλλήλους
1502 806 1736 862 πολεμούν-

240 887 326 913 των
355 869 431 913 καί
471 870 891 929 ἄπασχολουμὲνων,
932 872 973 915 οῖ
1003 873 1230 929 λεγόμενοι
1265 872 1356 917 υἱοί
1386 873 1461 917 τοὺ
1490 873 1635 930 ’.Αχίμ
1663 874 1739 917 καί
1754 894 1767 921 ι

239 939 318 980 τοῦ
340 937 492 993 Ἀλιζα,
522 945 740 995 συγγενεῖς
769 942 849 994 μὲν
876 942 951 984 καί
981 943 1108 984 αὐτοὶ
1135 944 1214 984 τοῦ
1233 944 1600 1001 ψευδοπροφήτου
1629 960 1735 999 τυγ-

238 1007 467 1062 χάνοντες,
513 1011 796 1064 κεκρυμμένοι
837 1010 886 1052 δὲ
926 1011 1000 1053 καί
1037 1008 1229 1067 φυγάδες
1261 1008 1379 1061 ὄντες
1410 1010 1520 1054 κατὰ
1552 1009 1631 1068 τὴν
1658 1028 1734 1066 μι-

207 1088 216 1094 *
240 1073 349 1131 κρὰν
379 1075 609 1133 Ἀραβίαν,
640 1077 952 1132 ἁθροισθέντες
969 1078 1260 1134 πρωτεύοντος
1281 1080 1327 1122 ἐν
1354 1080 1501 1129 αὐτοῖς
1519 1076 1734 1137 Ἀβραΐμ,

240 1142 531 1197 ἐκπέμπουσιν
572 1139 815 1187 ἆπόδουλον
859 1142 1002 1189 αὐτῶν
1030 1145 1126 1190 τινὰ
1160 1144 1382 1203 λεγόμενον
1401 1142 1734 1203 ’.Αβουμουσου-

240 1209 317 1265 λίμ
346 1213 407 1261 εἰς
443 1211 489 1254 τὸ
525 1211 751 1269 Χωρασάν
795 1214 899 1270 πρός
945 1230 1066 1265 τινας
1103 1217 1188 1258 τῶν
1244 1214 1406 1258 αὐτόθι
1443 1215 1764 1274 προυχόντων,ι

242 1280 489 1334 αἰτούμενοι
517 1282 805 1336 συμμαχῆσαι
832 1282 980 1331 αὐτοῖς
1009 1282 1115 1325 κατὰ
1135 1283 1384 1340 ΙΙΥῙαρουάμ.
1443 1282 1484 1327 οἱ
1518 1285 1566 1328 δὲ
1595 1301 1734 1328 συνα-

239 1347 419 1400 χθέντες
459 1346 568 1403 πρὸς
607 1350 846 1402 Χατταβᾶν
887 1348 979 1392 τινὰ
1019 1348 1325 1408 βουλεύονται,
1365 1351 1439 1395 καί
1473 1353 1734 1396 ἐπανιστῶσι

200 1414 342 1463 Οτοὺς
374 1413 553 1465 δούλους
583 1414 694 1459 κατοξ
725 1421 813 1458 τῶν
846 1416 968 1461 ἰδίων
1000 1420 1239 1476 δεσποτῶν,
1269 1421 1344 1462 καί
1370 1421 1598 1475 α’ναιροῦσι
1626 1424 1732 1462 πολ-

240 1480 341 1531 λοὺς
385 1484 431 1525 ἑν
461 1485 543 1540 μιᾷ
570 1483 710 1540 νυκτί,
751 1479 811 1527 ὧν
838 1490 924 1536 τοῖς
958 1481 1126 1543 ἅρμασι
1157 1488 1235 1529 καί
1268 1486 1413 1537 ἵπποις
1438 1486 1515 1530 καί
1533 1487 1731 1543 χρήμασι

238 1552 629 1608 καθοπλισθέντες,
675 1552 864 1607 ἐγένοντο
901 1553 963 1604 εἰς
1003 1554 1225 1605 δυνατούς.
1295 1556 1565 1613 διαιροῦνται
1595 1557 1642 1598 δὲ
1669 1556 1762 1607 εἷςα

334 1702 368 1745 4.
394 1699 575 1743 ἐκίνησαν
602 1700 631 1736 Α
648 1701 672 1744 f,
696 1701 932 1748 ἐκινήθησαν
955 1715 989 1746 a,
1015 1704 1170 1748 ἐκινήθη
1196 1705 1292 1750 vulg.
1413 1707 1446 1740 5.
1475 1707 1725 1752 Χουροσανί-

332 1761 395 1782 ται
409 1749 450 1790 Α,
476 1752 767 1797 Χουσαρονῖται
791 1763 824 1784 a.
922 1754 956 1787 8.
975 1751 1140 1800 Ὀὐμαϊα
1152 1754 1195 1796 A,
1223 1752 1336 1789 Μαὶά
1361 1754 1386 1795 s,
1419 1751 1562 1790 Οὕνοια
1587 1766 1618 1796 a,
1646 1753 1724 1788 Ου’-

332 1794 427 1833 ναΐα
463 1797 560 1843 vulg.
679 1799 823 1836 τούτων
847 1799 890 1841 A,
915 1803 1050 1838 τοῦτον
1081 1801 1178 1846 vulg.
1309 1813 1363 1835 ιο.
1385 1799 1491 1849 'Exit'
1516 1814 1548 1836 κ.
1571 1815 1602 1837 τ.
1625 1801 1726 1839 Ἀλὶν

332 1847 375 1878 Α.
504 1857 556 1879 ιι.
585 1845 694 1884 αὐτοὶ
719 1847 804 1881 add.
833 1860 877 1881 ex
902 1847 944 1882 A.
1073 1850 1124 1883 13.
1148 1849 1344 1896 ’Λραβίαν,
1370 1849 1456 1898 two.
1481 1850 1518 1882 A.
1542 1848 1725 1897 Ἀραβίαν

333 1893 400 1927 καὶ
426 1891 513 1941 ἀθρ.
537 1894 636 1940 vulg.
768 1898 819 1940 ¹4·
843 1894 1148 1945 ’Asswffcovaazipa
1174 1898 1215 1938 A,
1235 1897 1513 1946 Ἀβουμουσλὶμ
1538 1911 1570 1942 a,
1592 1900 1722 1946 Ἀβου-

330 1945 531 1990 μουσαχὶμ
555 1941 580 1976 f.
703 1954 757 1990 ¹7·
785 1946 996 1992 Χοιτταβιὶν
1023 1947 1066 1988 Α,
1094 1948 1282 1993 Χαταβᾶν
1307 1947 1406 1993 vulg.

46 2085 225 2133 A.C.739
333 2080 413 2114 Hoc
436 2093 532 2115 anno
558 2082 755 2128 Gregorius
782 2083 828 2117 ab
857 2085 1013 2119 Arm-itis
1044 2085 1235 2129 occiditur,
1263 2086 1425 2120 Man-vam
1446 2097 1532 2120 vero
1561 2086 1722 2121 Arabum

237 2126 324 2169 dux,
352 2130 659 2174 quemadmodum
688 2133 855 2178 superius
882 2134 1003 2175 retuli,
1027 2134 1181 2167 victoria
1204 2134 1344 2180 potitus
1370 2139 1435 2168 est.

46 2180 223 2227 A.C.74o
330 2176 410 2211 Hoc
442 2189 540 2211 anno
567 2178 827 2214 Chorasanitae
864 2186 902 2215 et
933 2181 1189 2227 Maurophori,
1224 2181 1355 2228 populi
1379 2194 1422 2215 eo
1448 2181 1597 2215 nomine
1628 2182 1722 2222 noti,

236 2224 410 2258 adversus
428 2225 588 2259 Marvam
614 2233 651 2261 et
675 2240 821 2262 omnem
845 2229 1143 2275 praecedentium
1171 2230 1377 2276 principum
1419 2230 1672 2273 cognationem
1698 2241 1720 2264 a

235 2273 408 2307 Muamed
446 2274 771 2321 pseudopropheta
808 2288 926 2323 usque
958 2277 1005 2311 ad
1039 2278 1223 2319 Mai-vam,
1256 2277 1327 2311 hoc
1352 2283 1408 2311 est
1433 2277 1603 2311 adversus
1629 2277 1718 2311 Om-

236 2322 354 2355 maiae
381 2321 510 2363 filium,
539 2333 584 2355 ex
602 2325 794 2368 postremis
821 2326 960 2358 Per-siae
995 2326 1183 2359 orientalis
1208 2325 1418 2369 regionibus
1445 2325 1718 2371 expeditionem

234 2375 440 2405 moverunt.
506 2376 592 2415 post
621 2371 764 2405 illatam
800 2373 939 2418 quippe
964 2374 1074 2407 Valid
1110 2385 1236 2407 necem
1265 2374 1453 2407 Saracenis
1478 2374 1614 2407 mutuis
1640 2386 1718 2407 sese

234 2417 346 2451 bellis
385 2418 685 2460 conficientibus,
712 2426 749 2454 et
787 2421 881 2454 circa
915 2421 1046 2455 caedes
1085 2422 1285 2467 reciprocas
1324 2423 1521 2468 occupatis,
1560 2423 1623 2467 qui
1649 2422 1720 2455 filii

235 2465 362 2500 Achim
390 2472 428 2500 et
453 2467 550 2500 Alim
585 2467 693 2512 vulgo
719 2467 886 2509 audiunt,
928 2469 1272 2515 pseudoprophetae
1298 2470 1446 2516 quidem
1475 2481 1607 2515 genere
1637 2470 1719 2511 orti,

236 2515 372 2548 occulti
395 2521 517 2548 tamen
542 2520 580 2548 et
601 2515 640 2548 in
656 2516 835 2550 minorem
858 2517 1020 2551 Arabiam
1041 2518 1140 2562 prius
1158 2518 1315 2563 fugitivi,
1342 2530 1440 2552 nunc
1464 2518 1531 2552 sub
1558 2518 1717 2559 Abraim,

237 2574 282 2595 ex
309 2562 449 2596 familia
476 2562 568 2597 duce
595 2565 804 2609 praecipuo,
830 2564 869 2597 in
894 2576 1008 2598 unum
1026 2566 1184 2608 collecti,
1211 2566 1367 2612 quodam
1393 2579 1457 2600 suo
1483 2567 1629 2606 liberto,
1657 2567 1716 2599 cui

234 2622 370 2645 nornen
395 2611 671 2653 Abumusulim,
700 2612 746 2645 ad
772 2612 948 2658 quosdam
978 2612 1163 2647 Chorasmi
1195 2615 1352 2660 regionis
1388 2625 1568 2660 proceres,
1594 2614 1716 2655 misso,

236 2659 344 2692 sociis
373 2660 478 2693 armis
504 2659 673 2694 adversus
699 2660 859 2694 Marvam
880 2662 1075 2696 convenire
1100 2661 1147 2695 ab
1174 2658 1226 2695 eis
1252 2663 1494 2709 expetierunt.
1545 2661 1601 2695 illi
1628 2673 1718 2695 con-

235 2707 427 2741 venientes
457 2707 554 2753 apud
587 2707 805 2742 Chactabam
847 2708 1029 2755 quendam
1064 2711 1257 2744 consilium
1294 2712 1437 2751 ineunt,
1464 2710 1649 2756 servisque
1678 2710 1717 2743 in

237 2753 403 2788 dominos
429 2767 513 2789 suos
541 2756 743 2798 concitatis,
770 2757 949 2802 plurimos
974 2769 1097 2791 eorum
1133 2770 1204 2792 una
1228 2765 1338 2792 nocte
1365 2758 1558 2799 trucidant,
1587 2763 1625 2791 et
1651 2768 1716 2790 eo-

238 2813 315 2838 rum
342 2802 520 2847 curribus,
549 2805 653 2853 equis
681 2811 717 2839 et
737 2805 975 2841 facultatibus
1004 2805 1113 2841 ditati
1142 2813 1179 2841 et
1205 2808 1384 2850 instructi,
1409 2812 1580 2853 potentes
1606 2817 1714 2852 repu-
