1768 3106
276 131 394 188 658
833 150 1182 194 THEOPHANis

270 251 413 311 χρόνῳ
446 254 521 308 τῆς
541 251 761 309 τετάρτης
797 254 1061 303 ἰνὸικτιῶνος
1096 254 1172 307 τῆς
1214 250 1361 309 ἑορτῆς
1388 255 1461 310 τῆς
1491 252 1615 310 ἁγίας
1659 271 1753 297 πεν-

269 323 469 376 τηκοστῆς
499 318 651 374 ἔστεφε
682 324 1004 370 Κωνσταντῖνος
1037 319 1057 363 ὅ
1085 321 1294 375 δυσσεβης
1321 320 1524 375 βασιλεὺς
1553 319 1625 364 τὸν
1653 320 1753 364 {am

270 390 349 430 τοῦ
378 386 472 430 υἱὸν
502 390 671 431 Λέοντα
702 389 762 437 εἰς
790 390 983 444 βασιλέα,
1013 389 1067 429 δι’
1105 388 1389 438 Ἀναστασίου
1419 391 1494 432 τοῦ
1525 390 1753 445 ψευδωνύ-

269 471 355 510 μου
385 455 653 510 πατριάρχου
684 457 758 497 καί
787 453 1036 512 σιῖμφρονος
1066 456 1215 497 αὐτοῦ.

36 529 258 579 ΓΑ.1ν1.6«ιι4ει
380 522 577 577 Ἀράβων
609 524 804 577 α’ρχηγοῦ
837 523 1054 576 ΠἸουαμὲδ
1083 520 1175 571 ἔτος
1207 522 1258 564 α’.

233 595 259 627 Β
388 591 531 648 Τούτῳ
559 591 612 648 τῷ
642 588 730 632 ἔτει
755 588 1014 632 ἐστασίασαν
1051 588 1089 632 οἱ
1134 591 1368 641 Χαλκιδεῖς
1401 596 1488 642 τοῖς
1525 590 1753 647 μαυροφό-

130 659 171 695 V.
187 659 255 694 285
269 666 360 710 ’ροις
380 660 588 711 Πέρσαις,
619 660 692 700 καί
718 659 990 716 α’νῃρὲθησαν
1019 657 1090 699 ὑπ’
1118 660 1263 699 αὐτῶν
1291 662 1335 701 ἐν
1362 665 1450 709 τοῖς
1480 660 1608 714 ὁρίοις
1638 661 1750 711 Ἐμέ-

267 741 344 780 σης
374 725 566 779 χιλιάδες
599 725 649 767 δ’.
700 725 746 767 τὸ
781 724 883 767 αὕτό
920 727 967 767 δὲ
1003 729 1168 781 γέγονεν
1202 729 1276 767 καί
1303 725 1407 769 κατοὶ
1439 726 1515 782 την
1545 727 1751 782 Ἀραβίαν

267 794 328 842 εἰς
358 791 460 843 τούς
492 791 730 842 Καϊσινούς
777 792 856 835 ino·
908 795 991 835 τῶν
1021 794 1165 835 αὐτῶν
1198 797 1398 850 Περσῶν.
1465 791 1674 850 ἐλθούσης
1704 795 1751 835 δὲ

265 863 339 916 τῆς
371 865 559 917 κεφαλῆς
589 866 665 904 τοῦ
680 860 910 916 ΙΙΙαρουαμ
932 863 1271 918 ἐσμυρνισμὲνης
1293 860 1535 905 ἐπαύσαντο
1561 860 1607 904 αἱ
1636 863 1749 903 πλεί-

265 943 340 980 ους
372 931 455 971 τῶν
482 927 685 972 στάσεων.
762 930 836 971 καί
865 931 923 987 τῷ
953 931 1072 988 αὐτῷ
1100 927 1183 973 ἔτει
1225 928 1434 987 ἐκοιμήθη
1470 928 1492 971 ὅ
1520 929 1752 984 ἁγιώτατος

224 996 533 1053 (ἶπατριάρχης
559 998 824 1052 Ἀντιοχείας
860 995 1162 1053 Θεοφύλακτος
1195 998 1298 1052 μηνί
1326 999 1466 1056 Λεσίῳ
1497 996 1579 1040 κθᾌ

53 1070 248 1117 A.M.6243
375 1065 633 1119 Ἀντιοχείας
663 1065 896 1107 ἐπισκόπου
932 1065 1160 1119 Θεοδώρου
1195 1064 1286 1114 ἔτος
1311 1063 1365 1107 α’.

380 1131 528 1192 Τοιῖτῳ
567 1134 624 1192 τῷ
652 1131 736 1175 ἔτει
778 1132 880 1182 τούς
909 1132 1081 1182 πλειόυς
1122 1134 1206 1174 ταῖν
1237 1133 1527 1188 Χριστιανῶν,
1557 1131 1616 1182 ὥς
1644 1148 1747 1187 συγ-

259 1206 391 1257 γενεΐς
420 1204 501 1243 τῶν
531 1198 844 1257 προαρξάντων,
877 1201 1043 1242 α’νεΐλον
1089 1198 1127 1242 οἱ
1161 1198 1418 1257 προσφάτως
1449 1199 1768 1256 κρατήσαντες,]

260 1267 370 1328 δόλῳ
401 1268 579 1318 τούτους
606 1266 942 1324 χειρωσάμενοι,
974 1269 1034 1317 εἰς
1060 1267 1364 1325 Ἀντιπατρίδα
1397 1270 1470 1324 τῆς
1501 1269 1747 1311 Παλαιστί-

259 1354 344 1392 νης.
402 1338 476 1379 καί
501 1339 559 1394 τῷ
591 1337 707 1394 αὐτῷ
737 1335 879 1395 χρόνῳ
913 1339 1240 1386 Κωνσταντΐνος
1277 1335 1352 1392 τὴν
1384 1336 1746 1379 Θεοδοσιούπολιν

213 1405 500 1459 Βπαρέλαβεν
540 1402 632 1458 ἅμα
675 1406 730 1462 τῇ
758 1406 981 1461 Μελετιιλῇ,
1010 1403 1082 1446 καί
1107 1400 1440 1461 ᾐχμαλώτευσεν
1465 1401 1565 1453 τούς
1592 1405 1745 1458 Ἀρμε-

257 1475 388 1521 νίους.
454 1471 475 1513 ὁ
522 1472 746 1527 Θεόδωρος
790 1473 836 1514 δὲ
882 1470 975 1520 υἱὸς
1019 1473 1097 1512 τοῦ
1128 1474 1339 1527 Βικαριόυ
1383 1473 1430 1514 ἐκ
1474 1471 1549 1527 τῆς
1588 1473 1745 1527 μικρᾶς

253 1539 480 1597 Ἀρμενίας
512 1536 761 1596 ὁρμώμενος
795 1536 1100 1596 ἐχειροτονήθη
1133 1537 1402 1596 πατριάρχης
1428 1538 1711 1594 Ἀντιοχείας.
1756 1558 1768 1584 ς

358 1708 391 1732 2.
419 1693 596 1744 βασιλεὺς
618 1695 702 1730 add.
730 1705 774 1730 ex
800 1696 839 1730 A.
960 1707 993 1742 7.
1022 1694 1129 1742 ὅροις
1154 1694 1194 1728 Α.
1317 1694 1352 1728 8.
1379 1687 1421 1728 τό
1451 1686 1542 1728 αὐτὸ
1568 1691 1609 1734 Α,
1634 1693 1743 1728 τοῦτο

359 1748 458 1793 vulg.
590 1748 655 1781 καὶ
684 1745 767 1778 add.
800 1755 842 1777 ex
868 1743 906 1777 A.
1049 1745 1100 1779 16.
1125 1740 1409 1790 χειρωσάμενοι
1436 1743 1475 1783 A,
1502 1740 1743 1789 κρατησάμε-

355 1807 419 1831 νοι
444 1795 542 1840 vulg.
671 1805 723 1840 ¹9·
750 1794 791 1830 ἐκ
815 1790 899 1826 add.
926 1800 971 1825 ex
993 1792 1035 1826 A.
1164 1802 1221 1825 20.
1247 1789 1477 1837 Ἀντιοχείας
1500 1801 1569 1824 om.
1602 1791 1631 1824 A
1656 1790 1681 1823 f.

260 1931 359 1978 quod
389 1930 532 1965 demum
559 1930 702 1964 accidit.
754 1929 884 1964 eodem
911 1934 1031 1964 autem
1061 1941 1170 1970 anno,
1205 1929 1267 1975 qui
1299 1929 1369 1962 fuit
1392 1927 1603 1961 indictionis
1632 1939 1742 1974 quai·-

260 1986 318 2014 tae
343 1981 523 2025 proprius,
549 1985 695 2012 sanctae
722 1984 951 2024 pentecostes
979 1978 1072 2012 festo
1097 1977 1156 2010 die
1198 1977 1329 2023 impius
1359 1977 1621 2010 Constantinus
1646 1976 1742 2009 Ana-

262 2029 361 2062 stasii
394 2028 476 2061 falsi
521 2028 678 2061 nominis
714 2026 939 2073 patriarchae
981 2032 1018 2060 et
1053 2026 1241 2071 pravitatis
1277 2024 1439 2058 eiusdem
1469 2024 1605 2058 conscii
1631 2035 1743 2070 opera

259 2077 376 2109 {ilium
398 2088 499 2109 suum
519 2077 678 2109 Leonem
707 2076 744 2108 in
770 2075 912 2120 imperii
941 2085 1171 2120 coronaeque
1200 2073 1422 2107 consortium
1448 2072 1606 2106 admisit.

73 2126 245 2171 A.C.742
355 2124 511 2157 Arabum
538 2123 640 2156 ducis
662 2123 834 2156 Muamed
861 2134 976 2157 annus
1006 2124 1156 2168 primus.

355 2171 434 2205 Hoc
461 2183 557 2205 anno
584 2171 846 2205 Chalcidenses
870 2171 1038 2205 adversus
1073 2168 1340 2215 Maurophoros
1366 2168 1486 2201 Persas
1527 2167 1742 2201 tumultuati

260 2220 298 2253 in
323 2218 472 2253 Emesae
497 2220 663 2253 confiniis
689 2220 735 2252 ad
773 2219 960 2253 hominum
1004 2219 1120 2252 millia
1146 2224 1302 2263 quatuor
1335 2215 1380 2249 ab
1418 2216 1470 2250 eis
1505 2215 1618 2250 deleti
1644 2221 1742 2256 sunt,

260 2274 370 2314 atque
395 2267 566 2313 idipsum
595 2267 633 2300 in
659 2267 792 2301 Arabia
823 2267 991 2301 adversus
1012 2267 1174 2300 caisinos
1201 2265 1246 2298 ab
1277 2264 1404 2298 iisdem
1431 2264 1547 2298 Persis
1576 2265 1743 2298 commis-

260 2326 338 2350 sum
363 2322 432 2350 est.
482 2314 660 2361 producto
688 2327 772 2348 vero
792 2316 950 2349 Marvam
979 2315 1099 2361 capite
1124 2312 1346 2347 aromatibus
1375 2312 1562 2357 ingeniose
1578 2311 1742 2353 condito,

262 2376 306 2397 ex
331 2365 484 2398 maxima
513 2368 614 2408 parte
655 2363 832 2396 tumultus
872 2363 1003 2397 deinde
1031 2363 1146 2396 sedati
1182 2366 1276 2395 sunt.
1329 2361 1457 2394 eodem
1485 2372 1580 2394 anno
1609 2361 1742 2393 mensis

264 2413 362 2446 Desii
388 2412 450 2445 die
473 2412 646 2445 vicesimo
674 2422 774 2444 nono
800 2412 1026 2444 santissimus
1058 2409 1274 2444 Antiochiae
1314 2407 1519 2456 patriarcha
1544 2407 1745 2454 Theophy·

262 2462 377 2495 lactus
406 2465 522 2493 morte
549 2458 759 2492 obdormiit.

73 2513 114 2547 A.
128 2512 246 2561 C.743
354 2508 572 2543 Antiochiae
599 2507 763 2552 episcopi
789 2505 978 2539 Theodori
1005 2517 1119 2539 annus
1145 2505 1293 2551 primus.

356 2557 434 2590 Hoc
459 2566 554 2589 anno
585 2554 871 2589 Christianorum
911 2555 1097 2600 plurimos,
1135 2565 1200 2586 ceu
1225 2551 1452 2598 principibus
1481 2562 1599 2598 nuper
1625 2550 1742 2585 domi-

261 2605 363 2638 nium
379 2604 523 2650 adeptis
541 2603 716 2648 sanguine
742 2603 899 2642 iunctos,
922 2602 1152 2647 Antipatride
1168 2602 1393 2635 Palaestinae
1420 2600 1549 2634 dolose
1575 2610 1742 2645 compre-

260 2653 404 2694 hensos,
434 2651 570 2685 Arabes
613 2650 724 2684 duces
758 2649 803 2683 ad
837 2651 1081 2697 principatum
1119 2656 1283 2684 recenter
1314 2649 1430 2683 evecti
1469 2648 1698 2681 sustulerunt
1723 2658 1743 2681 e

261 2701 396 2734 medio.
448 2699 577 2733 eodem
614 2711 710 2732 anno
735 2699 1008 2739 Constantinus,
1044 2698 1335 2744 Theodosiopoli
1367 2708 1440 2730 una
1464 2707 1544 2730 cum
1573 2695 1743 2729 Melitine

260 2755 377 2794 capta,
402 2747 591 2781 Armenios
617 2748 656 2781 in
681 2747 892 2780 servitutem
918 2747 1026 2780 mitit.
1085 2746 1302 2781 Theodorus
1337 2751 1457 2778 aulem
1483 2744 1607 2777 vicarii
1647 2744 1743 2777 filius

262 2810 282 2832 e
308 2797 438 2831 minori
460 2796 633 2830 Armenia
662 2795 837 2829 oriundus
864 2794 1080 2830 Antiochiae
1103 2794 1308 2842 patriarcha
1337 2797 1568 2828 consecratus
1595 2797 1659 2826 est.
