1768 3106
271 135 383 203 482
830 150 1177 194 TnEoPHANJs

270 256 475 313 Νυμφίον
527 252 721 307 ποταμὸν
766 255 999 309 κατέλαβεν
1048 253 1119 296 τὸν
1170 249 1425 312 Εὐφράτην,
1483 255 1528 298 ἐν
1565 249 1628 306 οἷς
1668 253 1745 311 τήν

267 321 446 380 πλεκτὴν
470 325 666 379 γέφυραν
698 321 744 364 ἐκ
772 322 971 376 σχοινίων
999 338 1045 364 τε
1074 323 1147 365 καί
1171 321 1314 377 ἠνίων.
1385 320 1406 363 ὅ
1438 322 1484 365 δὲ
1516 325 1742 379 Σαρβαρα-

270 394 345 445 ζᾶς
374 393 450 447 τῆς
474 390 669 447 γεφύρας
707 388 761 432 τοὶ
792 393 961 444 σχοινία
989 388 1121 439 λύσας
1160 391 1263 445 μιᾶς
1293 385 1427 447 ὄχθης
1455 391 1529 433 ἐπὶ
1554 389 1629 445 τὴν
1658 387 1743 432 ἑτέ..

263 477 346 516 ραν
386 462 531 502 πᾶσαν
571 456 650 513 τὴν
689 460 886 513 γέφυραν
909 456 1171 514 μετήγαγεν.
1238 457 1377 500 ἐλθών
1415 459 1462 500 δὲ
1491 457 1513 500 ὅ
1541 458 1742 511 βασιλεὺς

262 527 420 583 καὶμὴ
451 524 591 582 εὑρών
632 526 819 578 περᾶσαι
857 525 929 568 διὰ
970 528 1045 581 τῆς
1070 524 1275 583 γεφύρας,
1318 524 1614 581 παραδραμών
1641 520 1768 580 εὗρεξ

260 596 403 652 πόρον·
459 596 533 637 καί
562 591 794 643 α’κινδύνως
823 597 971 636 τοῦτον
1005 595 1212 648 ἐπέρασεν
1244 593 1498 650 παραδόξως
1529 594 1588 651 τῷ
1609 597 1741 647 Mun*

260 665 336 723 τίῳ
365 660 494 719 μηνί·
551 662 626 703 καί
655 662 979 716 καταλαμβάνει
1015 661 1066 704 'cci
1099 659 1348 715 Σαμόσατα·
1408 660 1482 703 καί
1507 658 1635 703 πάλιν
1669 660 1742 703 τόν

267 734 436 786 Ταῦρον
464 729 676 787 ὑπερβάς,
714 730 775 779 εἰς
812 731 1122 785 Γερμανίκειαν
1165 732 1373 787 ἀφίκετο·
1449 727 1523 770 καὶ
1551 728 1740 784 περάσας

259 798 337 855 τήν
359 793 541 854 νΛδανα,
567 792 697 853 ἦλθεν
729 795 838 852 πρὸς
865 796 938 839 τὸν
954 798 1093 853 Σάρον
1122 799 1325 851 ποταμόν.
1382 796 1404 839 ὅ
1437 799 1485 840 δὲ
1511 796 1738 853 Σάρβαρος

259 867 389 910 πάλιν
416 864 494 922 τήν
522 867 714 922 γέφυραν
743 866 804 914 εἰς
825 862 898 907 τὸν
926 864 1036 908 ἴδιον
1065 862 1195 907 τόπον
1226 865 1421 922 ἐκτείνας,
1451 864 1526 908 τὸν
1554 864 1768 921 Ευ’φρά-ι

218 949 333 991 Βτην
363 936 570 989 ἐπέρασεν
600 931 941 986 ἀνεμποδίστως·
1018 934 1092 975 καί
1120 930 1344 989 ἠκολούθει
1373 932 1508 975 ὄπίσω
1537 933 1682 974 αὐτοῦ.
1712 932 1734 973 ὁ

257 1005 302 1045 δὲ
333 1001 537 1057 βασιλεὺς
575 1000 767 1057 περάσας
805 999 884 1055 τήν
926 1002 1118 1057 γέφυραν
1160 1001 1238 1042 τοῦ
1279 999 1451 1057 Σάρου,
1493 999 1567 1043 καὶ
1595 999 1736 1056 εὑρών

255 1070 496 1114 ἀνάπαυσιν
523 1071 600 1112 τοῦ
634 1084 679 1110 τε
705 1070 892 1124 στρατοῦ
931 1067 1005 1112 καί
1038 1071 1122 1111 τῶν
1155 1066 1339 1123 α’λὸγων,
1383 1071 1428 1111 ἐν
1457 1067 1576 1126 αὐτῷ
1606 1069 1735 1110 α’πλι-

254 1138 408 1188 κεύσας
441 1139 724 1179 διανέπαυσεν
755 1134 931 1186 αὐτούς.
991 1134 1308 1190 καταλαμβάνει
1338 1138 1386 1179 δὲ
1406 1138 1479 1179 καί
1504 1135 1528 1178 ὅ
1560 1134 1733 1191 Σάρβα-

251 1222 322 1262 ρος
349 1207 408 1255 εἰς
437 1203 484 1248 τό
516 1204 718 1261 ἀντίπερα
749 1205 892 1259 μέρος.
957 1203 1098 1260 εὑρών
1140 1206 1187 1247 δὲ
1228 1202 1304 1260 τήν
1345 1207 1540 1262 γέφυραν
1576 1206 1651 1246 καί
1677 1203 1729 1246 τά
1751 1216 1764 1243 1

250 1276 295 1316 ἐν
325 1274 431 1332 αὐτῇ
474 1273 718 1330 προπύργια
755 1271 837 1315 ὑπὸ
865 1273 1088 1326 Ῥωμαίων
1130 1274 1418 1329 κρατηθέντα,
1461 1274 1729 1328 η’πλίκευσεν.

250 1343 518 1398 ἐκτρέχοντες
547 1342 594 1383 δὲ
633 1339 706 1383 διὰ
747 1343 822 1396 τῆς
850 1340 1045 1397 γεφύρας
1076 1343 1227 1382 πολλοὶ
1267 1343 1353 1382 τῶν
1374 1340 1598 1394 Ῥωμαίων
1626 1341 1730 1382 α’τά-

249 1425 357 1459 κτως
387 1414 473 1458 τοῖς
500 1411 700 1465 Πέρσαις
738 1412 1025 1464 προσέβαλον
1100 1410 1175 1450 καί
1202 1406 1360 1463 πολλὴν
1404 1407 1619 1463 συγκοπὴν
1652 1404 1730 1450 αὗ-

248 1483 338 1525 τοῖς
366 1478 589 1533 ἐποίησαν·
660 1475 682 1517 ὃ
722 1477 768 1518 δὲ
807 1473 1012 1530 βασιλεῦς
1051 1475 1226 1524 τούτους
1256 1473 1512 1518 διεκώλυσεν
1539 1475 1729 1525 α’τάκτως

247 1545 424 1602 έκθέειν,
450 1543 602 1601 μήπως
631 1541 730 1593 ὁδὸς
762 1545 932 1601 γένηται
963 1550 1050 1594 τοῖς
1079 1542 1283 1593 ἐναντίοις
1313 1545 1534 1586 συνελθεῖν
1563 1544 1624 1592 εἰς
1654 1542 1762 1600 τῆνα

347 1683 374 1704 1.
404 1673 589 1720 Νυμφίον
615 1673 667 1714 A,
693 1674 888 1720 Νυμφίων
922 1670 1018 1715 vulg.
1153 1680 1186 1703 2.
1216 1667 1384 1716 σχοινῶν
1407 1668 1505 1714 vulg.
1639 1669 1658 1704 ὁ
1686 1670 1726 1706 δὲ

340 1718 545 1768 Στέρβαρος
566 1721 594 1754 A
619 1733 639 1755 a
666 1721 691 1755 f.
815 1722 849 1754 6.
874 1719 1103 1767 παραδόξως
1127 1717 1211 1751 add.
1239 1729 1282 1751 ex
1309 1718 1347 1751 A.
1472 1719 1505 1751 8.
1535 1718 1722 1765 Γερμανί-

339 1780 429 1804 κιαν
455 1769 484 1802 Α
511 1769 535 1802 f.
657 1781 691 1813 9.
715 1768 883 1805 ’.Ἀδαναν
909 1769 933 1801 s.
1054 1763 1121 1802 τὸν
1152 1766 1307 1813 Ταῦρον
1334 1777 1418 1801 ποτ.
1445 1776 1476 1797 a.
1584 1777 1634 1799 ιο.
1662 1766 1723 1801 τό-

339 1817 427 1864 πον]
453 1815 630 1864 ποταμὸν
652 1820 693 1852 Α.
821 1820 870 1862 ¹4·
896 1818 960 1850 καὶ
986 1814 1069 1849 add.
1098 1826 1142 1848 ex
1168 1815 1208 1847 A.
1345 1825 1395 1857 ¹7·
1422 1814 1656 1861 ἐκτρέχοντες
1681 1816 1721 1856 Α,

341 1866 438 1911 ἓντρ.
467 1866 561 1910 vulg.
665 1868 716 1901 18.
741 1868 983 1912 προσέβαλον
1000 1864 1041 1905 A,
1070 1863 1324 1910 προσέβαλλον
1347 1862 1441 1906 vulg.
1563 1858 1719 1909 πολλὴν]

338 1912 457 1949 πάλιν
477 1913 508 1947 A
534 1912 557 1946 b
582 1913 606 1947 f.
734 1925 785 1961 19.
814 1912 1038 1949 διεκώλυσεν
1063 1914 1104 1953 A,
1136 1910 1324 1947 ἐκώλυσεν
1350 1911 1447 1956 vulg.

241 2025 344 2068 ibat,
371 2033 408 2061 et
433 2027 616 2075 Nymphio
642 2040 746 2063 amne
775 2033 944 2076 superato
963 2054 972 2071 ‚
998 2028 1044 2062 ad
1075 2025 1294 2073 Euphratem
1321 2025 1509 2071 pervenit,
1536 2025 1597 2059 ubi
1622 2038 1714 2071 pons

242 2086 286 2108 ex
312 2076 460 2109 funibus
490 2084 526 2110 et
556 2078 644 2111 loris
670 2083 802 2112 stratus
827 2078 958 2111 suerat.
1025 2076 1238 2110 Sarbarazas
1265 2080 1385 2108 autem
1411 2073 1534 2119 pontis
1568 2074 1717 2110 funibus

242 2122 385 2163 solutis,
416 2135 459 2157 ex
484 2136 555 2157 una
580 2127 658 2171 ripa
685 2125 730 2158 ad
755 2126 904 2159 alteram
931 2130 1080 2171 pontem
1119 2135 1262 2157 omnem
1293 2121 1459 2155 adduxit.
1518 2121 1716 2157 adveniens

240 2170 450 2216 imperator,
476 2183 543 2205 nec
572 2184 644 2219 quo
673 2173 821 2207 fluvium
837 2178 1024 2219 superaret
1049 2173 1230 2217 reperiens
1254 2175 1415 2215 pontem,
1442 2171 1555 2216 ripam
1583 2169 1717 2205 decur-

240 2229 322 2252 rens
352 2229 504 2264 eamque
527 2227 783 2266 perscrutatus,
807 2220 950 2262 vadum,
976 2232 1047 2267 quo
1074 2220 1255 2259 transiret,
1285 2218 1434 2251 invenit.
1486 2218 1624 2264 absque
1650 2231 1716 2265 pe-

241 2266 355 2300 riculo
393 2267 516 2312 itaque
552 2280 673 2302 mense
710 2269 844 2303 Martio
887 2269 1021 2302 flumen
1057 2267 1202 2306 traiicit‚
1230 2272 1266 2299 et
1291 2266 1478 2299 Samosata
1504 2267 1711 2301 contendit:

239 2313 437 2360 Tauroque
453 2315 584 2349 iterum
599 2323 782 2362 superato,
798 2317 1061 2350 Germaniciam
1077 2315 1237 2361 appulit,
1264 2313 1498 2360 Adanamque
1522 2315 1713 2357 transiens,

239 2362 365 2396 Sarum
391 2362 524 2396 flumen
550 2364 683 2409 attigit.
736 2364 908 2398 San-barus
934 2370 1053 2398 autem
1088 2368 1200 2408 ponte
1228 2362 1416 2407 proprium
1445 2362 1484 2396 in
1508 2362 1626 2395 locum
1655 2374 1713 2396 re-

238 2411 367 2444 stituto
395 2410 612 2456 Euphratem
639 2411 743 2445 nullo
773 2412 918 2446 obiecto
957 2410 1216 2457 impedimento
1243 2409 1465 2455 pertransiit,
1491 2415 1528 2444 et
1553 2411 1711 2456 impera-

238 2458 328 2492 toris
353 2459 504 2503 vestigia
528 2459 760 2505 sequebatur.
825 2461 902 2506 ipse
939 2461 1134 2506 imperator
1163 2458 1239 2492 Sari
1280 2464 1428 2503 pontem
1457 2464 1710 2503 transgressus,

238 2518 317 2540 cuin
347 2506 523 2541 exercitui
559 2509 737 2554 equisque
772 2508 981 2553 reparandis
1017 2508 1135 2540 locum
1171 2505 1344 2539 idoneum
1373 2507 1578 2552 reperisset,
1603 2507 1641 2540 in
1666 2519 1708 2540 eo

238 2554 318 2587 fixis
345 2554 470 2588 castris
497 2555 681 2601 quiescere
711 2556 833 2590 iussit:
860 2556 1063 2600 oppositam
1100 2555 1257 2587 fluminis
1282 2560 1419 2600 partem
1448 2553 1620 2588 Sarbarus
1647 2567 1709 2588 oc-

237 2604 396 2647 cupavit.
461 2608 573 2649 ponte
607 2615 692 2637 vero
733 2610 770 2638 et
794 2603 952 2637 turribus
990 2602 1035 2635 ad
1067 2614 1147 2636 eum
1183 2603 1483 2648 propugnandum
1510 2602 1661 2636 obiectis
1689 2615 1709 2635 a

238 2650 396 2685 Romano
435 2651 550 2685 milite
588 2651 743 2686 detineri
768 2652 874 2693 visis,
915 2650 966 2684 ibi
1009 2657 1121 2684 castra
1160 2650 1345 2696 applicuit.
1396 2650 1502 2684 multi
1530 2661 1637 2696 porro
1663 2661 1709 2684 ex

235 2697 403 2732 Romanis
428 2700 670 2746 incomposito
707 2701 847 2744 agmine
873 2711 938 2746 per
962 2705 1109 2746 pontem
1142 2699 1179 2731 in
1208 2699 1329 2732 Persas
1365 2698 1601 2739 incurrentes,
1629 2710 1708 2731 ma·-

235 2755 339 2789 gnam
367 2758 490 2780 eorum
515 2753 669 2794 stragem
704 2747 863 2781 edidere.
932 2748 1128 2793 imperator
1152 2752 1289 2787 contra,
1331 2757 1379 2780 ne
1407 2746 1642 2780 tumultuario
1670 2752 1708 2780 et

234 2793 371 2841 absque
397 2795 523 2831 ordine
550 2795 802 2844 procederent,
828 2795 987 2838 vetabat,
1013 2807 1058 2830 ne
1088 2794 1300 2831 adversariis
1318 2805 1383 2841 per
1407 2800 1556 2841 pontem
1583 2805 1703 2828 secum
