1768 3106
271 166 385 222 526
821 195 825 206 2
847 186 1190 229 THEOPHANIS
1250 191 1253 196 ·

266 285 348 329 σύν
377 287 427 344 τῇ
455 285 566 346 νήσῳ
596 287 723 345 πάσῃ,
752 290 825 329 καί
849 286 1008 345 ταύτην
1035 288 1281 344 ἐλυμήνατο.
1339 284 1526 340 ἀκούσας
1555 290 1602 332 δὲ
1632 292 1725 333 Κα-

266 354 434 408 κόριζον
469 356 814 412 κουβικουλάριον
851 358 939 398 κατ’
967 355 1100 398 αὐτοῦ
1140 354 1244 409 μετά
1284 356 1480 412 πλείστης
1508 358 1727 412 δυνάμεως

258 419 494 480 Ῥωμαϊκῆς
522 421 762 479 ἐρχόμενον,
791 424 1045 466 α’νέπλευσεν
1081 425 1298 466 κατέναντι
1327 421 1523 482 Ἀράδου,
1551 423 1624 467 καί
1652 442 1728 467 κα-

262 488 472 543 θορμίσας
501 488 576 545 τὴν
603 486 762 532 ἑαυτοῦ
803 491 1055 532 ναυστολιάν
1092 489 1168 545 τήν
1199 492 1399 547 πολίχνην
1423 493 1501 547 τῆς
1523 491 1652 547 νήσου
1679 490 1724 534 τὸ

264 554 510 598 Κάστελλον
538 557 733 611 ἐπειρᾶτο
762 560 1038 611 παραλαβεῖν,
1070 558 1293 606 παντοίαις
1322 564 1534 614 μηχαναῖς
1559 558 1766 614 χρώμε·5

264 638 346 672 νος.
401 625 535 679 μηδὲν
564 625 611 666 δὲ
641 623 881 680 ε’ξισχύσας,
908 626 1064 678 πέμπει
1098 622 1200 679 πρὸς
1231 623 1387 674 αὐτούς
1417 626 1638 668 ἐπίσκοπόν
1663 643 1728 669 τι..

222 698 330 747 Dm,
363 690 620 746 Θωμάριχον
639 687 854 748 τοῦνομα,
883 692 1077 748 ἐκφοβῶν
1118 692 1276 742 αὐτούς
1306 693 1483 749 ἀφιέναι
1505 692 1580 749 τὴν
1608 692 1730 735 πόλιν

266 757 340 800 καί
372 756 663 808 ὑποσπόνδους
685 754 816 814 εἶναι,
852 760 1006 810 ἐξιέναι
1051 760 1098 803 δὲ
1126 761 1201 815 τῆς
1228 758 1372 815 νήσου.
1430 759 1488 809 ὦς
1519 755 1596 803 οὖν
1621 758 1731 817 πρὸς

246 823 422 875 ἀὐτοὺς
464 823 593 883 εἰσῄει
632 825 655 868 ὅ
687 828 938 879 ἐπίσκοπος,
967 829 1115 870 τοῦτον
1151 827 1384 883 ἐκράτησαν
1410 825 1540 880 ἔνδον,
1572 829 1730 885 Μαυῖᾳ

266 894 314 934 δὲ
346 892 423 935 οὔκ
451 888 579 944 εἶξαν.
619 895 710 936 ’καί
741 892 791 949 δὴ
823 891 1027 949 α’νονήτου
1058 897 1281 951 γενομένης
1308 896 1382 951 τῆς
1410 892 1518 937 κατὰ
1537 888 1728 950 ’Ἄραδον
1746 911 1759 937 ι

265 962 535 1017 πολιορκίας,
564 960 823 1018 ἀνέστρεψεν
866 962 926 1011 εἰς
962 960 1195 1016 Δαμασκόν
1213 996 1225 1016 ,
1251 962 1348 1005 ἐπεὶ
1371 960 1393 1005 ὃ
1416 959 1581 1017 χειμών
1608 963 1729 1005 κατέ-

68 1074 76 1082 ,
266 1030 406 1082 λαβεν.
1604 1032 1607 1035 ’

57 1103 249 1148 Α.Μ.6ι4ι
383 1093 523 1154 Τούτῳ
548 1098 609 1154 τῷ
642 1093 724 1139 ἔτει
755 1094 1086 1152 ἐπεστράτευσεν
1117 1094 1138 1137 ὅ
1162 1097 1344 1146 Μαυῖας
1373 1094 1478 1139 κατὰ
1504 1099 1577 1152 τῆς
1603 1096 1732 1154 Ἀρά-

268 1164 344 1205 δου
370 1165 570 1220 σφοδρῶς
597 1163 956 1219 παραταξάμενος,
987 1166 1061 1205 καί
1087 1162 1242 1220 ταύτην
1269 1163 1377 1222 λόγῳ
1404 1166 1643 1220 παρέλαβεν
1673 1165 1734 1212 εἰς

267 1230 312 1273 τὸ
347 1236 551 1273 κατοικεῖν
588 1229 749 1280 αὐτούς
783 1229 888 1273 ἔνθα
914 1230 1159 1285 βούλονται·
1211 1230 1298 1287 ’τήν
1329 1234 1377 1273 δὲ
1405 1231 1528 1274 πόλιν
1558 1232 1763 1287 §venen-1

136 1306 174 1339 P.
189 1305 257 1339 286
269 1315 351 1355 σεν,
382 1300 453 1343 καί
482 1299 762 1355 ἀπετείχισεν,
795 1300 867 1341 καί
891 1297 968 1354 τήν
997 1299 1124 1354 νῆσον
1153 1297 1347 1355 ἀοίκητον
1368 1300 1628 1355 κατέστησεν,
1655 1297 1735 1348 ἕως

270 1368 345 1408 τοῦ
369 1368 455 1408 νῦν.
1457 1414 1465 1420 λ

387 1435 456 1492 Τῷ
484 1435 521 1476 δ’
549 1432 665 1491 αύτῷ
689 1432 773 1475 ἔτει
796 1435 961 1488 γέγονεν
977 1434 1022 1476 ἐν
1045 1431 1186 1491 Ῥώμῃ
1206 1431 1382 1484 σύνοδος
1406 1430 1486 1485 §uqi
1504 1435 1736 1490 Μαρτίνου

53 1553 59 1559 .
267 1503 345 1544 τοῦ
372 1501 492 1542 πὰπα
518 1499 623 1543 κατὰ
650 1501 733 1543 τῶν
764 1501 1072 1555 μονοθελητιὸν.

59 1575 254 1620 A.M.Gn42
383 1567 524 1627 Τούτῳ
563 1570 623 1627 τῷ
664 1567 745 1611 ε”τει
786 1566 1158 1625 στρατοπεδάρχης
1196 1566 1275 1611 σύν
1307 1573 1394 1618 τοῖς
1413 1563 1608 1624 ”Aenum
1636 1568 1768 1615 ἕπε-ο,

368 1728 397 1750 ι.
423 1717 488 1750 καὶ
515 1715 683 1764 Κόριζον
707 1716 748 1751 Α.
859 1716 892 1749 3.
917 1711 1010 1751 κατα
1040 1716 1194 1753 ἐναντία
1214 1714 1341 1751 Ῥόδου
1367 1716 1397 1750 Α
1423 1727 1444 1749 a
1470 1715 1496 1750 f.
1611 1717 1643 1761 4.
1667 1715 1734 1752 τὸν

362 1767 412 1798 Κ.
442 1765 536 1809 vulg.
640 1777 689 1798 ιο.
713 1766 917 1811 γενομένης
941 1766 991 1806 Α,
1016 1769 1223 1813 γενομένου
1246 1766 1340 1810 vulg.
1455 1776 1507 1798 ιι.
1533 1764 1575 1800 ἓν
1598 1765 1733 1813 Δαμά-

366 1822 442 1859 σκῳ
472 1814 512 1846 Α.
631 1813 682 1847 ι3.
711 1814 772 1856 τῆς
795 1812 879 1846 add.
905 1824 950 1846 ex
981 1814 1023 1846 A.
1147 1815 1199 1848 16.
1229 1811 1281 1852 ὥς
1309 1814 1374 1849 τοῦ
1399 1812 1470 1849 νῦν
1495 1813 1591 1858 vulg.

270 1951 357 1984 tiam
382 1951 564 1986 civitatem
591 1952 708 1998 cepit,
733 1952 937 1986 universam
967 1951 1109 1997 subegit
1133 1951 1301 1993 insulam,
1337 1957 1374 1985 et
1399 1962 1564 1996 magnum
1590 1951 1628 1985 in
1656 1962 1735 1986 eam

269 1999 525 2033 detrimentum
541 2001 677 2035 intulit.
699 2012 778 2034 cum
794 2012 878 2034 vero
895 2001 1102 2034 Cacorizum
1122 1999 1380 2034 cubicularium
1397 1999 1585 2032 adversum
1605 2011 1641 2032 se
1657 2011 1736 2034 cum

269 2048 434 2081 maximis
459 2049 698 2082 Romanorum
724 2049 836 2094 copiis
863 2047 1035 2082 advenire
1067 2047 1220 2089 audiret,
1258 2048 1407 2081 classem
1433 2046 1586 2080 Aradum
1615 2059 1737 2081 versus

270 2094 443 2137 divertit,
471 2096 536 2129 ubi
565 2097 686 2130 classis
714 2096 885 2130 bellicum
923 2108 1065 2130 omnem
1093 2101 1305 2142 apparatum
1330 2094 1374 2128 ad
1398 2095 1538 2127 insulae
1563 2094 1737 2140 oppidum

271 2154 499 2184 exonerans,
533 2143 707 2178 machinis
735 2145 902 2178 omnibus
937 2144 1110 2178 adhibitis
1134 2144 1319 2178 castellum
1355 2153 1529 2187 occupare
1556 2143 1735 2177 tentabat.

271 2190 460 2224 conatibus
483 2191 571 2225 licet
590 2193 745 2226 strenuis
770 2204 895 2238 parum
920 2197 984 2225 aut
1007 2192 1102 2225 nihil
1128 2190 1416 2230 succedentibus,
1435 2191 1639 2236 episcopum
1669 2202 1738 2224 no-

272 2240 370 2271 mine
399 2238 702 2281 Thomarichum,
728 2246 769 2274 ut
792 2240 916 2274 urbem
944 2241 1020 2273 eius
1048 2240 1221 2285 potestati
1245 2239 1516 2284 permitterent,
1542 2240 1738 2284 vectigales

272 2292 432 2330 agerent,
458 2297 499 2319 ac
525 2287 671 2320 tandem
686 2288 804 2321 insula
825 2288 971 2322 omnino
990 2287 1221 2328 decederent,
1248 2286 1353 2319 minis
1379 2291 1417 2318 et
1431 2286 1628 2319 terroribus
1655 2297 1737 2319 sua-

272 2346 394 2367 surum
417 2334 526 2368 misit.
590 2341 632 2368 ut
655 2335 780 2369 urbem
808 2337 985 2380 ingressus
1014 2341 1068 2369 est
1102 2335 1314 2380 episcopus,
1350 2333 1444 2367 cives
1469 2334 1563 2367 intra
1592 2336 1738 2368 moenia

271 2392 391 2415 secum
414 2381 626 2424 detinuere,
656 2389 693 2416 et
714 2383 854 2417 Maviae
879 2383 1067 2429 imperium
1095 2383 1349 2416 detrectavere.
1374 2380 1608 2427 quamobrem
1635 2383 1738 2415 irrita

272 2430 382 2464 Aradi
405 2429 613 2470 obsidione,
642 2442 722 2464 cum
751 2432 865 2463 hiems
891 2436 1101 2477 appeteret,
1130 2431 1337 2463 Damascum
1364 2440 1401 2462 se
1428 2431 1574 2475 recepit.

85 2484 126 2519 Α,
140 2483 178 2517 C,
191 2483 255 2530 641
367 2477 444 2512 Hoc
467 2489 561 2511 anno
588 2477 724 2511 Mavias
751 2478 880 2512 educto
905 2485 941 2512 et
976 2478 1174 2523 composito
1201 2478 1359 2511 exercitu
1387 2477 1556 2510 adversus
1583 2477 1738 2511 Aradum

274 2537 372 2559 arma
404 2525 593 2560 convertit.
643 2526 743 2559 iilam
771 2538 855 2559 vero
882 2538 923 2559 ea
943 2526 1153 2560 conditione
1188 2527 1296 2572 cepit,
1323 2530 1362 2558 ut
1385 2524 1572 2570 oppidani,
1598 2525 1662 2558 ubi
1690 2526 1740 2558 Ιί-

273 2574 425 2615 buisset,
446 2572 610 2607 habitare
634 2579 806 2619 possent,
832 2574 954 2607 urbem
979 2585 1063 2606 vero
1097 2574 1178 2617 igne
1203 2572 1398 2612 succendit,
1424 2573 1568 2606 moenia
1595 2574 1738 2613 evertit,

274 2627 311 2656 et
348 2633 460 2669 usque
495 2622 534 2655 in
569 2619 786 2655 hodiernum
827 2621 922 2655 diem
956 2621 1075 2654 effecit
1121 2622 1274 2655 insulam
1309 2621 1437 2654 incolis
1473 2620 1639 2654 omnibus
1672 2620 1738 2653 de-

273 2675 417 2704 sertam.

367 2717 502 2752 Eodem
527 2729 623 2752 anno
652 2716 844 2750 concilium
869 2718 1001 2750 Romae
1027 2728 1046 2749 a
1064 2717 1223 2750 Martino
1247 2728 1342 2764 papa
1369 2715 1580 2750 damnandis
1607 2726 1738 2749 mono-

274 2766 422 2800 theletis
441 2766 663 2800 celebratum
689 2770 754 2798 est.

89 2815 260 2861 A.c.642
364 2814 442 2848 Hoc
470 2825 564 2848 anno
592 2813 823 2847 Arabicorum
864 2818 1054 2846 castrorum
1087 2812 1291 2858 praefectus
1330 2813 1368 2845 in
1393 2812 1562 2845 Isauriam
1588 2811 1737 2856 impres-
