1708 3172
504 205 847 248 THEOPHANJS
888 204 1033 247 VlTA.
1418 207 1504 246 XL!

42 304 220 364 ὤμοισιν
246 303 442 363 ἄραντες,
472 304 542 351 οἷά
562 326 655 351 τινα
683 308 857 361 κιβωτὸν
884 306 1088 362 ἐκόμιζον,
1118 302 1167 348 οὗ
1186 307 1367 358 στάμνον
1386 304 1512 358 ἐΰξου·

41 393 121 418 σαν
148 375 269 418 ἔνδον
297 375 550 430 ἀγνωμόνων
577 377 742 433 τροφῆς·
765 373 1077 431 φυλακτήριον,
1107 372 1179 414 καί
1205 370 1367 421 πλάκας
1396 375 1512 414 λιθί-

42 461 137 499 νας,
181 446 256 485 καί
286 441 390 498 τῆν’
402 434 564 497 ῥάβδον
595 447 616 465 ⁴
644 474 655 485 .
684 475 694 484 .
724 475 734 483 .
760 458 867 494 μων.
924 443 1002 483 τοῦ
1040 441 1237 492 σώματος
1256 456 1268 467 ·
1329 436 1351 479 ὅ
1383 438 1512 491 μόνος

43 511 182 562 δείξας
209 506 365 566 ‹iveni›-
394 505 613 565 άνωτέραν
637 508 789 563 μώμου
805 506 993 560 ·παν·ιός,
1023 506 1243 561 οἶμβλύνας
1268 522 1314 548 τε
1344 504 1511 562 φθόνου

5 580 191 631 5κέντρα
232 578 284 634 τῇ
324 578 487 634 φυσικῇ
523 574 795 632 γαληνότητι·
865 574 887 617 ὅ
942 578 1119 627 θεσμοῖς
1166 572 1331 628 α’γάπης
1366 571 1513 626 ἑξόχος

42 642 334 696 λαμπόμενος·
402 640 424 684 ὅ
466 645 604 685 πίστει
642 645 777 698 μηδὲν
817 639 1089 698 ἀμφήριστον
1129 642 1356 697 κεκτημένῃ
1383 638 1513 692 μόνος

42 709 335 791 φραξάμενος,
372 709 447 752 καί
484 709 536 752 τὰ
578 714 663 752 τῶν
694 712 894 752 ἐναντίων
926 708 1175 762 καταβαλών
1217 706 1511 760 ὀχυρώματα·

41 777 63 819 ὁ
92 778 232 819 ἑλπίδι
263 779 458 831 ἶζριστοῦ
494 781 546 833 τῇ
583 776 866 834 ἑρραγεστάτῃ
910 774 981 818 διά
1012 778 1104 829 βίον
1133 772 1511 829 θωρακισάμενος,

41 861 107 886 και
123 843 175 887 τά
194 847 277 887 τῶν
303 845 517 897 πολεμίων
549 847 605 887 δι’
634 845 762 899 αὐτῆς
798 847 900 900 βέλη
928 841 1053 900 κωφοὶ
1084 845 1213 884 πᾶσιν
1242 841 1514 921 έναποδείξας

5 915 117 956 onai
144 911 334 965 μάταια·
390 929 413 954 ο
440 911 625 965 ποταμὸς
652 914 734 954 τῶν
751 909 1031 966 χαρισμάτων
1059 925 1136 952 του
1163 907 1429 962 πνεύματος·
1486 923 1508 948 ο

44 981 183 1021 πᾶσαν
210 979 392 1034 καρδίαν
433 977 647 1035 ιλαρύνων
674 985 766 1029 ταῖς
791 977 963 1034 χάρισι·
1033 977 1056 1019 ὅ
1084 978 1161 1019 τοῦ
1191 979 1264 1032 τῆς
1291 974 1512 1031 ἐκκλησίας

43 1044 334 1102 στερεώματος
361 1041 519 1097 ιῖδυτος
546 1045 690 1103 ἥλιος·
750 1047 772 1088 ὅ
804 1049 935 1102 κόρας
950 1048 1031 1099 μὲν
1057 1043 1320 1100 αἶρεσιωτῶν
1347 1041 1512 1097 ἅμβλύ-

42 1130 119 1163 νας
144 1115 196 1171 τῇ
226 1115 312 1156 τῶν
350 1113 575 1169 δογμάτων
602 1115 883 1170 λαμπρότητι,
923 1112 1072 1168 ψυχάς
1099 1114 1145 1154 δὲ
1173 1113 1390 1168 θεοφιλῶν
1415 1125 1514 1164 χει-

42 1180 292 1236 ραγωγῆσας
315 1179 423 1233 πρός
451 1182 590 1223 πίστιν
616 1179 866 1236 ἀμώμητον.

8 1247 28 1260 ν

6 1262 30 1288 a
159 1246 214 1291 Τὸ
245 1250 331 1290 τῶν
359 1244 553 1290 ἀσθενῶν
580 1250 783 1304 ἷατήριον,
811 1249 897 1290 τῶν
923 1244 1156 1290 πταιόντων
1178 1245 1226 1288 τὸ
1257 1244 1513 1302 ἱλαστήριον,

43 1317 163 1357 δίδου
190 1330 266 1367 μοι
303 1317 389 1358 τῶν
427 1317 701 1369 ἐπικειμένων
743 1314 993 1372 νοσημάτων
1033 1316 1284 1369 ἐλευθερίαν
1315 1312 1513 1368 τάχιστα,

42 1384 111 1424 ἳνα
133 1383 285 1439 ῥαΐσας
325 1386 451 1439 φανῶ
488 1381 616 1425 πάλιν
652 1382 789 1439 ἱκέτης
830 1381 1097 1439 εὕχάριστος.
1170 1382 1290 1424 δίδου
1327 1395 1401 1434 μοι
1429 1382 1513 1422 τῶν

42 1449 252 1506 ὁσημέραι
287 1451 624 1505 προσγινομένων
651 1449 943 1507 περιστάσεων
981 1448 1289 1507 ἀπολύτρωσιν,
1317 1448 1388 1490 ἵνα
1418 1452 1515 1496 ταῖς

43 1516 283 1567 καλλίσταις
310 1520 395 1560 τῶν
424 1518 617 1572 πράξεων
646 1516 942 1573 ἑκδαπανήσας
968 1517 1014 1560 τὸ
1046 1515 1277 1571 δύνασθαι,
1305 1518 1511 1573 δημιουρ-

0 1597 29 1622 o
42 1583 114 1638 γὸν
160 1583 387 1640 ἐπιγράψω
441 1587 525 1628 τῶν
574 1586 916 1641 κατορθωμάτων
971 1587 1243 1643 σαφέστατα,
1290 1581 1513 1639 ἇμαρτιῶν

44 1652 214 1706 α’γνοίας
243 1653 316 1695 καί
330 1652 519 1710 νεότητος
534 1652 649 1710 παρά
668 1655 774 1696 θεοῦ
796 1655 882 1697 τῶν
899 1655 1013 1708 ἐμῶν
1032 1651 1252 1703 α’ποκοπάς
1278 1650 1513 1709 αἰτησάμε-

138 1802 172 1835 3.
197 1801 309 1834 Deest
333 1812 442 1834 unum
467 1801 615 1834 folium:
647 1813 714 1834 nec
737 1802 854 1835 minus
878 1802 916 1834 in
945 1801 1157 1847 Lipomano,
1184 1801 1251 1834 etsi
1276 1800 1375 1834 iuius
1400 1800 1514 1834 inter-

140 1860 220 1893 pres
242 1849 346 1882 velut
361 1849 463 1882 nulla
488 1854 582 1882 esset
599 1848 726 1882 racuna
748 1855 877 1883 cuncta
900 1850 1096 1883 connectit.
1120 1859 1189 1894 mg.
1213 1850 1289 1883 Par.

44 1963 142 1996 iuter
167 1968 288 2008 patres
317 1963 398 1997 loco
437 1964 627 1997 constituti
656 1964 721 1996 viri
760 1963 904 1997 nobiles
931 1964 968 1998 in
998 1964 1169 1998 humeros
1194 1963 1387 2005 sublatum,
1414 1963 1514 1997 velut

45 2021 159 2043 arcam
188 2011 368 2056 quandam
384 2011 591 2056 gestabant3
620 2012 656 2044 in
681 2023 751 2057 qua
775 2023 851 2045 non
874 2023 963 2045 urna
988 2017 1066 2046 erat
1080 2012 1212 2058 ingrati
1236 2011 1366 2058 populi
1395 2011 1514 2044 cibum

44 2070 270 2100 conservans,
295 2071 369 2093 non
387 2059 555 2105 lapideae
568 2059 730 2099 tabulae,
754 2070 828 2093 nou
852 2060 952 2105 virga
976 2061 1096 2094 Aaron
1120 2084 1278 2094 .....
1306 2060 1368 2105 qui
1395 2059 1513 2093 virtu-

43 2112 116 2140 tem
140 2107 237 2139 omni
266 2107 544 2153 reprehensione
574 2108 794 2152 superiorem
820 2107 1052 2149 ostenderat,
1079 2109 1277 2153 innataque
1303 2107 1516 2153 tranquilli-

42 2160 119 2187 tate
146 2154 304 2188 invidiae
335 2155 480 2189 aculeos
506 2155 723 2194 obtuderat3
751 2155 815 2202 qui
843 2155 1031 2190 charitatis
1057 2155 1261 2200 insignibus
1287 2156 1416 2188 eximie
1440 2155 1516 2188 cla·

44 2208 186 2245 ruerat3
212 2204 274 2249 qui
301 2203 393 2243 fide,
419 2204 475 2236 cui
501 2203 596 2236 nihil
625 2203 834 2248 ambiguum
859 2209 924 2245 est,
962 2204 1002 2237 in
1026 2203 1154 2250 primis
1178 2203 1429 2249 praestiterat,
1457 2203 1516 2236 in·

43 2261 116 2295 que
145 2261 186 2284 ea
211 2250 496 2289 adversariorum
516 2252 739 2285 munitiones
757 2256 959 2294 everterat3
984 2253 1046 2298 qui
1070 2263 1134 2297 spe
1154 2250 1287 2285 Christi
1314 2251 1514 2284 firmissima

43 2298 144 2332 velut
165 2298 315 2332 thorace
352 2299 513 2333 munitus
550 2305 661 2346 atque
701 2305 906 2346 protectus,
932 2298 1089 2334 hostium
1124 2299 1198 2333 tela
1223 2310 1369 2345 prorsus
1393 2299 1515 2332 inania

43 2346 227 2392 stultaque
256 2346 487 2388 ostenderat3
523 2348 588 2393 qui
630 2347 809 2381 donorum
835 2348 985 2393 spiritus
1017 2347 1148 2381 fluvius
1176 2353 1271 2390 erat3
1300 2347 1363 2392 qui
1388 2352 1516 2392 pectus

45 2405 150 2427 omne
190 2394 325 2440 quibus
358 2393 530 2428 affluebat
563 2396 713 2440 gratiis,
738 2395 979 2439 exhilararet,
1013 2396 1052 2428 in
1085 2395 1259 2429 ecclesiae
1287 2394 1515 2428 firmamento

45 2441 101 2474 sol
136 2453 300 2476 occasum
329 2442 521 2483 nesciens,
564 2454 778 2490 semperque
819 2443 961 2477 lucidus
995 2448 1114 2477 esset·
1149 2443 1212 2489 qui
1248 2442 1516 2476 haereticorum

46 2489 169 2523 oculos
194 2489 381 2524 doctrinae
407 2490 602 2535 splendore
627 2491 912 2538 perstrinxerat,
935 2491 1151 2538 piorumque
1171 2491 1311 2525 animos
1336 2490 1383 2524 ad
1408 2490 1516 2524 fidem

46 2536 266 2581 inculpatam
293 2538 484 2572 direxerat.

141 2585 172 2618 Ο
197 2586 462 2630 aegrotantium
486 2586 648 2620 medice!
712 2597 734 2620 o
762 2592 991 2632 peccatorum
1017 2587 1245 2633 propitiatiO,
1272 2586 1403 2630 largire
1427 2584 1516 2618 mihi

45 2631 199 2666 celerem
231 2645 388 2668 mearum
425 2633 693 2678 aegritudinum
730 2636 978 2668 curationem:
1028 2641 1067 2668 ut
1100 2640 1311 2679 recuperata
1348 2633 1516 2674 sanitate,

44 2691 184 2713 rursum
218 2681 264 2714 ad
289 2688 327 2715 te
354 2682 508 2727 supplex
533 2681 699 2715 accedam
716 2708 726 2723 ‚
748 2683 914 2738 gratique
950 2682 1061 2715 animi
1085 2682 1333 2716 testimonium
1358 2683 1516 2714 afferam.

46 2727 161 2760 libera
188 2740 244 2761 me
269 2740 289 2761 a
314 2730 509 2774 perieulis.
535 2740 630 2775 quae
657 2730 824 2775 quotidie
851 2730 1064 2771 imminent,
1090 2735 1130 2763 ut
1156 2740 1235 2763 cum
1262 2728 1517 2774 pulcherrimis

45 2775 152 2808 factis
178 2788 244 2823 pro
270 2777 368 2810 virili
395 2789 472 2811 mea
499 2777 724 2818 incubueru,
746 2778 892 2811 illorum
917 2784 954 2811 te
985 2783 1166 2811 auctorem
1191 2776 1380 2822 perspicue
1405 2787 1517 2820 agno-

45 2834 149 2858 scam.
197 2824 421 2869 ignorantiae
458 2837 498 2858 a(=
524 2826 724 2859 iuventutis
759 2825 891 2860 delicta
919 2837 997 2860 mea
1034 2825 1155 2860 divina
1184 2824 1324 2858 aboleri
1353 2823 1513 2858 clemen-
