1786 3204
236 135 347 201 204
777 157 1128 202 THEOPHANis

228 257 290 312 7¹23
317 254 640 312 κατηνάγκαζεν.
715 258 756 302 οἱ
785 260 833 302 δὲ
864 261 940 316 τῆς
984 262 1206 314 βασιλείας
1243 261 1319 303 καί
1345 262 1420 316 τῆς
1450 258 1557 320 ἑῴας
1585 258 1708 316 ἐδεή-

227 325 369 378 θησαν
399 323 582 379 Φήλικος
610 324 715 380 μετὰ
744 325 931 370 θάνατον
956 330 1211 382 Σιμπλικίου
1244 330 1324 370 τοῦ
1345 329 1510 386 Ῥώμης
1539 327 1708 372 ἐπισκό-

187 401 338 446 C⁷1⁰v‚
367 393 640 447 σημαίνοντες
676 390 872 437 Ἀκάκιον
914 390 1023 437 εἶναι
1052 393 1190 438 αἴτιον
1227 396 1312 439 τῶν
1340 399 1493 439 κακῶν.
1565 398 1612 440 ἐν
1644 392 1708 447 οἷς

227 456 302 499 καί
321 454 517 516 Ἰωάννης
558 459 580 502 ὅ
609 461 913 518 Ἀλεξανδρεύς
940 461 988 504 τὸ
1032 462 1138 505 αὐτὸ
1169 464 1301 518 λέγων
1330 462 1407 519 την
1431 459 1600 520 Ῥώμην
1631 479 1709 505 κα-

227 526 420 579 τέλαβεν.
479 528 613 584 Φήλιξ
643 530 690 571 δὲ
718 526 896 572 σύνοδον
946 530 990 572 έν
1022 531 1079 587 τῷ
1107 531 1194 589 ναῷ
1223 532 1301 572 τοῦ
1331 532 1572 589 κορυφαίου
1603 530 1746 580 ἀπο-5

227 592 382 635 στόλου
401 596 580 651 Πέτρου
613 594 805 654 ποιήσας,
837 595 914 638 δύο
937 596 1193 648 ἐπισκόπους
1224 600 1299 641 καί
1326 597 1490 641 ἔκδικον
1516 595 1708 653 ἔπεμψεν
1752 616 1756 620 ’

225 661 271 703 ἔν
301 661 768 719 Κωνσταντινουπόλει,
797 663 969 721 γράψας
999 665 1165 722 Ζήνωνι
1206 669 1281 709 καί
1303 665 1484 725 Ἀκακίῳ
1514 667 1710 721 ἐκβαλεῖν

225 729 401 785 Πέτρον
430 728 502 772 τὸν
533 729 714 786 ΙΠΟγγόν
743 731 802 782 ὦς
829 730 1044 788 αἱρετικόν
1063 734 1137 788 τῆς
1166 735 1398 791 ἐκκλησίας.

11 805 216 854 A.M.59;·9
343 794 487 856 Τούτῳ
518 799 577 855 τῷ
612 796 698 841 ἔτει
729 803 815 842 τῶν
856 797 940 842 α’πὸ
966 799 1131 857 Ῥώμης
1161 804 1441 857 πεμφθέντων
1467 802 1514 845 έν
1540 801 1706 861 Ἀβύδῳ

226 866 525 920 κρατηθέντων
559 866 702 924 γνώμῃ
740 866 938 923 Ζήνωνος
980 869 1055 911 καί
1095 870 1321 926 Ἀκακιόυ,
1353 870 1428 912 καί
1453 871 1538 912 τῶν
1566 887 1706 926 γραμ-
1726 889 1772 916 ιο

181 930 374 984 Βμάτων
418 932 747 990 ἀφαιρεθέντων
785 936 860 978 καί
899 937 944 979 ἐν
982 940 1153 996 φρουρᾷ
1200 940 1473 994 βληθέντων,
1501 937 1704 994 ἠπείλησε

225 1003 374 1055 Ζήνων
418 1000 597 1052 τούτους
627 997 819 1059 ἀνελεῖν,
863 1004 904 1047 εἰ
950 1005 1011 1061 μὴ
1044 1006 1371 1062 κοινωνήσουσιν
1403 1006 1587 1064 Ἀκακίῳ
1634 1007 1709 1048 καί

109 1072 205 1120 V·9¹
225 1071 381 1127 Πέτρῳ
411 1070 470 1127 τῷ
498 1072 674 1128 Donqu.

11 1137 210 1187 A.M.5980
343 1135 490 1195 Τούτῳ
530 1139 590 1196 τῷ
616 1135 699 1180 ἔτει
720 1132 854 1190 ’Ἰλλος
900 1138 973 1181 καί
1000 1139 1204 1191 Λεόντιος
1235 1140 1342 1196 μετὰ
1373 1137 1554 1191 πολλοὺς
1580 1142 1705 1183 πολέ-

86 1204 124 1239 P·
149 1204 331 1259 Ιιίιμους
370 1203 444 1248 ἐπὶ
469 1204 769 1263 τέσσαρα-ἔτη
807 1206 1128 1265 φρουρούμενοι
1170 1210 1216 1251 έν
1253 1210 1309 1267 τῷ
1347 1210 1592 1267 Παπουρίῳ
1625 1213 1771 1255 ›ea-15

222 1274 395 1332 στελλίῳ
424 1272 721 1330 ἐχειρώθησαν
751 1276 957 1333 προδοσίᾳ
986 1278 1064 1318 τοῦ
1086 1276 1279 1333 ἀδελφοῦ
1295 1279 1367 1333 τῆς
1394 1278 1578 1333 γαμετῆς
1599 1280 1704 1333 Τρο-

223 1337 402 1383 κοὺνδου
447 1340 557 1400 δόλῳ
587 1345 855 1399 πεμφθέντος
898 1343 980 1386 ὑπὸ
1012 1342 1223 1400 Ζήνωνος.
1281 1344 1354 1387 καί
1383 1344 1704 1401 ἀπετμήθησαν,

222 1407 294 1450 καὶ
323 1407 368 1451 αἱ
397 1409 586 1466 κεφαλαὶ
610 1411 748 1453 αὐτῶν
787 1412 1070 1468 ἐπέμφθησαν
1112 1413 1170 1471 τῷ
1199 1410 1369 1468 Ζήνωνι
1397 1414 1473 1455 καί
1498 1414 1705 1469 εἰσήχθη-

221 1493 303 1520 σαν
332 1478 393 1529 εἰς
424 1477 600 1529 κοντούς
639 1480 684 1522 ἑν
724 1481 783 1536 τῷ
821 1478 978 1537 ἱππικῷ
1018 1480 1215 1524 κᾶκεῖθεν
1253 1481 1472 1538 ἑπάγησαν
1499 1483 1636 1538 πέραν
1658 1483 1703 1524 έν

316 1639 350 1682 4.
379 1639 443 1672 καὶ
467 1637 552 1672 add.
580 1650 624 1673 ex
649 1640 689 1673 A.
807 1637 1076 1688 Ἀλεξανδρεὺς
1098 1638 1139 1677 τὸ
1162 1638 1257 1677 ἀὐτὸ
1283 1642 1325 1685 Α,
1346 1641 1631 1689 Ἀλεξανδρείας
1653 1639 1701 1677 τὰ

315 1681 409 1720 αὐτὰ
436 1687 531 1731 vulg.
652 1690 685 1722 8.
713 1689 906 1732 ἐκκλησίας
956 1691 985 1723 A
1013 1702 1032 1722 e
1059 1690 1092 1732 f,
1117 1688 1403 1736 ζέλεξιινὸρείας
1424 1692 1520 1736 vulg.
1647 1702 1700 1724 12.

314 1735 595 1778 κοινωνησουσι
621 1735 659 1778 Α,
678 1735 945 1781 κοινωνήσωσι
968 1739 1065 1782 vulg.
1177 1742 1227 1784 ¹4·
1254 1735 1417 1779 πολλοὺς
1447 1740 1635 1787 πολέμους
1658 1740 1702 1781 A,

313 1784 416 1819 πολλ.
443 1779 531 1823 τοὺς
554 1784 637 1819 πολ.
666 1786 763 1829 vulg.
917 1798 968 1832 ¹7·
1009 1785 1283 1833 ἀπετμήθησαν
1322 1789 1345 1822 Α
1363 1814 1374 1830 ‚
1410 1786 1575 1835 (ἔπεμὴθ.
1603 1788 1698 1830 vulg.

320 1833 371 1866 ιδ.
398 1831 632 1878 εἰσήχθησαν
658 1833 687 1866 Α
712 1845 752 1874 e,
781 1835 1055 1880 εἰσηνέχθησαν
1085 1836 1180 1881 vulg.
1296 1848 1347 1880 ¹9·
1374 1838 1415 1874 ἐν
1439 1838 1582 1876 Συκαῖς
1605 1831 1703 1886 πρὸς

314 1884 375 1927 ῧρ.
402 1880 443 1923 A,
471 1884 523 1922 εἰς
543 1883 686 1921 Συκαῑς
713 1884 765 1922 εἰς
782 1886 846 1930 θρ.
871 1883 969 1929 vulg.

220 2029 344 2052 eorum
374 2019 546 2061 monitis,
589 2021 762 2067 Mongum
789 2022 944 2056 eundem
972 2023 1010 2057 in
1045 2024 1333 2057 communionem
1359 2023 1549 2058 admittere
1576 2023 1700 2070 impu-

221 2066 432 2100 (lentissime
466 2069 645 2114 compulit
671 2076 831 2105 cunctos.
882 2072 976 2105 cives
1014 2078 1134 2105 autem
1162 2071 1306 2105 urbium
1332 2073 1477 2117 reginae
1504 2073 1699 2120 cunctique

220 2114 329 2148 simul
356 2115 551 2149 orientales
578 2117 753 2161 Felicem,
785 2119 848 2165 qui
872 2126 956 2165 post
982 2119 1159 2165 Simplicii
1185 2119 1324 2153 obitum
1355 2121 1549 2154 Romanam
1579 2120 1701 2155 sedem

219 2162 383 2204 tenebat,
423 2164 606 2209 supplices
636 2166 806 2201 adierunt
839 2173 875 2201 et
905 2168 1080 2201 malorum
1112 2169 1273 2201 omnium
1300 2174 1482 2202 auctorem
1511 2169 1701 2203 incusave-

222 2216 308 2244 runt
334 2212 517 2244 Acacium.
569 2214 709 2248 interea
737 2216 891 2249 Ioannes
911 2215 1154 2249 Alexandriae
1184 2217 1330 2261 praesul
1356 2216 1446 2250 haee
1473 2216 1600 2250 eadem
1632 2217 1700 2252 de-

221 2259 400 2293 nuncians
427 2262 575 2295 Romam
601 2262 815 2307 ingreditur.
866 2264 970 2297 Felix
1003 2266 1127 2310 itaque
1153 2264 1294 2308 synodo
1322 2266 1359 2297 in
1388 2265 1584 2311 coryphaei
1607 2277 1699 2311 apo-

221 2307 397 2341 stolorum
438 2308 531 2342 Petri
571 2312 709 2356 templo
749 2316 894 2353 coacta,
940 2311 1031 2345 duos
1071 2313 1263 2358 episcopos
1300 2319 1336 2346 et
1373 2325 1444 2347 una
1470 2313 1701 2348 defensorem

221 2357 365 2403 Cpolim
409 2355 555 2402 ablegat
595 2359 803 2405 Zenonique
843 2365 881 2393 et
904 2360 1035 2393 Acucio
1072 2360 1204 2393 litteris
1246 2361 1438 2406 significat,
1474 2367 1515 2396 ut
1554 2362 1701 2396 Petrum

222 2405 396 2449 Mongum
425 2415 490 2437 ceu
532 2405 756 2440 haereticum
780 2407 999 2441 Alexandria
1025 2408 1184 2442 eiiciant.

36 2460 211 2508 A‚C‚479
316 2454 395 2487 Hoc
427 2464 523 2486 anno
551 2454 680 2498 legatis
706 2457 819 2489 Roma
856 2455 1027 2501 profectis
1073 2462 1110 2489 et
1145 2455 1242 2502 apud
1269 2457 1438 2501 Abydum
1475 2457 1626 2492 Zenonis
1664 2464 1702 2492 et

222 2501 344 2536 Aeacii
367 2502 521 2535 consilio
551 2502 723 2545 detentis,
747 2504 781 2536 vi
808 2514 956 2549 quoque
985 2504 1117 2538 ablatis
1144 2515 1267 2538 eorum
1293 2506 1427 2539 litteris
1472 2506 1636 2552 ipsisque
1661 2507 1701 2540 in

222 2561 399 2584 carcerem
426 2550 622 2592 coniectis,
648 2562 731 2592 eos,
759 2552 831 2585 nisi
869 2563 949 2585 cum
976 2552 1106 2586 Acacio
1147 2558 1185 2587 et
1208 2555 1310 2588 Petro
1337 2555 1472 2599 Mongo
1498 2555 1700 2588 communi-

224 2605 330 2640 cent,
362 2598 639 2632 interfecturum
656 2625 666 2640 ‚
690 2601 784 2632 Zeno
814 2601 1066 2633 comminatur.

32 2644 210 2689 A.C.48o
318 2646 395 2680 Hoc
418 2658 514 2680 anno
541 2647 630 2680 lllus
657 2653 694 2681 et
710 2648 898 2689 Leontius,
922 2648 1089 2694 plurimis
1109 2647 1199 2682 belli
1220 2649 1407 2683 laboribus
1436 2649 1642 2691 exantlatis,
1664 2656 1701 2684 et

224 2694 416 2729 obsidione
456 2701 633 2741 perpetua
668 2696 706 2729 in
738 2696 890 2741 Papurio
936 2697 1086 2731 castello
1128 2697 1254 2739 clausi,
1296 2698 1415 2732 fratris
1455 2698 1576 2732 uxoris
1605 2698 1699 2732 Tro—

224 2742 335 2777 cundi
375 2755 395 2776 a
421 2743 564 2778 Zenone
596 2744 633 2777 in
658 2744 755 2777 hunc
789 2745 898 2778 finem
931 2745 1032 2779 missi
1058 2744 1264 2791 proditione
1304 2746 1450 2780 tandem
1479 2746 1576 2792 capti
1617 2751 1702 2780 suut

224 2797 262 2826 et
289 2791 480 2827 decollati:
518 2803 643 2827 eorum
665 2804 747 2828 vero
782 2793 901 2840 capita
941 2792 987 2827 ad
1012 2794 1193 2828 Zenonem
1233 2795 1407 2830 translata
1440 2795 1630 2842 contisque
1659 2794 1700 2829 in
