1786 3204
262 141 366 200 108
802 157 1150 201 THEOPHANJS

252 266 421 319 δρυσεν,
453 260 510 312 ὦς
550 260 683 304 πολλοὶ
725 259 939 313 καμόντα,
985 259 1059 301 καί
1099 260 1175 315 τῆς
1204 256 1340 316 λώβης
1382 259 1469 301 τῶν
1517 256 1729 315 αἱρέσεων

251 330 329 386 τήν
381 328 604 385 ἐκκλησίαν
651 326 1015 381 ἐλευθερώσαντα.
1103 325 1221 375 τινὰς
1274 327 1320 368 δὲ
1368 326 1450 367 τῶν
1496 325 1542 375 ἐξ
1584 324 1725 379 Αἰγύ-

250 414 355 440 πτου
403 396 558 452 μαθών
600 395 620 437 ὁ
674 396 725 437 τὰ
764 392 900 436 πάντα
945 391 1081 449 σοφὸς
1122 395 1197 435 καί
1241 392 1571 448 μακαριώτατος
1611 396 1725 448 φθο-

249 463 455 520 νήσμντας
493 466 551 522 τῷ
577 462 807 519 πράγματι,
852 460 927 502 τόν
954 460 1255 515 συντακτὴριον
1303 461 1427 515 λόγον
1457 459 1726 512 ἐπιδειξάμε-

247 548 330 585 νος,
365 529 564 579 ἑκουσίως
590 531 666 572 τοῦ
693 528 853 583 θρόνου
885 529 957 582 τῆς
986 529 1206 581 βασιλίδος
1235 526 1504 583 ὑπεχώρησε.
1561 526 1721 570 τούτου
1740 531 1765 572 5

249 601 297 641 δὲ
327 596 662 652 ἄποταξαμένου,
693 594 927 651 Νεκτάριον
949 593 971 636 ὁ
1006 593 1212 648 βασιλευς
1255 596 1329 636 καί
1354 593 1379 649 ἦ
1411 594 1593 644 σύνοδος
1622 610 1726 649 προ·

246 667 508 719 χειρίζεται,
561 666 729 718 Ταρσέα
770 664 850 715 μὲν
891 663 950 719 τῷ
977 664 1113 716 γένει,
1154 659 1229 716 τὴν
1257 661 1335 703 τοῦ
1364 663 1647 717 Πραιτωριόυ
1680 662 1727 702 δὲ

249 731 389 786 ἀρχὴν
418 728 510 773 τότε
559 732 782 783 διέποντα,
815 730 1074 782 ἀβάπτιστον
1102 730 1181 781 μὲν
1214 727 1293 778 ἕως
1322 725 1419 770 τότε
1447 725 1727 783 τυγχάνοντα,

249 797 404 851 σεμνὸν
433 799 480 840 δὲ
508 799 581 840 καί
609 799 770 852 εὕλαβῆ
797 795 896 851 περὶ
924 798 1031 851 βίον.
1090 794 1116 852 ἦ
1150 798 1196 838 δὲ
1227 796 1329 851 ἁγία
1358 798 1432 839 καί
1459 796 1726 850 οἰκουμενικὴ

246 864 422 913 σύνοδος
460 862 505 907 τὸ
534 861 760 918 ὅμοούσιον
797 863 1009 918 ἐκύρωσεν
1027 899 1038 919 ,
1073 865 1337 919 προσέθηκεν
1367 865 1414 906 δὲ
1443 866 1500 920 τῷ
1525 862 1727 920 συμβόλῳ
1750 877 1786 904 ιε

207 926 318 981 Βκαί
346 930 421 985 τὴν
449 934 670 985 θεολογίαν
721 933 797 972 τοῦ
834 931 1085 984 πνεύματος.
1155 932 1325 982 ἐξέθετο
1369 931 1416 973 δὲ
1445 930 1520 972 καί
1548 929 1730 979 κανόνας

247 993 381 1048 ἒνηοῖς
408 1001 465 1056 τῷ
502 995 642 1057 θρόνῳ
685 1001 760 1053 τῆς
791 997 1275 1047 Κωνσταντινουπόλεως
1304 995 1357 1040 τὰ
1392 1002 1596 1053 πρεσβεῖα
1633 1000 1732 1047 νέας

238 1064 405 1121 Ῥώμης
452 1066 685 1118 ἀπένειμεν.
758 1062 849 1107 τότε
879 1064 1115 1121 Γρηγόριος
1144 1064 1166 1106 ὅ
1206 1062 1385 1121 Νύσσης
1413 1066 1488 1108 καί
1514 1063 1732 1120 Πελάγιος

244 1133 506 1181 Λαοδικείας
532 1129 735 1187 Εὐλόγιός
759 1148 804 1174 τε
829 1131 1027 1187 Ἐδέσσης
1062 1131 1136 1174 καί
1162 1133 1442 1189 Ἁμφιλὸχιος
1476 1133 1652 1176 Ἰκονιόυ
1685 1132 1730 1174 ἐν

243 1197 376 1257 ταύτῃ
408 1200 649 1255 διέλαμπον,
679 1197 759 1242 συν
785 1200 844 1258 τῷ
861 1198 1031 1258 μεγάλῳ
1064 1200 1105 1241 Γ
1104 1202 1286 1258 ρηγοριίρ
1317 1200 1393 1241 καί
1418 1206 1509 1250 τοῖς
1540 1216 1729 1256 προρρη·
1748 1202 1786 1243 ¹⁷5

243 1268 392 1309 θεῖσιν.
450 1263 475 1322 ἧ
507 1267 553 1308 δὲ
583 1266 681 1321 ἁγιά
714 1264 892 1316 σύνοδος
917 1264 1088 1323 Ἀρεῖόν
1116 1282 1160 1309 τε
1189 1265 1264 1308 καί
1291 1266 1511 1321 Ειῖσέβιον
1538 1267 1613 1309 τόν
1646 1269 1729 1309 Νι-

245 1334 470 1388 κομηδείας
510 1332 698 1385 Εὕζώϊόν
727 1349 770 1374 τε
800 1335 872 1375 καί
910 1332 1126 1388 Ἀκάκιον,
1161 1332 1349 1389 Θεόγνην
1379 1332 1454 1376 καί
1481 1333 1729 1390 Ειῖφρόνιον

244 1401 319 1442 καί
342 1399 440 1451 τούς
468 1401 640 1450 λοιποὺς
666 1398 1001 1453 οἷνεθεμάτισεν·
1063 1399 1170 1455 πρὸς
1197 1398 1362 1452 τούτοις
1393 1403 1440 1444 δὲ
1468 1402 1542 1444 καί
1571 1404 1727 1444 Inane-

248 1466 388 1511 δάνιον
432 1467 505 1511 τὸν
535 1466 895 1523 πνευματομάχον
937 1470 1011 1511 καί
1034 1466 1241 1521 Ευ’δόξιόν
1270 1484 1316 1511 τε
1362 1467 1436 1512 καί
1457 1468 1627 1513 Ἀέτιον
1656 1470 1731 1511 καί

337 1622 372 1666 4.
397 1623 597 1677 πράγματι
619 1622 669 1663 A,
694 1622 967 1670 προστάγματι
992 1623 1086 1666 vulg.
1224 1634 1255 1667 7.
1282 1624 1515 1668 Πραίτωρος
1537 1622 1572 1655 b.
1690 1632 1725 1664 9.

341 1680 484 1717 σεμνον
508 1690 555 1695 ——
582 1690 627 1696 --
652 1673 736 1716 βίον
761 1682 830 1704 om.
863 1681 893 1703 e.
1028 1670 1161 1714 εὐλαβῆ
1185 1670 1211 1702 Α
1240 1681 1282 1711 a,
1313 1669 1444 1716 εὐσεβῆ
1468 1669 1563 1714 vulg.
1686 1669 1727 1704 δὲ

339 1724 423 1751 ante
453 1717 513 1764 ἇγ.
542 1723 578 1751 et
601 1713 640 1754 τὸ
666 1718 749 1751 add.
780 1729 822 1752 ex
848 1718 888 1751 A.
1040 1731 1091 1752 ιο.
1119 1718 1160 1753 δὲ
1195 1724 1280 1751 ante
1306 1718 1357 1765 τῷ
1394 1724 1431 1752 et
1455 1719 1520 1752 καὶ
1549 1723 1634 1751 ante
1661 1713 1727 1760 τὴν

339 1765 421 1798 add.
447 1777 490 1799 ex
515 1766 553 1799 A.
657 1777 707 1799 12.
733 1765 795 1810 τῆς
819 1777 887 1800 om.
916 1769 955 1799 A.
1108 1769 1158 1801 18.
1186 1765 1226 1801 δὲ
1258 1760 1325 1803 τὸν
1348 1769 1453 1801 Max.
1480 1766 1522 1798 A.
1675 1776 1726 1811 ¹9·

341 1816 406 1848 καὶ
432 1819 515 1847 ante
534 1812 625 1848 Εὗδ.
655 1813 738 1848 add.
768 1825 811 1847 ex
828 1815 867 1847 A.

246 1951 481 1994 confirmavit,
508 1957 545 1986 et
569 1963 639 1999 pro
659 1952 824 1986 toleratis
849 1952 1037 1985 laboribus
1066 1951 1161 1985 bene
1187 1952 1369 1994 meritum,
1395 1951 1571 1998 quodque
1597 1951 1727 1984 haere-

245 2000 339 2033 sium
368 1999 449 2032 labe
476 2006 711 2045 expurgasset
739 2000 920 2041 ecclesias,
947 2001 1055 2033 etiam
1081 2001 1235 2034 invitum
1264 2006 1302 2034 et
1327 2000 1547 2034 renitentem
1571 1999 1609 2032 in
1638 1998 1728 2032 sede

247 2047 449 2080 collocavit.
501 2058 574 2093 quo
595 2047 690 2081 facto
713 2048 998 2093 sapientissimus
1027 2059 1144 2094 aeque
1169 2059 1211 2081 ac
1227 2048 1457 2082 beatissimus
1482 2053 1588 2094 pater
1612 2057 1726 2093 quos-

248 2094 330 2128 dam
356 2095 508 2139 Aegypti
535 2096 725 2140 episcopos
768 2095 907 2128 invidia
935 2101 1052 2129 motos
1087 2098 1329 2141 persentiens,
1355 2096 1522 2130 oratione
1549 2094 1593 2128 de
1621 2093 1727 2127 abdi-

247 2141 364 2176 cando
388 2143 596 2187 praesulatu
625 2143 802 2187 evulgata,
829 2149 1052 2188 spontaneus
1077 2144 1210 2178 throno
1245 2144 1316 2177 sibi
1342 2145 1534 2178 commisso
1561 2142 1729 2176 recessit.

245 2190 314 2224 illo
340 2188 438 2222 hunc
465 2191 503 2223 in
526 2189 672 2223 modum
700 2191 932 2236 pontificatus
956 2203 1107 2225 munere
1132 2192 1298 2233 cedente,
1325 2191 1536 2226 Nectarium
1567 2191 1727 2236 impera-

246 2243 306 2272 tor
330 2243 366 2271 et
393 2248 466 2270 una
491 2238 650 2281 synodus
664 2245 861 2284 promovet,
887 2239 1001 2272 virum
1027 2251 1158 2284 genere
1178 2241 1407 2281 Tarsensem,
1434 2240 1592 2286 quitum
1617 2249 1727 2284 prae-

246 2285 336 2320 toris
361 2297 451 2318 onus
480 2285 653 2329 gerebat,
680 2285 726 2318 ad
755 2297 832 2319 eam
857 2286 1005 2332 quidem
1028 2288 1155 2321 horam
1181 2288 1348 2322 nondum
1367 2287 1540 2334 baptismi
1565 2287 1636 2320 ritu
1664 2286 1729 2319 lu-

247 2338 411 2373 stratum,
439 2332 600 2366 honestis
622 2334 791 2379 alioquin
819 2339 856 2367 et
887 2334 1028 2369 devotis
1058 2335 1193 2369 clarum
1219 2336 1393 2370 moribus.
1445 2340 1569 2369 saneta
1594 2339 1632 2367 et
1659 2345 1726 2368 oe-

247 2381 435 2414 cumenica
471 2380 629 2425 synodus
672 2381 989 2416 consubstantialis
1026 2383 1155 2429 dogma
1179 2384 1369 2425 stabilivit,
1413 2389 1649 2428 sanctamque
1679 2381 1728 2415 de

247 2429 379 2475 spiritu
410 2434 533 2462 sancto
556 2428 755 2462 doctrinam
780 2430 943 2473 symbolo
970 2432 1152 2477 apposuit,
1202 2432 1446 2479 promulgavit
1471 2432 1583 2464 etiam
1613 2441 1726 2463 cano-

245 2488 324 2518 nes,
348 2476 480 2522 quibus
507 2475 723 2521 Cpolitanae
757 2477 833 2511 sedi
867 2490 983 2511 novae
1010 2481 1142 2513 Romae
1177 2480 1369 2525 privilegia
1397 2479 1588 2513 concessit.
1637 2483 1728 2511 tune

246 2524 444 2569 Gregorius
478 2523 614 2567 Nyssae
640 2529 678 2558 et
702 2525 862 2569 Pelagius
893 2526 1105 2568 Laodiceae,
1130 2527 1303 2572 Eulogius
1329 2538 1478 2574 quoque
1503 2526 1662 2560 Edessae
1688 2530 1726 2559 et

244 2570 522 2618 Amphilochius
560 2572 698 2613 Iconii,
724 2583 803 2605 cum
843 2584 970 2618 magno
1000 2574 1173 2620 Gregorio
1202 2581 1239 2609 et
1276 2576 1357 2609 aliis
1383 2574 1592 2608 memoratis
1618 2585 1659 2606 ea
1685 2573 1725 2606 in

246 2619 386 2663 synodo
411 2618 605 2653 florebant.
665 2625 787 2653 sancta
812 2631 895 2654 vero
923 2621 1081 2665 synodus
1107 2624 1232 2657 Arium
1259 2629 1297 2657 et
1323 2623 1522 2657 Eusebium
1547 2621 1721 2656 Nicome-

247 2667 433 2708 diensem,
459 2667 635 2701 Euzo'ium
667 2668 805 2713 pariter
831 2674 868 2701 et
892 2670 1076 2711 Acacium,
1097 2670 1304 2716 Theognim
1328 2677 1367 2706 et
1399 2670 1663 2718 Euphronium,
1688 2674 1726 2702 et

246 2716 408 2763 reliquos
433 2714 664 2749 anathemate
690 2714 896 2749 damnavit:
924 2722 960 2750 et
983 2723 1129 2762 praeter
1155 2730 1215 2752 eos
1231 2719 1502 2760 Macedonium,
1526 2718 1589 2764 qui
1615 2716 1723 2762 spiri—

246 2769 322 2798 tum
349 2769 513 2798 sanctum
537 2762 785 2810 impugnabat,
807 2762 1087 2812 Eudoxiumque
1115 2772 1152 2801 et
1178 2767 1324 2802 Aetium
1350 2773 1388 2802 et
1412 2766 1630 2802 Eunomium
1656 2764 1725 2797 ab-
