1768 3106
260 118 378 192 696
820 108 1184 179 TnEoPuANis'

260 237 463 292 θεμάτων
506 240 580 281 καί
609 238 681 293 τῆς
709 239 970 295 συγκλήτου,
1000 240 1074 280 καί
1103 237 1143 280 οἱ
1188 239 1272 279 τῶν
1299 235 1385 280 ἔσω
1411 233 1640 291 ταγμάτων
1667 239 1740 278 καί

259 307 342 348 τῶν
370 308 552 348 πολιτῶν
580 305 759 359 πάντων,
791 307 864 348 καί
901 304 939 348 οἱ
967 307 1052 348 τῶν
1090 307 1448 360 ἑργαστηριακαῖν,
1474 305 1550 346 τοῦ
1582 303 1640 359 μη
1673 306 1741 346 δέ-

262 376 421 425 ξασθαι
457 375 637 428 βασιλέα
675 372 792 423 ἐκτὸς
826 375 1016 422 Λέοντος
1058 374 1132 415 καί
1171 373 1497 415 Κωνσταντίνου
1546 371 1620 414 καὶ
1663 372 1743 415 τοῦ

260 443 503 496 σπέρματος
521 441 676 493 αὐτῶν,
690 443 765 483 καί
782 442 986 496 ὲποιήσαν
1003 438 1197 497 ἕγγραφα
1211 438 1356 490 καθώς
1370 434 1544 492 ὤμοσαν
1562 437 1737 494 ι’ὃιὸχει-

261 526 318 562 ρα
337 509 495 551 αιῖτῶν·
522 507 596 551 καί
613 510 667 565 τῇ
683 504 942 564 gauzioleni}
960 525 1023 559 τις
1041 503 1095 563 ἦν
1114 506 1160 551 τὸ
1179 503 1303 562 ἅγιον
1319 507 1547 563 σάββατον,
1569 508 1768 563 ἐξῆλθενὲ

261 576 284 617 ὅ
312 575 516 630 βασιλεῦς
543 578 603 626 εἰς
629 574 675 619 τὸ
705 578 999 632 τριβουνάλιον
1027 578 1112 618 τῶν
1152 575 1209 618 ιδ’
1240 575 1489 630 α’κουβάων,
1518 574 1592 618 καὶ
1616 589 1746 628 προε-

261 642 412 699 βάλετο
441 645 750 698 νωβελίσσιμον
778 643 1022 696 Εὖδόκιμον
1047 642 1121 686 τὸν
1141 642 1331 699 ἀδελφὸν
1358 643 1506 685 αὐτοῦ.
1562 640 1634 685 τὸν
1663 640 1747 696 γὰρ

251 707 466 765 >Ἀνθιμον
492 712 576 763 ζῶν
606 709 629 752 ὁ
658 709 800 767 πατὴρ
828 709 1095 766 προεβάλετο.
1155 711 1229 753 καί
1255 711 1471 766 προῆλθεν
1492 709 1514 751 ὅ
1544 707 1749 764 βασιλεύς

264 778 346 822 στὶ-ν
374 784 463 828 τοῖς
491 777 594 822 δυσὶ
619 779 822 834 καίσαρσι
864 781 938 821 καί
973 776 1298 833 νωβελισσᾲιοις
1329 776 1404 820 καί
1430 779 1487 836 τῷ
1513 779 1592 837 νέῳ
1624 781 1748 820 Κων-

225 846 468 905 (ῑσταντίνῳ
498 848 558 896 εἰς
586 845 662 902 τήν
679 844 868 901 μεγάλην
899 848 1149 902 ἐκκλησίαν,
1192 845 1269 887 καί
1295 842 1542 897 ὑπαλλάξας
1571 844 1649 900 τὴν
1683 846 1749 887 ἑν-

265 911 409 970 δυτήν,
442 913 500 963 ὥς
527 912 627 964 ἔθος
655 912 748 956 ἐστὶ
776 919 864 963 τοῖς
885 915 1126 969 βασιλεῦσι,
1156 913 1397 968 ἐπανῆλθεν
1426 914 1470 956 ἐν
1501 915 1558 971 τῷ
1584 909 1751 968 ὅμβωνι

264 980 348 1025 σύν
384 984 442 1040 τῷ
466 979 550 1039 υἱῷ
586 977 724 1024 αὐτοῦ
762 983 836 1025 καί
862 983 921 1039 τῷ
958 979 1220 1039 πατριάρχῃ.
1281 982 1356 1024 καί
1381 981 1587 1024 εἰσελθών
1614 982 1697 1030 πᾶς
1728 979 1751 1021 ὅ

265 1048 370 1099 λαός
398 1049 607 1091 ἀπέθεντο
635 1047 686 1092 τὰ
714 1047 909 1107 ἔγγραφα
937 1049 1083 1091 αὐτῶν
1113 1050 1158 1091 ἑν
1183 1050 1234 1105 τῇ
1264 1047 1362 1106 ἁγία
1392 1050 1592 1106 τραπέζῃ.
1650 1046 1673 1089 ὅ
1704 1049 1753 1090 δὲ

265 1115 471 1172 βασιλεὺς
513 1117 760 1173 ὃιελάλησεν
804 1114 953 1167 οὕτως·
1023 1116 1140 1173 ι’ὁόὐ,
1181 1110 1215 1159 ὦ
1246 1117 1451 1173 α’ὃελφοί,
1480 1116 1556 1171 τήν
1585 1113 1755 1171 αἴτησιν

265 1186 388 1240 ὑμῶν
419 1188 591 1243 πληροῖ,
634 1190 709 1229 καί
736 1188 961 1243 δωροῦμαι
991 1185 1094 1240 ὑμῖν
1122 1185 1198 1227 τὸν
1236 1182 1332 1227 υἱόν
1357 1199 1442 1238 μου
1471 1184 1532 1234 εἷς
1559 1184 1755 1238 βασιλέα.

267 1252 361 1297 ῐὸού
397 1254 442 1296 ἐκ
472 1255 546 1308 τῆς
576 1254 800 1310 ἐκκλησίας
829 1253 904 1297 καί
932 1255 979 1296 ἐκ
1008 1255 1084 1308 τῆς
1119 1250 1265 1307 χειρὸς
1292 1254 1372 1294 τοῦ
1400 1253 1595 1308 Χριστοῦ
1623 1248 1756 1292 αὐτὸν

267 1322 638 1377 παραλαμβάνετε.
708 1319 748 1363 οἱ
791 1321 840 1364 δὲ
868 1319 1032 1378 μεγάλῃ
1071 1322 1123 1379 τῇ
1152 1322 1274 1378 φωνῇ
1303 1319 1505 1375 ἐβόησαν,
1537 1319 1754 1373 λέγοντες·

268 1385 565 1445 α’ντιφώνησον
593 1388 720 1446 ἡμᾶς,
747 1389 816 1431 υἱὲ
847 1390 924 1431 τοῦ
953 1392 1075 1442 θεοῦ,
1119 1385 1185 1431 ὅτι
1215 1389 1262 1430 ὲκ
1295 1389 1369 1444 τῆς
1392 1385 1538 1443 χειρός
1565 1401 1646 1429 σου
1674 1402 1756 1427 πα-

268 1456 599 1511 ραλαμβάνομεν
628 1456 702 1500 τὸν
738 1455 863 1511 κύριν
891 1460 1220 1500 Κωνσταντῖνον
1262 1455 1322 1505 εἷς
1350 1456 1533 1509 βασιλέα
1562 1454 1643 1497 τοῦ
1670 1469 1755 1510 φυ-

272 1523 441 1566 λάττειν
472 1523 627 1582 αὐτόν,
672 1524 747 1567 καί
789 1523 1190 1580 ὖπεραποθνήσκειν
1216 1519 1366 1566 αὐτοῦ.
1441 1521 1516 1565 καί
1540 1523 1594 1579 τῇ
1623 1519 1756 1564 ἐπαύ-

229 1606 385 1649 Βριον,
426 1587 521 1647 ἥτις
548 1587 601 1648 ἧν
631 1591 658 1648 ἦ
696 1591 861 1648 μεγάλη
890 1589 1073 1648 κυριακὴ
1115 1593 1192 1634 τοῦ
1219 1589 1368 1647 πάσχα
1401 1588 1455 1634 ιδ’
1483 1589 1756 1644 ἰνδικτιῶνος,

369 1714 401 1757 4.
438 1712 623 1756 ἐποίησαν
662 1732 710 1739 —
737 1733 780 1740 —
808 1710 944 1747 αὐτῶν.
969 1713 1034 1747 καὶ
1058 1711 1142 1746 add.
1170 1723 1214 1746 ex
1239 1711 1277 1746 A.
1404 1711 1454 1745 15.
1486 1709 1595 1759 ὑμῶν
1618 1721 1690 1743 om.
1714 1709 1754 1742 Α.

367 1764 516 1854 xilfi-lgna*
541 1763 581 1797 ἐκ
608 1761 670 1805 τῆς
698 1761 747 1804 A,
789 1763 856 1796 καὶ
881 1761 943 1804 τῆς
966 1761 1063 1805 vulg.
1211 1772 1264 1806 ¹7·
1289 1760 1506 1808 παραλαμβ.
1531 1761 1584 1802 A,
1619 1758 1755 1805 προσλ.

273 1909 407 1942 milites
433 1913 471 1942 et
509 1908 652 1950 turbae,
676 1919 820 1942 necnon
843 1908 1024 1955 ‘opificum
1052 1913 1090 1942 et
1123 1907 1411 1942 tabernariorum
1439 1917 1524 1951 grex
1553 1906 1592 1940 in
1615 1905 1758 1940 vivifica

274 1963 311 1990 et
337 1957 544 1991 veneranda
569 1957 667 2002 ligna
697 1957 916 1998 iuraverunt,
939 1962 1086 2003 praeter
1113 1956 1283 1996 Leonem,
1309 1956 1588 1989 Constantinum
1613 1959 1651 1987 et
1688 1953 1755 1987 de-

274 2005 419 2038 ductam
444 2006 490 2038 ab
518 2005 570 2038 eis
600 2005 763 2039 sobolem
787 2017 825 2039 se
862 2006 1005 2038 nullum
1041 2016 1200 2051 unquam
1228 2005 1485 2050 imperatorem
1513 2008 1754 2048 suscepturos,

274 2053 447 2098 quodque
486 2054 715 2095 iuraverant,
743 2055 877 2100 scripto
915 2054 1186 2087 confirmarunt.
1246 2057 1391 2098 postera
1426 2051 1527 2092 luce,
1565 2062 1659 2096 quae
1685 2050 1759 2083 fuit

273 2101 388 2134 sancti
417 2101 573 2143 sabbati,
603 2101 799 2147 imperator
827 2102 866 2135 in
893 2101 1119 2146 undeviginti
1138 2099 1386 2135 accubitorum
1402 2098 1641 2133 tribunalium
1671 2110 1757 2143 pro-

273 2149 404 2190 fectus,
424 2149 657 2182 Eudocimum
687 2150 832 2183 fratrem
854 2161 956 2183 suum
977 2150 1243 2183 nobilissimum
1270 2148 1517 2190 renunciavit3
1544 2147 1757 2180 Anthimum

273 2197 413 2242 quippe
442 2203 546 2242 pater
575 2198 652 2242 ipse
678 2197 798 2231 adhuc
822 2199 860 2231 in
889 2199 980 2231 vivis
1007 2198 1084 2243 pari
1110 2197 1249 2231 honore
1269 2200 1511 2242 promoverat.
1545 2206 1624 2228 cum
1652 2200 1758 2229 utro-

275 2256 347 2290 que
374 2245 485 2289 igitur
510 2256 652 2278 caesare
681 2251 718 2279 et
742 2246 981 2279 nobilissimis
1010 2245 1154 2279 duobus
1194 2250 1232 2278 et
1255 2244 1399 2277 iuniore
1419 2243 1662 2277 Constantino
1690 2243 1759 2275 im-

274 2298 444 2339 peratore
476 2293 641 2338 prosecto
677 2299 727 2335 et,
767 2299 807 2327 ut
845 2293 1126 2340 imperatoribus
1151 2304 1230 2326 mos
1255 2297 1322 2332 est,
1361 2297 1501 2326 mutata
1526 2297 1638 2333 veste,
1677 2303 1758 2324 cum

275 2341 354 2374 filio
378 2346 416 2374 et
439 2340 642 2386 patriarcha
670 2341 751 2386 ipso
776 2342 815 2374 in
839 2342 1031 2375 ambonem
1053 2341 1240 2382 redeunte,
1269 2340 1398 2386 populi
1425 2340 1585 2373 universi
1611 2338 1758 2373 ordines

275 2389 494 2434 sponsiones
519 2400 600 2422 suas
621 2389 800 2434 scriptura
829 2390 1058 2434 consignatas
1076 2390 1115 2422 in
1141 2400 1275 2422 sacram
1305 2399 1466 2421 mensam
1493 2389 1756 2434 imposuerunt.

274 2438 471 2483 imperator
496 2442 616 2470 autem
641 2436 687 2469 ad
713 2448 774 2470 eos
801 2436 891 2470 haec
915 2437 1026 2471 verba
1048 2437 1156 2470 fecit:
1185 2436 1318 2470 videtis
1334 2462 1342 2477 ‚
1369 2437 1509 2478 fratres,
1538 2441 1579 2469 ut
1603 2435 1758 2481 petitio-

273 2497 357 2518 nem
380 2491 535 2519 vestram
562 2484 746 2530 impleam,
785 2491 822 2518 et
846 2486 962 2518 filium
989 2497 1110 2518 meum
1139 2485 1178 2518 in
1216 2485 1471 2530 imperatorem
1496 2483 1600 2518 vobis
1625 2494 1757 2517 conce—

272 2532 370 2566 dam.
419 2532 553 2567 videtis
589 2533 634 2566 ab
675 2533 828 2566 ecclesia
865 2539 902 2567 et
926 2545 946 2566 a
975 2533 1109 2567 Christi
1135 2544 1243 2566 manu
1276 2544 1339 2566 vos
1374 2544 1456 2566 eum
1483 2532 1662 2577 excipere.
1702 2530 1759 2565 illi

271 2580 423 2614 vocibus
449 2582 487 2614 iu
519 2581 634 2614 altum
668 2581 844 2622 sublatis,
887 2587 964 2615 esto
1001 2582 1214 2622 fideiussor,
1251 2581 1439 2626 inquiunt,
1473 2580 1527 2614 mi
1555 2579 1638 2620 dei,
1666 2584 1706 2612 ut
1739 2589 1759 2612 e

271 2639 383 2662 manu
409 2634 474 2662 tua
508 2629 694 2663 domnium
727 2629 1006 2663 Constantinum
1031 2629 1070 2663 in
1104 2629 1383 2674 imperatorem,
1420 2640 1503 2662 eum
1539 2628 1760 2661 incolumem

274 2677 459 2718 servaturi,
482 2682 521 2711 et
550 2683 704 2711 mortem
750 2677 828 2711 eius
869 2678 984 2722 gratia
1010 2677 1155 2711 sortiter
1181 2677 1397 2724 oppetituri,
1424 2676 1636 2721 excipimus.
1686 2674 1761 2708 alia

275 2735 396 2757 rursus
422 2725 515 2766 luce,
544 2736 616 2771 qua
632 2736 760 2770 magna
780 2724 961 2771 paschatis
978 2725 1160 2759 dominica
1181 2724 1457 2766 celebrabatur,
1475 2724 1613 2757 decima
1632 2728 1760 2769 quarta

277 2771 495 2814 indictione,
521 2773 588 2807 sub
614 2774 817 2821 crepusculi
851 2773 975 2808 horam
1004 2774 1201 2820 imperator
1233 2772 1438 2820 patriarcha
1465 2773 1595 2806 comite
1621 2772 1658 2806 in
1687 2771 1761 2805 cir·-
