1786 3204
266 145 282 180 1
300 147 327 180 2
807 138 1151 182 THEOPHANIS

254 243 572 300 Διοκλητιανός,
613 245 944 298 προσκυνεῖσθαι
984 239 1066 281 ὑπὸ
1110 239 1191 282 τῶν
1227 236 1530 292 συγκλητικῶν,
1562 234 1634 277 καί
1663 235 1715 275 οὐ

171 310 644 367 Ρ.7προσαγορευέσθαι
684 308 786 351 κατὰ
821 308 865 350 τὸ
894 307 1097 364 πρότερον
1128 308 1274 362 σχῆμα
1304 301 1533 361 ἀπῄτησεν.
1589 300 1711 344 ἐκαλ-

251 379 407 420 λώπισε
435 379 482 420 δὲ
523 379 596 420 καί
619 375 665 418 τὸ
698 374 898 432 ὑπόδημα
928 374 1092 432 χρυσίῳ
1124 373 1197 416 καί
1220 369 1505 427 μαργαρίταις
1548 370 1623 411 καί
1650 367 1715 410 λί-

251 449 345 494 θοις
370 447 534 498 τιμίοις.
592 447 912 488 Κωνσταντΐνον
955 444 1000 484 δὲ
1029 439 1104 484 τὸν
1132 439 1222 483 υἱὸν
1241 439 1564 491 Κωνσταντίου,
1593 438 1638 479 ἐν
1663 436 1716 493 τῇ

253 513 436 571 ἀνατολῇ
475 514 547 555 καί
574 511 844 568 Παλαιστίνῃ
872 508 1094 564 διάγοντα,
1124 508 1196 550 καί
1225 506 1279 550 τὰ
1310 506 1580 561 Χριστιανῶν
1607 506 1753 561 ‹ppo-5

252 582 425 635 νοῦντα,
453 578 560 636 ὃρῶν
583 581 726 621 τοῦτον
765 576 786 619 ὅ
816 579 857 620 Γ
856 578 1045 632 αλλέριος
1073 572 1346 628 Μαξιμιανὸς
1372 573 1540 616 συνέσει
1566 573 1717 626 ψυχῆς

253 647 327 689 καί
353 646 546 700 σώματος
574 644 694 702 ῥώμῃ
723 643 795 687 καί
821 645 871 702 τῇ
892 642 991 698 περί
1019 642 1094 698 τὴν
1121 644 1343 684 παίδευσιν
1374 639 1532 698 εὐφυίᾳ
1560 636 1715 694 προκό-

253 729 429 768 πτοντα,
457 709 797 767 μαντευσάμενός
823 727 870 754 τε
897 712 1040 754 τοῦτον
1069 706 1306 764 καταλυτῆν
1338 707 1515 751 ἔσεσθαι
1542 706 1615 762 τῆς
1640 722 1715 747 τυ-

253 781 445 836 ραννίδος
484 780 556 823 καί
584 782 668 822 τῶν
697 777 916 834 δογμάτων
957 779 1088 819 αὐτοῦ
1103 810 1115 829 ,
1149 773 1259 835 δόλῳ
1289 776 1539 818 θανατῶσαι
1566 774 1714 816 τοῦτον

251 849 474 900 ἐσκέψατο.
537 845 634 905 θείᾳ
664 847 710 888 δὲ
737 847 975 902 προμηθείᾳ
1004 844 1076 888 τὸν
1106 843 1230 887 δόλον
1262 844 1437 897 μαθών,
1467 858 1525 892 ως
1554 841 1710 895 Δαβιδ,
1730 856 1778 884 10

253 916 368 972 φυγῇ
404 914 478 969 τήν
522 915 735 968 σωτηρίαν
775 913 1012 968 πορίζεται,
1053 928 1123 954 και
1160 908 1266 966 πρὸς
1300 909 1373 953 τὸν
1410 908 1519 953 ιὸιον
1545 910 1711 964 πατέρα

217 981 526 1035 Βδιασώζεται,
556 979 687 1023 πολλα
719 981 799 1024 σύν
829 979 943 1038 αὐτῷ
970 982 1029 1038 τῷ
1045 980 1221 1036 Χριστω
1249 977 1515 1034 ευχαριστῶν
1542 977 1599 1034 τῷ
1627 971 1710 1018 σώ-

253 1066 371 1093 σαντι
398 1047 535 1091 αὐτόν.

44 1116 238 1165 Astu-579⁵.
366 1114 504 1173 Τούτῳ
549 1117 606 1173 τῷ
637 1113 719 1157 ἐτει
753 1115 961 1173 Θεοτὲκνῳ
990 1113 1107 1170 γόητι
1147 1111 1395 1167 πειθόμενος
1428 1129 1447 1154 ο
1478 1114 1519 1154 Γ
1518 1112 1710 1166 αλλεριος

248 1182 523 1236 Μαξιμιανὸς
562 1185 606 1224 ἐν
645 1184 702 1224 τῶ
729 1181 852 1224 θύειν
898 1187 984 1231 τοῖς
1025 1183 1223 1236 δαίμοσι,
1252 1181 1326 1222 καί
1352 1176 1581 1234 λαμβάνειν
1606 1179 1776 1233 χρη-15

249 1247 407 1304 σμούς·
486 1247 647 1300 υποδυς
684 1251 742 1306 τῷ
790 1244 927 1307 ἅντρω
977 1248 999 1290 ὁ
1042 1247 1288 1301 Θεότεκνος,
1335 1247 1554 1303 χρησμόν,
1598 1243 1707 1287 κατὰ

249 1318 518 1373 Χριστιανῶν
546 1318 704 1372 ἐγεῖραι
734 1317 939 1373 διωγμόν,
966 1314 1096 1375 τούτω
1130 1317 1297 1359 δέδωκε.
1353 1332 1407 1357 τα
1439 1316 1485 1356 δὲ
1517 1312 1710 1367 υπομνὴ-

247 1401 366 1439 ματα
392 1385 468 1427 τοῦ
497 1386 684 1439 σωτῆρος
714 1382 941 1437 ἐπλάσατο,
973 1385 1045 1425 καί
1074 1381 1319 1438 πανταχόσε
1349 1383 1419 1439 ἐφ’
1446 1378 1570 1436 ’ὕβρει
1603 1379 1708 1422 ἀπέ-

249 1456 410 1505 στειλε,
441 1453 515 1494 καί
539 1457 626 1501 τοῖς
653 1451 1148 1508 γραμματοδιδασκάλοις
1176 1449 1275 1502 τοὺς
1303 1452 1460 1499 παῖδας
1491 1447 1709 1491 διδάσκειν

342 1626 375 1658 3.
401 1629 484 1657 ante
509 1626 656 1676 χρυσίω
677 1622 699 1656 b
729 1622 810 1657 add.
835 1624 898 1658 καὶ
920 1634 986 1659 τας
1009 1617 1204 1668 βασιλικας
1228 1620 1401 1666 ἐσθῆτας.
1533 1620 1564 1663 4
1593 1622 1707 1655 Κων-

342 1678 552 1713 σταντῖνον,
585 1684 650 1706 τον
680 1665 763 1706 υἱὸν
788 1693 829 1698 -
862 1670 1042 1718 διάγοντα
1067 1691 1113 1696 -
1149 1670 1369 1749 φρονοῦντια
1394 1669 1435 1709 A,
1462 1670 1708 1704 Κωνσταντί-

340 1732 429 1761 νου,
460 1719 524 1755 τοῦ
554 1719 637 1753 υἱοῦ
660 1738 708 1746 ——-
733 1718 930 1765 διάγοντος
959 1739 1004 1744 -
1032 1718 1267 1774 φρονοῦντος
1289 1718 1348 1751 vul
1354 1729 1384 1762 g.
1482 1730 1517 1763 9.
1545 1719 1609 1751 καὶ
1635 1727 1706 1749 0111.

341 1769 383 1801 Α.
485 1778 535 1800 10.
560 1761 626 1802 τὸν
650 1766 732 1800 add.
760 1779 804 1801 ex
827 1767 867 1801 A.
985 1777 1034 1799 11.
1062 1766 1164 1814 φυγῇ
1191 1767 1233 1809 A,
1258 1767 1320 1800 alii
1348 1775 1495 1812 ᾳευγει,
1518 1767 1583 1800 καὶ
1610 1764 1706 1809 vulg

347 1815 395 1859 14.
421 1813 527 1862 γόητι
552 1827 620 1848 0111.
648 1826 678 1848 e.
802 1817 853 1850 16.
880 1813 900 1850 ὃ
926 1813 1010 1848 add.
1038 1825 1082 1848 ex
1105 1816 1146 1848 A.

249 1953 415 1987 adversus
439 1952 671 1986 barbarorum
696 1954 870 1998 plurimos
897 1953 1001 1986 ambo
1027 1952 1252 1987 decertantes
1268 1977 1277 1993 ,
1304 1963 1359 1986 res
1395 1951 1597 1997 praeclaras
1623 1950 1708 1985 feli-

248 2002 339 2034 citer
366 2006 559 2045 gesserunt.
591 2001 745 2034 seeundo
772 2012 855 2035 vero
884 2003 1050 2035 fortunae
1075 2013 1238 2034 successu
1263 2001 1508 2034 Diocletianus
1534 2000 1663 2041 elatus,
1687 2011 1708 2032 a

249 2049 450 2082 senatoriae
475 2049 660 2093 dignitatis
685 2049 766 2082 viris
794 2060 830 2082 se
860 2049 1014 2090 adorari,
1042 2060 1109 2082 nec
1133 2054 1174 2083 ut
1199 2049 1296 2095 prius
1321 2048 1492 2088 salutari,
1533 2048 1593 2081 vel
1619 2059 1708 2081 con-

248 2102 351 2130 sueto
378 2095 502 2130 habitu
529 2095 724 2141 procedere
749 2097 921 2141 expetiit:
956 2109 1077 2130 verum
1102 2108 1207 2137 auro,
1235 2097 1433 2141 margaritis
1466 2101 1503 2130 et
1539 2096 1709 2142 pretiosis

247 2143 432 2189 lapidibus
473 2143 752 2177 calceamentum
776 2144 976 2178 adornavit.
1026 2144 1300 2178 Constantinum
1345 2150 1465 2178 autem
1504 2143 1711 2178 Constantii

249 2192 362 2225 filium
393 2191 429 2224 in
455 2192 594 2225 oriente
634 2196 672 2224 et
707 2191 908 2225 Palaestina
936 2198 1021 2226 tunc
1059 2194 1233 2248 temporis
1269 2198 1549 2226 commorantem
1582 2197 1620 2226 et
1662 2191 1710 2225 de

249 2238 452 2272 Christiana
478 2238 548 2272 fule
576 2241 669 2272 bene
695 2240 930 2281 sentientem,
963 2246 999 2273 et
1025 2246 1100 2274 tum
1126 2241 1234 2274 animi
1262 2242 1503 2286 praestantia,
1527 2246 1605 2274 tum
1628 2249 1709 2272 cor-

246 2288 345 2333 poris
372 2286 519 2328 robore,
545 2291 620 2320 tum
644 2286 800 2332 denique
826 2287 872 2320 ad
900 2299 1041 2321 omnem
1078 2288 1267 2322 honestam
1293 2288 1520 2334 disciplinam
1546 2299 1709 2334 propen-

246 2335 350 2368 sione
374 2334 411 2367 in
436 2333 512 2368 dies
538 2335 758 2368 incrementa
781 2341 979 2368 sumentem
1005 2347 1153 2370 cernens
1171 2337 1335 2370 Galerius
1350 2337 1603 2377 Maximianus,
1628 2347 1709 2368 cum

246 2381 446 2426 tyrannidis
482 2387 519 2415 et
549 2382 652 2437 impii
689 2383 905 2428 profanique
943 2382 1123 2417 idolorum
1158 2385 1277 2418 cultus
1315 2396 1518 2418 eversorem
1543 2384 1708 2417 futurum

244 2429 426 2463 vaticiniis
451 2430 665 2475 accepisset,
701 2429 794 2463 dolis
820 2442 899 2463 eum
935 2432 1136 2465 interficere
1159 2432 1414 2466 meditabatur.
1463 2433 1528 2466 ille
1554 2431 1707 2466 detectis

245 2477 413 2518 insidiis,
453 2488 547 2522 quae
581 2477 652 2511 fuit
690 2476 748 2510 dei
783 2477 1031 2523 providentia,
1068 2480 1213 2513 Davidis
1249 2481 1415 2526 exemplo
1440 2481 1523 2525 fuga
1550 2480 1708 2513 salutem

244 2530 372 2571 parat,
398 2530 435 2558 et
459 2524 504 2557 ad
531 2530 681 2570 patrem,
705 2527 876 2559 servatori
903 2526 1043 2560 Christo
1069 2526 1202 2562 debitis
1231 2528 1389 2573 gratibus
1413 2528 1620 2575 persolutis,
1645 2538 1708 2561 so-

247 2584 330 2619 spes
353 2577 390 2605 et
413 2572 605 2606 incolumis
633 2572 842 2617 regreditur.

59 2605 234 2654 A·C·²9⁴
337 2620 415 2653 Hoc
441 2631 537 2653 anno
562 2619 774 2654 Theotecno
812 2622 1073 2667 praestigiatori
1106 2633 1238 2656 morem
1265 2625 1372 2666 gessit
1396 2624 1563 2658 Galerius
1589 2622 1710 2656 Maxi-

247 2668 410 2707 mianus,
437 2673 478 2701 ut
503 2667 742 2701 daemonibus
775 2679 871 2701 sacra
898 2669 1034 2703 faceret
1068 2675 1104 2703 et
1128 2671 1272 2704 oracula
1298 2677 1520 2716 reportaret.
1545 2677 1709 2704 antrum-

247 2727 319 2761 que
354 2714 501 2749 subiens
526 2714 778 2757 Theotecnus,
814 2716 915 2749 utin
940 2716 1165 2751 Christianos
1197 2720 1484 2763 persecutionem
1523 2719 1709 2758 excitu-et,

247 2763 430 2798 oraculum
455 2763 591 2799 retulit.
642 2763 738 2798 idem
767 2766 956 2799 senatoris
993 2766 1128 2800 monita
1153 2766 1329 2801 confinxit
1361 2772 1397 2802 et
1440 2769 1478 2802 in
1508 2768 1583 2801 eius
1611 2766 1709 2801 iniu-
