<?xml version="1.0" encoding="UTF-8"?>
<!DOCTYPE html PUBLIC "-//W3C//DTD XHTML 1.0 Transitional//EN"
    "http://www.w3.org/TR/xhtml1/DTD/xhtml1-transitional.dtd">
<html xmlns="http://www.w3.org/1999/xhtml" xml:lang="en" lang="en">
 <head>
  <title>
</title>
<meta http-equiv="Content-Type" content="text/html;charset=utf-8" />
  <meta name='ocr-system' content='tesseract 3.04.00' />
  <meta name='ocr-capabilities' content='ocr_page ocr_carea ocr_par ocr_line ocrx_word'/>
</head>
<body>
  <div class='ocr_page' id='page_1' title='image "./corpusscriptorum46niebuoft_0124.png"; bbox 0 0 1786 3204; ppageno 0'>
   <div class='ocr_carea' id='block_1_1' title="bbox 270 126 1174 193">
    <p class='ocr_par' dir='ltr' id='par_1_1' title="bbox 270 126 1174 193">
     <span class='ocr_line' id='line_1_1' title="bbox 270 126 1174 193; baseline -0.011 -11"><span class='ocrx_word' id='word_1_1' title='bbox 270 126 343 193; x_wconf 68' lang='lat'><strong><em>64</em></strong></span> <span class='ocrx_word' id='word_1_2' title='bbox 813 132 1174 177; x_wconf 70' lang='lat' dir='ltr'>THEOPHANJS.</span> 
     </span>
    </p>
   </div>
   <div class='ocr_carea' id='block_1_2' title="bbox 64 224 1786 1577">
    <p class='ocr_par' dir='ltr' id='par_1_2' title="bbox 64 224 1786 1577">
     <span class='ocr_line' id='line_1_2' title="bbox 64 224 1596 310; baseline -0.024 -6"><span class='ocrx_word' id='word_1_3' title='bbox 64 265 255 310; x_wconf 73' lang='lat' dir='ltr'><strong><em>A.M.58!,8</em></strong></span> <span class='ocrx_word' id='word_1_4' title='bbox 377 243 636 298; x_wconf 80' lang='grc' dir='ltr'><strong><em>Ἀντιοχείας</em></strong></span> <span class='ocrx_word' id='word_1_5' title='bbox 665 236 894 281; x_wconf 77' lang='grc' dir='ltr'><strong><em>ἐπισκόπου</em></strong></span> <span class='ocrx_word' id='word_1_6' title='bbox 924 236 1146 292; x_wconf 79' lang='grc' dir='ltr'><strong><em>Ἀρειανοῧ</em></strong></span> <span class='ocrx_word' id='word_1_7' title='bbox 1174 230 1394 288; x_wconf 75' lang='grc' dir='ltr'><strong><em>Στεφάνου</em></strong></span> <span class='ocrx_word' id='word_1_8' title='bbox 1425 225 1515 277; x_wconf 80' lang='grc' dir='ltr'><strong><em>ἔτος</em></strong></span> <span class='ocrx_word' id='word_1_9' title='bbox 1545 224 1596 268; x_wconf 86' lang='grc' dir='ltr'><strong><em>α’.</em></strong></span> 
     </span>
     <span class='ocr_line' id='line_1_3' title="bbox 64 293 1732 381; baseline -0.014 -23"><span class='ocrx_word' id='word_1_10' title='bbox 64 336 256 381; x_wconf 44' lang='grc' dir='ltr'><strong><em>ΑΜόὸω</em></strong></span> <span class='ocrx_word' id='word_1_11' title='bbox 383 311 525 368; x_wconf 74' lang='grc' dir='ltr'><strong><em>Τούτῳ</em></strong></span> <span class='ocrx_word' id='word_1_12' title='bbox 566 309 624 366; x_wconf 74' lang='grc' dir='ltr'><strong><em>τῷ</em></strong></span> <span class='ocrx_word' id='word_1_13' title='bbox 665 305 750 348; x_wconf 77' lang='grc' dir='ltr'><strong><em>ἔτει</em></strong></span> <span class='ocrx_word' id='word_1_14' title='bbox 787 302 1044 352; x_wconf 74' lang='grc' dir='ltr'><strong><em>Ἀθανάσιος</em></strong></span> <span class='ocrx_word' id='word_1_15' title='bbox 1087 303 1162 343; x_wconf 87' lang='grc' dir='ltr'><em>καί</em></span> <span class='ocrx_word' id='word_1_16' title='bbox 1189 299 1368 347; x_wconf 82' lang='grc' dir='ltr'><strong><em>Παῦλος</em></strong></span> <span class='ocrx_word' id='word_1_17' title='bbox 1407 293 1732 350; x_wconf 80' lang='grc' dir='ltr'><strong><em>τελευτήσαντος</em></strong></span> 
     </span>
     <span class='ocr_line' id='line_1_4' title="bbox 137 360 1732 435; baseline -0.017 -7"><span class='ocrx_word' id='word_1_18' title='bbox 137 411 145 415; x_wconf 87' lang='grc'><strong>-</strong></span> <span class='ocrx_word' id='word_1_19' title='bbox 269 379 478 435; x_wconf 76' lang='grc' dir='ltr'><strong><em>Εὖσεβίου</em></strong></span> <span class='ocrx_word' id='word_1_20' title='bbox 508 377 582 419; x_wconf 78' lang='grc' dir='ltr'><strong><em>τοῦ</em></strong></span> <span class='ocrx_word' id='word_1_21' title='bbox 609 374 824 428; x_wconf 73' lang='grc' dir='ltr'><em>δυσσεβῶς</em></span> <span class='ocrx_word' id='word_1_22' title='bbox 841 366 1043 426; x_wconf 70' lang='grc' dir='ltr'><strong><em>ἄρξαντος</em></strong></span> <span class='ocrx_word' id='word_1_23' title='bbox 1062 360 1551 412; x_wconf 82' lang='grc' dir='ltr'><strong><em>Κωνσταντινουπόλεως</em></strong></span> <span class='ocrx_word' id='word_1_24' title='bbox 1578 361 1732 416; x_wconf 54' lang='grc' dir='ltr'><strong><em>κατῆλό</em></strong></span> 
     </span>
     <span class='ocr_line' id='line_1_5' title="bbox 268 429 1734 496; baseline -0.016 -4"><span class='ocrx_word' id='word_1_25' title='bbox 268 454 347 492; x_wconf 77' lang='grc' dir='ltr'><strong><em>θον</em></strong></span> <span class='ocrx_word' id='word_1_26' title='bbox 378 444 503 488; x_wconf 69' lang='grc' dir='ltr'><strong><em>πάλιν</em></strong></span> <span class='ocrx_word' id='word_1_27' title='bbox 530 444 590 492; x_wconf 86' lang='grc' dir='ltr'><strong><em>εἷς</em></strong></span> <span class='ocrx_word' id='word_1_28' title='bbox 611 438 778 495; x_wconf 81' lang='grc' dir='ltr'>Ῥώμην</span> <span class='ocrx_word' id='word_1_29' title='bbox 801 437 907 496; x_wconf 86' lang='grc' dir='ltr'><strong><em>πρὸς</em></strong></span> <span class='ocrx_word' id='word_1_30' title='bbox 930 436 1105 481; x_wconf 79' lang='grc' dir='ltr'><em>Ἰούλιον</em></span> <span class='ocrx_word' id='word_1_31' title='bbox 1131 433 1203 477; x_wconf 87' lang='grc' dir='ltr'><strong><em>τὸν</em></strong></span> <span class='ocrx_word' id='word_1_32' title='bbox 1221 434 1385 476; x_wconf 79' lang='grc' dir='ltr'><strong><em>Πάπαν</em></strong></span> <span class='ocrx_word' id='word_1_33' title='bbox 1414 430 1489 472; x_wconf 81' lang='grc' dir='ltr'>καί</span> <span class='ocrx_word' id='word_1_34' title='bbox 1503 429 1734 474; x_wconf 77' lang='grc' dir='ltr'><strong><em>Κώνσταν-</em></strong></span> 
     </span>
     <span class='ocr_line' id='line_1_6' title="bbox 227 496 1770 566; baseline -0.014 -8"><span class='ocrx_word' id='word_1_35' title='bbox 227 531 320 563; x_wconf 77' lang='lat' dir='ltr'><strong><em>Dra</em></strong></span> <span class='ocrx_word' id='word_1_36' title='bbox 348 513 419 557; x_wconf 86' lang='grc' dir='ltr'><strong><em>τὸν</em></strong></span> <span class='ocrx_word' id='word_1_37' title='bbox 456 510 634 566; x_wconf 82' lang='grc' dir='ltr'><em>βασιλέα</em></span> <span class='ocrx_word' id='word_1_38' title='bbox 670 505 863 563; x_wconf 78' lang='grc' dir='ltr'><strong><em>-οἰὸελφόν</em></strong></span> <span class='ocrx_word' id='word_1_39' title='bbox 903 506 1217 547; x_wconf 87' lang='grc' dir='ltr'><strong><em>Κωνσταντιόυ.</em></strong></span> <span class='ocrx_word' id='word_1_40' title='bbox 1289 501 1366 543; x_wconf 75' lang='grc' dir='ltr'><strong><em>τοῦ</em></strong></span> <span class='ocrx_word' id='word_1_41' title='bbox 1404 496 1485 554; x_wconf 74' lang='grc' dir='ltr'><strong><em>γάρ</em></strong></span> <span class='ocrx_word' id='word_1_42' title='bbox 1518 497 1770 551; x_wconf 71' lang='grc' dir='ltr'><strong><em>Εὕσεβίου5</em></strong></span> 
     </span>
     <span class='ocr_line' id='line_1_7' title="bbox 269 562 1735 629; baseline -0.014 -4"><span class='ocrx_word' id='word_1_43' title='bbox 269 581 469 629; x_wconf 74' lang='grc' dir='ltr'><strong><em>θανόντος</em></strong></span> <span class='ocrx_word' id='word_1_44' title='bbox 500 577 521 619; x_wconf 81' lang='grc' dir='ltr'>ὅ</span> <span class='ocrx_word' id='word_1_45' title='bbox 553 574 654 625; x_wconf 84' lang='grc' dir='ltr'><strong><em>λαός</em></strong></span> <span class='ocrx_word' id='word_1_46' title='bbox 684 573 757 617; x_wconf 86' lang='grc' dir='ltr'><strong><em>τὸν</em></strong></span> <span class='ocrx_word' id='word_1_47' title='bbox 787 575 970 616; x_wconf 81' lang='grc' dir='ltr'><strong><em>Παῦλον</em></strong></span> <span class='ocrx_word' id='word_1_48' title='bbox 999 573 1058 629; x_wconf 71' lang='grc' dir='ltr'><strong><em>τῷ</em></strong></span> <span class='ocrx_word' id='word_1_49' title='bbox 1086 562 1735 627; x_wconf 71' lang='grc' dir='ltr'><strong><em>θρόνῳΚωνσταντινουπὸλεως</em></strong></span> 
     </span>
     <span class='ocr_line' id='line_1_8' title="bbox 272 632 1736 700; baseline -0.014 -8"><span class='ocrx_word' id='word_1_50' title='bbox 272 642 621 700; x_wconf 76' lang='grc' dir='ltr'><strong><em>οἷποκατέστησεν.</em></strong></span> <span class='ocrx_word' id='word_1_51' title='bbox 695 640 734 684; x_wconf 80' lang='grc' dir='ltr'><strong><em>οἷ</em></strong></span> <span class='ocrx_word' id='word_1_52' title='bbox 776 643 821 683; x_wconf 79' lang='grc' dir='ltr'><strong><em>δὲ</em></strong></span> <span class='ocrx_word' id='word_1_53' title='bbox 844 638 1057 695; x_wconf 84' lang='grc' dir='ltr'><strong><em>Ἀρειανοί</em></strong></span> <span class='ocrx_word' id='word_1_54' title='bbox 1096 636 1164 680; x_wconf 90' lang='grc' dir='ltr'><strong><em>τὸν</em></strong></span> <span class='ocrx_word' id='word_1_55' title='bbox 1194 632 1464 679; x_wconf 74' lang='grc' dir='ltr'><strong><em>Μακεδόνων</em></strong></span> <span class='ocrx_word' id='word_1_56' title='bbox 1493 634 1736 686; x_wconf 80' lang='grc' dir='ltr'><strong><em>α’ντεχειρο-</em></strong></span> 
     </span>
     <span class='ocr_line' id='line_1_9' title="bbox 270 695 1736 772; baseline -0.014 -13"><span class='ocrx_word' id='word_1_57' title='bbox 270 717 462 772; x_wconf 89' lang='grc' dir='ltr'><strong><em>τόνησαν,</em></strong></span> <span class='ocrx_word' id='word_1_58' title='bbox 492 711 549 761; x_wconf 77' lang='grc' dir='ltr'><strong><em>ὥς</em></strong></span> <span class='ocrx_word' id='word_1_59' title='bbox 578 711 771 753; x_wconf 75' lang='grc' dir='ltr'><strong><em>ἐντεῦθεν</em></strong></span> <span class='ocrx_word' id='word_1_60' title='bbox 796 705 1007 764; x_wconf 79' lang='grc' dir='ltr'><strong><em>ἐμφύλιον</em></strong></span> <span class='ocrx_word' id='word_1_61' title='bbox 1034 707 1235 760; x_wconf 77' lang='grc' dir='ltr'><strong><em>γενέσθαι</em></strong></span> <span class='ocrx_word' id='word_1_62' title='bbox 1266 701 1465 755; x_wconf 85' lang='grc' dir='ltr'><strong><em>πόλεμον.</em></strong></span> <span class='ocrx_word' id='word_1_63' title='bbox 1523 695 1627 755; x_wconf 79' lang='grc' dir='ltr'><strong><em>ὅπερ</em></strong></span> <span class='ocrx_word' id='word_1_64' title='bbox 1653 715 1736 752; x_wconf 87' lang='grc' dir='ltr'><strong><em>μα-</em></strong></span> 
     </span>
     <span class='ocr_line' id='line_1_10' title="bbox 271 770 1738 832; baseline -0.012 -6"><span class='ocrx_word' id='word_1_65' title='bbox 271 782 363 827; x_wconf 74' lang='grc' dir='ltr'><strong><em>θών</em></strong></span> <span class='ocrx_word' id='word_1_66' title='bbox 390 780 413 824; x_wconf 79' lang='grc' dir='ltr'><em>ὅ</em></span> <span class='ocrx_word' id='word_1_67' title='bbox 447 778 745 827; x_wconf 81' lang='grc' dir='ltr'><strong><em>Κωνστοίντιος</em></strong></span> <span class='ocrx_word' id='word_1_68' title='bbox 789 778 834 818; x_wconf 81' lang='grc' dir='ltr'><strong><em>ἐν</em></strong></span> <span class='ocrx_word' id='word_1_69' title='bbox 864 775 1107 832; x_wconf 70' lang='grc' dir='ltr'><strong><em>Ἀντιοχείᾳ</em></strong></span> <span class='ocrx_word' id='word_1_70' title='bbox 1141 772 1315 827; x_wconf 74' lang='grc' dir='ltr'><strong><em>διάγων,</em></strong></span> <span class='ocrx_word' id='word_1_71' title='bbox 1337 770 1579 826; x_wconf 77' lang='grc' dir='ltr'><strong><em>Ἑρμογένει</em></strong></span> <span class='ocrx_word' id='word_1_72' title='bbox 1608 783 1738 821; x_wconf 86' lang='grc' dir='ltr'><strong><em>στρα-</em></strong></span> 
     </span>
     <span class='ocr_line' id='line_1_11' title="bbox 271 832 1786 907; baseline -0.012 -15"><span class='ocrx_word' id='word_1_73' title='bbox 271 847 426 907; x_wconf 75' lang='grc' dir='ltr'><strong><em>τηλάτῃ</em></strong></span> <span class='ocrx_word' id='word_1_74' title='bbox 467 844 573 888; x_wconf 77' lang='grc' dir='ltr'><strong><em>κατὰ</em></strong></span> <span class='ocrx_word' id='word_1_75' title='bbox 614 843 689 895; x_wconf 81' lang='grc' dir='ltr'><strong><em>τὴν</em></strong></span> <span class='ocrx_word' id='word_1_76' title='bbox 719 842 888 900; x_wconf 76' lang='grc' dir='ltr'><strong><em>Θρᾴκην</em></strong></span> <span class='ocrx_word' id='word_1_77' title='bbox 927 843 1164 896; x_wconf 74' lang='grc' dir='ltr'><strong><em>πεμφθέντι</em></strong></span> <span class='ocrx_word' id='word_1_78' title='bbox 1193 837 1357 881; x_wconf 79' lang='grc' dir='ltr'><strong><em>κελεύει</em></strong></span> <span class='ocrx_word' id='word_1_79' title='bbox 1399 835 1505 879; x_wconf 74' lang='grc' dir='ltr'><strong><em>ὁδοῦ</em></strong></span> <span class='ocrx_word' id='word_1_80' title='bbox 1527 832 1740 891; x_wconf 82' lang='grc' dir='ltr'><strong><em>πάρεργον</em></strong></span> <span class='ocrx_word' id='word_1_81' title='bbox 1757 853 1786 880; x_wconf 74' lang='lat'><strong><em>1⁴</em></strong></span> 
     </span>
     <span class='ocr_line' id='line_1_12' title="bbox 272 898 1741 971; baseline -0.012 -12"><span class='ocrx_word' id='word_1_82' title='bbox 272 915 557 971; x_wconf 75' lang='grc' dir='ltr'><strong><em>ποιήσασθαι,</em></strong></span> <span class='ocrx_word' id='word_1_83' title='bbox 587 913 662 953; x_wconf 83' lang='grc' dir='ltr'><em>καί</em></span> <span class='ocrx_word' id='word_1_84' title='bbox 687 912 880 965; x_wconf 79' lang='grc' dir='ltr'><strong><em>ἐκβαλεῖν</em></strong></span> <span class='ocrx_word' id='word_1_85' title='bbox 907 911 1090 951; x_wconf 82' lang='grc' dir='ltr'><strong><em>Παῦλον</em></strong></span> <span class='ocrx_word' id='word_1_86' title='bbox 1116 908 1189 963; x_wconf 75' lang='grc' dir='ltr'><strong><em>τῆς</em></strong></span> <span class='ocrx_word' id='word_1_87' title='bbox 1214 907 1460 961; x_wconf 77' lang='grc' dir='ltr'><strong><em>ἐκκλησίας·</em></strong></span> <span class='ocrx_word' id='word_1_88' title='bbox 1518 898 1623 958; x_wconf 77' lang='grc' dir='ltr'><strong><em>ὅπερ</em></strong></span> <span class='ocrx_word' id='word_1_89' title='bbox 1662 901 1741 944; x_wconf 82' lang='grc' dir='ltr'><strong><em>τοῦ</em></strong></span> 
     </span>
     <span class='ocr_line' id='line_1_13' title="bbox 267 966 1742 1040; baseline -0.009 -15"><span class='ocrx_word' id='word_1_90' title='bbox 267 984 535 1040; x_wconf 75' lang='grc' dir='ltr'><strong><em>Ἑρμογένους</em></strong></span> <span class='ocrx_word' id='word_1_91' title='bbox 563 980 785 1034; x_wconf 77' lang='grc' dir='ltr'><strong><em>πληρῶσαι</em></strong></span> <span class='ocrx_word' id='word_1_92' title='bbox 804 975 1123 1030; x_wconf 73' lang='grc' dir='ltr'><strong><em>ὃοκιμὰσαντος,</em></strong></span> <span class='ocrx_word' id='word_1_93' title='bbox 1156 973 1178 1016; x_wconf 80' lang='grc' dir='ltr'>ὁ</span> <span class='ocrx_word' id='word_1_94' title='bbox 1204 975 1336 1029; x_wconf 70' lang='grc' dir='ltr'><strong><em>δῆμος</em></strong></span> <span class='ocrx_word' id='word_1_95' title='bbox 1365 971 1436 1015; x_wconf 85' lang='grc' dir='ltr'><strong><em>τὸν</em></strong></span> <span class='ocrx_word' id='word_1_96' title='bbox 1463 966 1577 1015; x_wconf 83' lang='grc' dir='ltr'><strong><em>οἶκον</em></strong></span> <span class='ocrx_word' id='word_1_97' title='bbox 1607 969 1742 1012; x_wconf 70' lang='grc' dir='ltr'><strong><em>αὐτοῦ</em></strong></span> 
     </span>
     <span class='ocr_line' id='line_1_14' title="bbox 273 1035 1746 1105; baseline -0.01 -12"><span class='ocrx_word' id='word_1_98' title='bbox 273 1053 513 1105; x_wconf 79' lang='grc' dir='ltr'><strong><em>ἐνέπρησεν,</em></strong></span> <span class='ocrx_word' id='word_1_99' title='bbox 543 1045 618 1088; x_wconf 78' lang='grc' dir='ltr'>καί</span> <span class='ocrx_word' id='word_1_100' title='bbox 641 1043 772 1087; x_wconf 72' lang='grc' dir='ltr'><strong><em>αὐτὸν</em></strong></span> <span class='ocrx_word' id='word_1_101' title='bbox 797 1044 1046 1100; x_wconf 84' lang='grc' dir='ltr'><strong><em>Ἑρμογένην</em></strong></span> <span class='ocrx_word' id='word_1_102' title='bbox 1075 1043 1335 1095; x_wconf 77' lang='grc' dir='ltr'><strong><em>ἀπέκτεινεν,</em></strong></span> <span class='ocrx_word' id='word_1_103' title='bbox 1369 1038 1442 1083; x_wconf 86' lang='grc' dir='ltr'><strong><em>καί</em></strong></span> <span class='ocrx_word' id='word_1_104' title='bbox 1469 1040 1530 1087; x_wconf 83' lang='grc' dir='ltr'><strong><em>εἰς</em></strong></span> <span class='ocrx_word' id='word_1_105' title='bbox 1557 1036 1633 1094; x_wconf 72' lang='grc' dir='ltr'><strong><em>τήν</em></strong></span> <span class='ocrx_word' id='word_1_106' title='bbox 1661 1035 1746 1079; x_wconf 76' lang='grc' dir='ltr'><strong><em>θά-</em></strong></span> 
     </span>
     <span class='ocr_line' id='line_1_15' title="bbox 273 1107 1747 1171; baseline -0.009 -11"><span class='ocrx_word' id='word_1_107' title='bbox 273 1121 431 1160; x_wconf 90' lang='grc' dir='ltr'><strong><em>λασσαν</em></strong></span> <span class='ocrx_word' id='word_1_108' title='bbox 460 1114 649 1171; x_wconf 81' lang='grc' dir='ltr'><strong><em>ἔρριψεν.</em></strong></span> <span class='ocrx_word' id='word_1_109' title='bbox 704 1114 832 1154; x_wconf 82' lang='grc' dir='ltr'><strong><em>τοῦτο</em></strong></span> <span class='ocrx_word' id='word_1_110' title='bbox 861 1107 935 1153; x_wconf 76' lang='grc' dir='ltr'><strong><em>οὖν</em></strong></span> <span class='ocrx_word' id='word_1_111' title='bbox 955 1108 977 1152; x_wconf 80' lang='grc' dir='ltr'><strong><em>ὅ</em></strong></span> <span class='ocrx_word' id='word_1_112' title='bbox 1006 1108 1209 1166; x_wconf 71' lang='grc' dir='ltr'><strong><em>βασιλευς</em></strong></span> <span class='ocrx_word' id='word_1_113' title='bbox 1237 1108 1393 1163; x_wconf 81' lang='grc' dir='ltr'><strong><em>μαθών</em></strong></span> <span class='ocrx_word' id='word_1_114' title='bbox 1421 1110 1466 1160; x_wconf 80' lang='grc' dir='ltr'><strong><em>ἐξ</em></strong></span> <span class='ocrx_word' id='word_1_115' title='bbox 1491 1108 1747 1161; x_wconf 73' lang='grc' dir='ltr'><strong><em>Ἀντιοχείας</em></strong></span> 
     </span>
     <span class='ocr_line' id='line_1_16' title="bbox 168 1173 1786 1240; baseline -0.012 -7"><span class='ocrx_word' id='word_1_116' title='bbox 168 1200 202 1233; x_wconf 85' lang='lat' dir='ltr'><strong><em>P.</em></strong></span> <span class='ocrx_word' id='word_1_117' title='bbox 220 1188 335 1235; x_wconf 78' lang='grc' dir='ltr'><strong><em>36εἰς</em></strong></span> <span class='ocrx_word' id='word_1_118' title='bbox 366 1183 438 1240; x_wconf 76' lang='grc' dir='ltr'><strong><em>τὴν</em></strong></span> <span class='ocrx_word' id='word_1_119' title='bbox 474 1179 785 1238; x_wconf 83' lang='grc' dir='ltr'><strong><em>βασιλεύουσαν</em></strong></span> <span class='ocrx_word' id='word_1_120' title='bbox 823 1175 1000 1236; x_wconf 75' lang='grc' dir='ltr'><strong><em>ἤλασεν,</em></strong></span> <span class='ocrx_word' id='word_1_121' title='bbox 1042 1179 1116 1220; x_wconf 82' lang='grc' dir='ltr'><em>καί</em></span> <span class='ocrx_word' id='word_1_122' title='bbox 1149 1176 1221 1221; x_wconf 81' lang='grc' dir='ltr'><strong><em>τὸν</em></strong></span> <span class='ocrx_word' id='word_1_123' title='bbox 1255 1178 1438 1220; x_wconf 77' lang='grc' dir='ltr'><strong><em>Παῦλον</em></strong></span> <span class='ocrx_word' id='word_1_124' title='bbox 1476 1177 1553 1217; x_wconf 85' lang='grc' dir='ltr'><strong><em>τοῦ</em></strong></span> <span class='ocrx_word' id='word_1_125' title='bbox 1582 1173 1742 1230; x_wconf 79' lang='grc' dir='ltr'><strong><em>θρόνου</em></strong></span> <span class='ocrx_word' id='word_1_126' title='bbox 1763 1194 1786 1220; x_wconf 74' lang='lat'><strong><em>1:</em></strong></span> 
     </span>
     <span class='ocr_line' id='line_1_17' title="bbox 276 1239 1745 1307; baseline -0.01 -12"><span class='ocrx_word' id='word_1_127' title='bbox 276 1251 478 1307; x_wconf 79' lang='grc' dir='ltr'><strong><em>ἐκβαλών,</em></strong></span> <span class='ocrx_word' id='word_1_128' title='bbox 508 1248 778 1292; x_wconf 77' lang='grc' dir='ltr'><strong><em>Μακεδόνιον</em></strong></span> <span class='ocrx_word' id='word_1_129' title='bbox 805 1251 910 1297; x_wconf 83' lang='grc' dir='ltr'><strong><em>τέως</em></strong></span> <span class='ocrx_word' id='word_1_130' title='bbox 944 1248 1021 1289; x_wconf 70' lang='grc' dir='ltr'><strong><em>οὐκ</em></strong></span> <span class='ocrx_word' id='word_1_131' title='bbox 1049 1243 1333 1302; x_wconf 73' lang='grc' dir='ltr'><strong><em>ἐνεθρόνισεν.</em></strong></span> <span class='ocrx_word' id='word_1_132' title='bbox 1391 1243 1488 1287; x_wconf 87' lang='grc' dir='ltr'><strong><em>τότε</em></strong></span> <span class='ocrx_word' id='word_1_133' title='bbox 1517 1239 1745 1299; x_wconf 80' lang='grc' dir='ltr'><strong><em>ὀργιζόμε-</em></strong></span> 
     </span>
     <span class='ocr_line' id='line_1_18' title="bbox 277 1310 1745 1372; baseline -0.008 -9"><span class='ocrx_word' id='word_1_134' title='bbox 277 1335 345 1368; x_wconf 88' lang='grc' dir='ltr'><strong><em>νος</em></strong></span> <span class='ocrx_word' id='word_1_135' title='bbox 370 1317 439 1360; x_wconf 77' lang='grc' dir='ltr'><strong><em>διὰ</em></strong></span> <span class='ocrx_word' id='word_1_136' title='bbox 467 1317 539 1360; x_wconf 88' lang='grc' dir='ltr'><strong><em>τὸν</em></strong></span> <span class='ocrx_word' id='word_1_137' title='bbox 565 1319 638 1359; x_wconf 85' lang='grc' dir='ltr'><strong><em>τοῦ</em></strong></span> <span class='ocrx_word' id='word_1_138' title='bbox 661 1315 935 1371; x_wconf 84' lang='grc' dir='ltr'><strong><em>Ἑρμογένους</em></strong></span> <span class='ocrx_word' id='word_1_139' title='bbox 964 1312 1113 1372; x_wconf 83' lang='grc' dir='ltr'><strong><em>φόνον,</em></strong></span> <span class='ocrx_word' id='word_1_140' title='bbox 1145 1312 1218 1368; x_wconf 72' lang='grc' dir='ltr'><strong><em>την</em></strong></span> <span class='ocrx_word' id='word_1_141' title='bbox 1239 1310 1359 1356; x_wconf 86' lang='grc' dir='ltr'><strong><em>πόλιν</em></strong></span> <span class='ocrx_word' id='word_1_142' title='bbox 1387 1313 1624 1367; x_wconf 79' lang='grc' dir='ltr'><strong><em>ἐζημίωσεν</em></strong></span> <span class='ocrx_word' id='word_1_143' title='bbox 1651 1312 1745 1352; x_wconf 82' lang='grc' dir='ltr'><strong><em>τέσ-</em></strong></span> 
     </span>
     <span class='ocr_line' id='line_1_19' title="bbox 277 1374 1747 1443; baseline -0.007 -14"><span class='ocrx_word' id='word_1_144' title='bbox 277 1401 415 1443; x_wconf 87' lang='grc' dir='ltr'><strong><em>σαρας</em></strong></span> <span class='ocrx_word' id='word_1_145' title='bbox 441 1382 655 1440; x_wconf 75' lang='grc' dir='ltr'><strong><em>μυριάδας</em></strong></span> <span class='ocrx_word' id='word_1_146' title='bbox 699 1379 840 1439; x_wconf 74' lang='grc' dir='ltr'><strong><em>ἄρτων</em></strong></span> <span class='ocrx_word' id='word_1_147' title='bbox 879 1382 1140 1438; x_wconf 85' lang='grc' dir='ltr'><strong><em>ἧμερησίων,</em></strong></span> <span class='ocrx_word' id='word_1_148' title='bbox 1170 1383 1216 1423; x_wconf 82' lang='grc' dir='ltr'><strong><em>ἐκ</em></strong></span> <span class='ocrx_word' id='word_1_149' title='bbox 1243 1383 1326 1423; x_wconf 74' lang='grc' dir='ltr'><strong><em>ταῖν</em></strong></span> <span class='ocrx_word' id='word_1_150' title='bbox 1356 1380 1637 1436; x_wconf 75' lang='grc' dir='ltr'><strong><em>δωρηθέντων</em></strong></span> <span class='ocrx_word' id='word_1_151' title='bbox 1663 1374 1747 1419; x_wconf 76' lang='grc' dir='ltr'><strong><em>ὗπό</em></strong></span> 
     </span>
     <span class='ocr_line' id='line_1_20' title="bbox 279 1442 1750 1508; baseline -0.007 -11"><span class='ocrx_word' id='word_1_152' title='bbox 279 1456 354 1497; x_wconf 83' lang='grc' dir='ltr'><strong><em>τοῦ</em></strong></span> <span class='ocrx_word' id='word_1_153' title='bbox 378 1450 536 1508; x_wconf 81' lang='grc' dir='ltr'><strong><em>πατρὸς</em></strong></span> <span class='ocrx_word' id='word_1_154' title='bbox 565 1451 701 1492; x_wconf 69' lang='grc' dir='ltr'><strong><em>αὐτοῦ</em></strong></span> <span class='ocrx_word' id='word_1_155' title='bbox 726 1450 951 1505; x_wconf 82' lang='grc' dir='ltr'><strong><em>μυριάδων</em></strong></span> <span class='ocrx_word' id='word_1_156' title='bbox 981 1449 1102 1492; x_wconf 77' lang='grc' dir='ltr'><strong><em>ὀκτώ.</em></strong></span> <span class='ocrx_word' id='word_1_157' title='bbox 1158 1446 1257 1491; x_wconf 85' lang='grc' dir='ltr'><strong><em>τότε</em></strong></span> <span class='ocrx_word' id='word_1_158' title='bbox 1286 1442 1363 1490; x_wconf 73' lang='grc' dir='ltr'><strong><em>οὖν</em></strong></span> <span class='ocrx_word' id='word_1_159' title='bbox 1395 1445 1416 1488; x_wconf 86' lang='grc' dir='ltr'><em>ὃ</em></span> <span class='ocrx_word' id='word_1_160' title='bbox 1450 1447 1658 1499; x_wconf 74' lang='grc' dir='ltr'><strong><em>Παῦλος,</em></strong></span> <span class='ocrx_word' id='word_1_161' title='bbox 1689 1443 1750 1494; x_wconf 74' lang='grc' dir='ltr'><strong><em>ὦς</em></strong></span> 
     </span>
     <span class='ocr_line' id='line_1_21' title="bbox 279 1510 1786 1577; baseline -0.005 -14"><span class='ocrx_word' id='word_1_162' title='bbox 279 1523 538 1577; x_wconf 80' lang='grc' dir='ltr'><strong><em>προείρηται,</em></strong></span> <span class='ocrx_word' id='word_1_163' title='bbox 567 1517 673 1574; x_wconf 83' lang='grc' dir='ltr'><strong><em>πρὸς</em></strong></span> <span class='ocrx_word' id='word_1_164' title='bbox 701 1517 871 1561; x_wconf 80' lang='grc' dir='ltr'><strong><em>Ἰούλιον</em></strong></span> <span class='ocrx_word' id='word_1_165' title='bbox 899 1512 1028 1573; x_wconf 72' lang='grc' dir='ltr'><strong><em>ἦλθεν</em></strong></span> <span class='ocrx_word' id='word_1_166' title='bbox 1049 1516 1230 1572; x_wconf 82' lang='grc' dir='ltr'><strong><em>Ῥώμης,</em></strong></span> <span class='ocrx_word' id='word_1_167' title='bbox 1258 1517 1332 1558; x_wconf 85' lang='grc' dir='ltr'><em>καί</em></span> <span class='ocrx_word' id='word_1_168' title='bbox 1365 1515 1603 1570; x_wconf 72' lang='grc' dir='ltr'><strong><em>ἐπανῆλθεν</em></strong></span> <span class='ocrx_word' id='word_1_169' title='bbox 1642 1510 1786 1568; x_wconf 68' lang='grc' dir='ltr'><strong><em>μετὰα</em></strong></span> 
     </span>
    </p>
   </div>
   <div class='ocr_carea' id='block_1_3' title="bbox 373 1636 1786 1884">
    <p class='ocr_par' dir='ltr' id='par_1_3' title="bbox 373 1636 1786 1884">
     <span class='ocr_line' id='line_1_22' title="bbox 375 1636 1752 1690; baseline -0.004 -12"><span class='ocrx_word' id='word_1_170' title='bbox 375 1645 407 1678; x_wconf 87' lang='grc'><strong><em>3.</em></strong></span> <span class='ocrx_word' id='word_1_171' title='bbox 433 1643 638 1690; x_wconf 76' lang='grc' dir='ltr'><strong><em>δυσσεβοῦς</em></strong></span> <span class='ocrx_word' id='word_1_172' title='bbox 664 1643 688 1677; x_wconf 93' lang='lat' dir='ltr'>b</span> <span class='ocrx_word' id='word_1_173' title='bbox 719 1655 750 1677; x_wconf 90' lang='lat' dir='ltr'><strong><em>e.</em></strong></span> <span class='ocrx_word' id='word_1_174' title='bbox 888 1641 1071 1690; x_wconf 79' lang='grc' dir='ltr'><strong><em>ἄρξαντος</em></strong></span> <span class='ocrx_word' id='word_1_175' title='bbox 1095 1637 1163 1679; x_wconf 85' lang='grc' dir='ltr'><strong><em>τὸν</em></strong></span> <span class='ocrx_word' id='word_1_176' title='bbox 1187 1643 1332 1690; x_wconf 77' lang='grc' dir='ltr'><strong><em>θρόνον</em></strong></span> <span class='ocrx_word' id='word_1_177' title='bbox 1356 1641 1392 1675; x_wconf 90' lang='lat' dir='ltr'><strong><em>b.</em></strong></span> <span class='ocrx_word' id='word_1_178' title='bbox 1520 1642 1551 1686; x_wconf 78' lang='grc'><strong><em>4.</em></strong></span> <span class='ocrx_word' id='word_1_179' title='bbox 1576 1636 1642 1676; x_wconf 86' lang='grc' dir='ltr'><strong><em>τὸν</em></strong></span> <span class='ocrx_word' id='word_1_180' title='bbox 1668 1645 1752 1673; x_wconf 73' lang='lat' dir='ltr'>ante</span> 
     </span>
     <span class='ocr_line' id='line_1_23' title="bbox 373 1688 1754 1736; baseline -0.004 -8"><span class='ocrx_word' id='word_1_181' title='bbox 373 1693 522 1728; x_wconf 81' lang='grc' dir='ltr'><strong><em>Πάπαν</em></strong></span> <span class='ocrx_word' id='word_1_182' title='bbox 549 1698 586 1725; x_wconf 82' lang='lat' dir='ltr'><strong><em>et</em></strong></span> <span class='ocrx_word' id='word_1_183' title='bbox 608 1692 761 1736; x_wconf 79' lang='grc' dir='ltr'><strong><em>βασιλέα</em></strong></span> <span class='ocrx_word' id='word_1_184' title='bbox 786 1690 868 1724; x_wconf 81' lang='lat' dir='ltr'>add.</span> <span class='ocrx_word' id='word_1_185' title='bbox 897 1703 940 1725; x_wconf 83' lang='lat' dir='ltr'><strong><em>ex</em></strong></span> <span class='ocrx_word' id='word_1_186' title='bbox 964 1693 1003 1725; x_wconf 87' lang='lat' dir='ltr'><strong><em>A.</em></strong></span> <span class='ocrx_word' id='word_1_187' title='bbox 1099 1692 1131 1725; x_wconf 90' lang='grc'><strong><em>6.</em></strong></span> <span class='ocrx_word' id='word_1_188' title='bbox 1160 1694 1342 1730; x_wconf 57' lang='lat' dir='ltr'><strong><em>&amp;avimus</em></strong></span> <span class='ocrx_word' id='word_1_189' title='bbox 1369 1691 1447 1724; x_wconf 79' lang='lat' dir='ltr'>Par.</span> <span class='ocrx_word' id='word_1_190' title='bbox 1569 1690 1602 1723; x_wconf 78' lang='lat'><strong><em>8.</em></strong></span> <span class='ocrx_word' id='word_1_191' title='bbox 1628 1688 1754 1736; x_wconf 69' lang='grc' dir='ltr'><strong><em>ἐμφύ-</em></strong></span> 
     </span>
     <span class='ocr_line' id='line_1_24' title="bbox 375 1738 1786 1788; baseline -0.005 -13"><span class='ocrx_word' id='word_1_192' title='bbox 375 1738 686 1787; x_wconf 81' lang='grc' dir='ltr'><strong><em>λιον-πόλεμον</em></strong></span> <span class='ocrx_word' id='word_1_193' title='bbox 708 1741 750 1781; x_wconf 92' lang='lat' dir='ltr'><strong><em>A,</em></strong></span> <span class='ocrx_word' id='word_1_194' title='bbox 778 1740 962 1788; x_wconf 77' lang='grc' dir='ltr'><strong><em>ἐμφυλίου</em></strong></span> <span class='ocrx_word' id='word_1_195' title='bbox 987 1760 1034 1766; x_wconf 85' lang='grc'>-</span> <span class='ocrx_word' id='word_1_196' title='bbox 1051 1741 1216 1787; x_wconf 81' lang='grc' dir='ltr'><strong><em>πολέμου</em></strong></span> <span class='ocrx_word' id='word_1_197' title='bbox 1241 1739 1337 1784; x_wconf 83' lang='lat' dir='ltr'><strong>vulg.</strong></span> <span class='ocrx_word' id='word_1_198' title='bbox 1452 1748 1503 1771; x_wconf 89' lang='grc' dir='ltr'><strong><em>ιι.</em></strong></span> <span class='ocrx_word' id='word_1_199' title='bbox 1530 1738 1696 1776; x_wconf 76' lang='grc' dir='ltr'><strong><em>ἐκβαλεῖν</em></strong></span> <span class='ocrx_word' id='word_1_200' title='bbox 1730 1738 1756 1768; x_wconf 82' lang='lat' dir='ltr'>A</span> <span class='ocrx_word' id='word_1_201' title='bbox 1782 1738 1786 1742; x_wconf 83' lang='lat'><em>‘</em></span> 
     </span>
     <span class='ocr_line' id='line_1_25' title="bbox 379 1779 1754 1835; baseline -0.004 -13"><span class='ocrx_word' id='word_1_202' title='bbox 379 1799 398 1822; x_wconf 85' lang='lat' dir='ltr'><strong><em>e</em></strong></span> <span class='ocrx_word' id='word_1_203' title='bbox 420 1789 455 1830; x_wconf 85' lang='lat' dir='ltr'><strong><em>f,</em></strong></span> <span class='ocrx_word' id='word_1_204' title='bbox 482 1789 649 1823; x_wconf 74' lang='grc' dir='ltr'><strong><em>ἐκκαλεῖν</em></strong></span> <span class='ocrx_word' id='word_1_205' title='bbox 673 1787 768 1833; x_wconf 83' lang='lat' dir='ltr'>vulg.</span> <span class='ocrx_word' id='word_1_206' title='bbox 875 1789 922 1821; x_wconf 69' lang='grc' dir='ltr'><strong><em>ιδ.</em></strong></span> <span class='ocrx_word' id='word_1_207' title='bbox 946 1787 1149 1835; x_wconf 79' lang='grc' dir='ltr'><strong><em>Ἑρμογένη</em></strong></span> <span class='ocrx_word' id='word_1_208' title='bbox 1175 1788 1197 1821; x_wconf 89' lang='lat' dir='ltr'>b</span> <span class='ocrx_word' id='word_1_209' title='bbox 1226 1799 1256 1821; x_wconf 89' lang='lat' dir='ltr'><strong><em>e.</em></strong></span> <span class='ocrx_word' id='word_1_210' title='bbox 1358 1799 1410 1833; x_wconf 81' lang='lat'><strong><em>¹7·</em></strong></span> <span class='ocrx_word' id='word_1_211' title='bbox 1439 1779 1506 1822; x_wconf 79' lang='grc' dir='ltr'><strong><em>τὸν</em></strong></span> <span class='ocrx_word' id='word_1_212' title='bbox 1536 1785 1618 1819; x_wconf 75' lang='lat' dir='ltr'><strong><em>add.</em></strong></span> <span class='ocrx_word' id='word_1_213' title='bbox 1645 1797 1689 1818; x_wconf 80' lang='lat' dir='ltr'><strong><em>ex</em></strong></span> <span class='ocrx_word' id='word_1_214' title='bbox 1715 1785 1754 1817; x_wconf 79' lang='lat' dir='ltr'><strong><em>A.</em></strong></span> 
     </span>
     <span class='ocr_line' id='line_1_26' title="bbox 387 1835 1240 1884; baseline -0.002 -14"><span class='ocrx_word' id='word_1_215' title='bbox 387 1837 435 1871; x_wconf 82' lang='lat'><strong><em>18.</em></strong></span> <span class='ocrx_word' id='word_1_216' title='bbox 462 1835 676 1884; x_wconf 74' lang='grc' dir='ltr'><strong><em>ἧμερησίων</em></strong></span> <span class='ocrx_word' id='word_1_217' title='bbox 701 1836 730 1870; x_wconf 85' lang='grc' dir='ltr'><strong>Α</strong></span> <span class='ocrx_word' id='word_1_218' title='bbox 757 1841 793 1870; x_wconf 83' lang='lat' dir='ltr'><strong><em>et</em></strong></span> <span class='ocrx_word' id='word_1_219' title='bbox 811 1836 885 1878; x_wconf 83' lang='lat' dir='ltr'>alii,</span> <span class='ocrx_word' id='word_1_220' title='bbox 913 1836 1121 1884; x_wconf 78' lang='grc' dir='ltr'><strong><em>ἦμεριαίων</em></strong></span> <span class='ocrx_word' id='word_1_221' title='bbox 1146 1837 1240 1881; x_wconf 80' lang='lat' dir='ltr'>vulg.</span> 
     </span>
    </p>
   </div>
   <div class='ocr_carea' id='block_1_4' title="bbox 186 1960 1771 2825">
    <p class='ocr_par' dir='ltr' id='par_1_4' title="bbox 231 1960 1449 2010">
     <span class='ocr_line' id='line_1_27' title="bbox 231 1960 1449 2010; baseline -0.001 -13"><span class='ocrx_word' id='word_1_222' title='bbox 231 1960 274 2003; x_wconf 65' lang='grc'><strong><em>48</em></strong></span> <span class='ocrx_word' id='word_1_223' title='bbox 381 1962 594 1997; x_wconf 76' lang='lat' dir='ltr'>Antiochiae</span> <span class='ocrx_word' id='word_1_224' title='bbox 621 1963 782 2010; x_wconf 84' lang='lat' dir='ltr'>episcopi</span> <span class='ocrx_word' id='word_1_225' title='bbox 810 1964 930 1997; x_wconf 90' lang='lat' dir='ltr'>Ariani</span> <span class='ocrx_word' id='word_1_226' title='bbox 955 1964 1134 2010; x_wconf 79' lang='lat' dir='ltr'>Stephani</span> <span class='ocrx_word' id='word_1_227' title='bbox 1159 1975 1274 1997; x_wconf 82' lang='lat' dir='ltr'>annus</span> <span class='ocrx_word' id='word_1_228' title='bbox 1299 1963 1449 2009; x_wconf 85' lang='lat' dir='ltr'>primus.</span> 
     </span>
    </p>

    <p class='ocr_par' dir='ltr' id='par_1_5' title="bbox 186 2007 1771 2825">
     <span class='ocr_line' id='line_1_28' title="bbox 186 2007 1760 2058; baseline -0.003 -14"><span class='ocrx_word' id='word_1_229' title='bbox 186 2031 193 2039; x_wconf 92' lang='lat'><strong>·</strong></span> <span class='ocrx_word' id='word_1_230' title='bbox 230 2008 275 2051; x_wconf 75' lang='grc'><strong><em>49</em></strong></span> <span class='ocrx_word' id='word_1_231' title='bbox 385 2012 476 2058; x_wconf 82' lang='lat' dir='ltr'>(Hoc</span> <span class='ocrx_word' id='word_1_232' title='bbox 511 2022 605 2045; x_wconf 79' lang='lat' dir='ltr'>anno</span> <span class='ocrx_word' id='word_1_233' title='bbox 646 2018 771 2057; x_wconf 86' lang='lat' dir='ltr'>erepto</span> <span class='ocrx_word' id='word_1_234' title='bbox 809 2022 828 2044; x_wconf 88' lang='lat' dir='ltr'><strong><em>e</em></strong></span> <span class='ocrx_word' id='word_1_235' title='bbox 863 2013 953 2046; x_wconf 84' lang='lat' dir='ltr'>vivis</span> <span class='ocrx_word' id='word_1_236' title='bbox 991 2013 1166 2053; x_wconf 78' lang='lat' dir='ltr'>Eusebio,</span> <span class='ocrx_word' id='word_1_237' title='bbox 1209 2013 1271 2058; x_wconf 89' lang='lat' dir='ltr'><strong><em>qui</em></strong></span> <span class='ocrx_word' id='word_1_238' title='bbox 1299 2012 1515 2057; x_wconf 82' lang='lat' dir='ltr'>Cpolitanae</span> <span class='ocrx_word' id='word_1_239' title='bbox 1543 2007 1622 2043; x_wconf 84' lang='lat' dir='ltr'>sedi</span> <span class='ocrx_word' id='word_1_240' title='bbox 1647 2007 1760 2052; x_wconf 82' lang='lat' dir='ltr'>impie</span> 
     </span>
     <span class='ocr_line' id='line_1_29' title="bbox 292 2055 1761 2105; baseline -0.003 -13"><span class='ocrx_word' id='word_1_241' title='bbox 292 2058 539 2105; x_wconf 80' lang='lat' dir='ltr'>praesederat,</span> <span class='ocrx_word' id='word_1_242' title='bbox 561 2059 607 2092; x_wconf 82' lang='lat' dir='ltr'><strong><em>ad</em></strong></span> <span class='ocrx_word' id='word_1_243' title='bbox 630 2061 764 2092; x_wconf 89' lang='lat' dir='ltr'>Iulium</span> <span class='ocrx_word' id='word_1_244' title='bbox 786 2071 918 2105; x_wconf 82' lang='lat' dir='ltr'>papam</span> <span class='ocrx_word' id='word_1_245' title='bbox 946 2066 983 2093; x_wconf 82' lang='lat' dir='ltr'><strong><em>et</em></strong></span> <span class='ocrx_word' id='word_1_246' title='bbox 1008 2061 1243 2095; x_wconf 82' lang='lat' dir='ltr'>Constantem</span> <span class='ocrx_word' id='word_1_247' title='bbox 1273 2061 1526 2105; x_wconf 77' lang='lat' dir='ltr'>imperatorem</span> <span class='ocrx_word' id='word_1_248' title='bbox 1555 2055 1761 2090; x_wconf 81' lang='lat' dir='ltr'>Constantii</span> 
     </span>
     <span class='ocr_line' id='line_1_30' title="bbox 296 2106 1761 2161; baseline -0.003 -22"><span class='ocrx_word' id='word_1_249' title='bbox 296 2107 438 2161; x_wconf 73' lang='lat' dir='ltr'>fratrem</span> <span class='ocrx_word' id='word_1_250' title='bbox 464 2106 681 2140; x_wconf 80' lang='lat' dir='ltr'>Athanasius</span> <span class='ocrx_word' id='word_1_251' title='bbox 723 2112 760 2140; x_wconf 83' lang='lat' dir='ltr'><strong><em>et</em></strong></span> <span class='ocrx_word' id='word_1_252' title='bbox 788 2108 919 2140; x_wconf 88' lang='lat' dir='ltr'>Paulus</span> <span class='ocrx_word' id='word_1_253' title='bbox 950 2110 1093 2141; x_wconf 73' lang='lat' dir='ltr'>Romam</span> <span class='ocrx_word' id='word_1_254' title='bbox 1131 2110 1263 2142; x_wconf 88' lang='lat' dir='ltr'>iterum</span> <span class='ocrx_word' id='word_1_255' title='bbox 1290 2108 1446 2154; x_wconf 85' lang='lat' dir='ltr'>profecti</span> <span class='ocrx_word' id='word_1_256' title='bbox 1470 2111 1565 2140; x_wconf 82' lang='lat' dir='ltr'>sunt.</span> <span class='ocrx_word' id='word_1_257' title='bbox 1617 2109 1761 2137; x_wconf 88' lang='lat' dir='ltr'>mortuo</span> 
     </span>
     <span class='ocr_line' id='line_1_31' title="bbox 294 2151 1763 2201; baseline -0.002 -15"><span class='ocrx_word' id='word_1_258' title='bbox 294 2154 474 2200; x_wconf 77' lang='lat' dir='ltr'>siquidem</span> <span class='ocrx_word' id='word_1_259' title='bbox 503 2154 659 2187; x_wconf 81' lang='lat' dir='ltr'>Eusebio</span> <span class='ocrx_word' id='word_1_260' title='bbox 686 2155 878 2199; x_wconf 87' lang='lat' dir='ltr'>Cpolitana</span> <span class='ocrx_word' id='word_1_261' title='bbox 904 2156 1005 2201; x_wconf 85' lang='lat' dir='ltr'>plebs</span> <span class='ocrx_word' id='word_1_262' title='bbox 1037 2157 1187 2190; x_wconf 84' lang='lat' dir='ltr'>Paulum</span> <span class='ocrx_word' id='word_1_263' title='bbox 1213 2158 1252 2190; x_wconf 89' lang='lat' dir='ltr'><strong><em>in</em></strong></span> <span class='ocrx_word' id='word_1_264' title='bbox 1277 2155 1400 2189; x_wconf 88' lang='lat' dir='ltr'>sedem</span> <span class='ocrx_word' id='word_1_265' title='bbox 1429 2152 1616 2200; x_wconf 83' lang='lat' dir='ltr'>reposuit.)</span> <span class='ocrx_word' id='word_1_266' title='bbox 1636 2151 1763 2186; x_wconf 82' lang='lat' dir='ltr'>Ariani</span> 
     </span>
     <span class='ocr_line' id='line_1_32' title="bbox 295 2200 1762 2246; baseline -0.003 -11"><span class='ocrx_word' id='word_1_267' title='bbox 295 2214 338 2235; x_wconf 85' lang='lat' dir='ltr'><strong><em>ex</em></strong></span> <span class='ocrx_word' id='word_1_268' title='bbox 357 2201 505 2235; x_wconf 82' lang='lat' dir='ltr'>adverso</span> <span class='ocrx_word' id='word_1_269' title='bbox 520 2201 773 2235; x_wconf 83' lang='lat' dir='ltr'>Macedonium</span> <span class='ocrx_word' id='word_1_270' title='bbox 798 2203 1067 2246; x_wconf 85' lang='lat' dir='ltr'>ordinaverunt,</span> <span class='ocrx_word' id='word_1_271' title='bbox 1085 2205 1176 2238; x_wconf 85' lang='lat' dir='ltr'>adeo</span> <span class='ocrx_word' id='word_1_272' title='bbox 1198 2210 1239 2238; x_wconf 85' lang='lat' dir='ltr'>ut</span> <span class='ocrx_word' id='word_1_273' title='bbox 1258 2204 1375 2238; x_wconf 83' lang='lat' dir='ltr'>civiiis</span> <span class='ocrx_word' id='word_1_274' title='bbox 1392 2203 1481 2237; x_wconf 81' lang='lat' dir='ltr'>beni</span> <span class='ocrx_word' id='word_1_275' title='bbox 1503 2203 1600 2235; x_wconf 77' lang='lat' dir='ltr'>inter</span> <span class='ocrx_word' id='word_1_276' title='bbox 1625 2200 1762 2233; x_wconf 82' lang='lat' dir='ltr'>utrius-</span> 
     </span>
     <span class='ocr_line' id='line_1_33' title="bbox 294 2247 1763 2298; baseline -0.001 -17"><span class='ocrx_word' id='word_1_277' title='bbox 294 2261 366 2295; x_wconf 84' lang='lat' dir='ltr'><strong><em>que</em></strong></span> <span class='ocrx_word' id='word_1_278' title='bbox 401 2255 523 2295; x_wconf 83' lang='lat' dir='ltr'>partes</span> <span class='ocrx_word' id='word_1_279' title='bbox 570 2250 755 2283; x_wconf 84' lang='lat' dir='ltr'>conflictus</span> <span class='ocrx_word' id='word_1_280' title='bbox 791 2253 999 2285; x_wconf 80' lang='lat' dir='ltr'>exoriretur.</span> <span class='ocrx_word' id='word_1_281' title='bbox 1061 2253 1307 2293; x_wconf 84' lang='lat' dir='ltr'>Constantius,</span> <span class='ocrx_word' id='word_1_282' title='bbox 1342 2252 1406 2298; x_wconf 91' lang='lat' dir='ltr'><strong><em>qui</em></strong></span> <span class='ocrx_word' id='word_1_283' title='bbox 1437 2257 1524 2284; x_wconf 87' lang='lat' dir='ltr'>tunc</span> <span class='ocrx_word' id='word_1_284' title='bbox 1549 2247 1763 2282; x_wconf 85' lang='lat' dir='ltr'>Antiochiae</span> 
     </span>
     <span class='ocr_line' id='line_1_34' title="bbox 295 2295 1763 2352; baseline -0.001 -22"><span class='ocrx_word' id='word_1_285' title='bbox 295 2297 470 2352; x_wconf 67' lang='lat' dir='ltr'><strong>degeb.³¹³.’</strong></span> <span class='ocrx_word' id='word_1_286' title='bbox 496 2296 565 2329; x_wconf 88' lang='lat' dir='ltr'>hoc</span> <span class='ocrx_word' id='word_1_287' title='bbox 589 2298 726 2338; x_wconf 83' lang='lat' dir='ltr'>audito,</span> <span class='ocrx_word' id='word_1_288' title='bbox 752 2298 968 2343; x_wconf 77' lang='lat' dir='ltr'>Hermogeni</span> <span class='ocrx_word' id='word_1_289' title='bbox 1003 2302 1171 2345; x_wconf 79' lang='lat' dir='ltr'>magistro</span> <span class='ocrx_word' id='word_1_290' title='bbox 1196 2301 1356 2334; x_wconf 85' lang='lat' dir='ltr'>militum</span> <span class='ocrx_word' id='word_1_291' title='bbox 1383 2297 1628 2332; x_wconf 79' lang='lat' dir='ltr'>inThraciam</span> <span class='ocrx_word' id='word_1_292' title='bbox 1655 2295 1763 2329; x_wconf 84' lang='lat' dir='ltr'>misso</span> 
     </span>
     <span class='ocr_line' id='line_1_35' title="bbox 293 2343 1764 2401; baseline -0.001 -24"><span class='ocrx_word' id='word_1_293' title='bbox 293 2350 474 2401; x_wconf 73' lang='lat' dir='ltr'>praecipit</span> <span class='ocrx_word' id='word_1_294' title='bbox 499 2356 519 2376; x_wconf 91' lang='lat' dir='ltr'>a</span> <span class='ocrx_word' id='word_1_295' title='bbox 537 2351 701 2390; x_wconf 87' lang='lat' dir='ltr'>suscepto</span> <span class='ocrx_word' id='word_1_296' title='bbox 731 2346 861 2379; x_wconf 84' lang='lat' dir='ltr'>itinere</span> <span class='ocrx_word' id='word_1_297' title='bbox 881 2348 1144 2394; x_wconf 81' lang='lat' dir='ltr'>aliquantisper</span> <span class='ocrx_word' id='word_1_298' title='bbox 1161 2348 1365 2388; x_wconf 86' lang='lat' dir='ltr'>deflectere,</span> <span class='ocrx_word' id='word_1_299' title='bbox 1395 2353 1431 2381; x_wconf 86' lang='lat' dir='ltr'><strong><em>et</em></strong></span> <span class='ocrx_word' id='word_1_300' title='bbox 1456 2346 1605 2380; x_wconf 80' lang='lat' dir='ltr'>Paulum</span> <span class='ocrx_word' id='word_1_301' title='bbox 1626 2343 1673 2377; x_wconf 78' lang='lat' dir='ltr'><strong><em>ab</em></strong></span> <span class='ocrx_word' id='word_1_302' title='bbox 1703 2354 1764 2375; x_wconf 88' lang='lat' dir='ltr'><strong><em>ec-</em></strong></span> 
     </span>
     <span class='ocr_line' id='line_1_36' title="bbox 294 2391 1767 2441; baseline -0.001 -16"><span class='ocrx_word' id='word_1_303' title='bbox 294 2393 405 2426; x_wconf 76' lang='lat' dir='ltr'>clesia</span> <span class='ocrx_word' id='word_1_304' title='bbox 432 2391 587 2437; x_wconf 78' lang='lat' dir='ltr'>regenda</span> <span class='ocrx_word' id='word_1_305' title='bbox 614 2391 805 2427; x_wconf 86' lang='lat' dir='ltr'>dimovere.</span> <span class='ocrx_word' id='word_1_306' title='bbox 856 2395 1078 2440; x_wconf 75' lang='lat' dir='ltr'>Hermogene</span> <span class='ocrx_word' id='word_1_307' title='bbox 1106 2408 1236 2429; x_wconf 86' lang='lat' dir='ltr'>munus</span> <span class='ocrx_word' id='word_1_308' title='bbox 1263 2397 1478 2441; x_wconf 84' lang='lat' dir='ltr'>impositum</span> <span class='ocrx_word' id='word_1_309' title='bbox 1504 2393 1678 2439; x_wconf 79' lang='lat' dir='ltr'>perficere</span> <span class='ocrx_word' id='word_1_310' title='bbox 1705 2401 1767 2423; x_wconf 86' lang='lat' dir='ltr'>sa-</span> 
     </span>
     <span class='ocr_line' id='line_1_37' title="bbox 293 2439 1766 2494; baseline -0.001 -22"><span class='ocrx_word' id='word_1_311' title='bbox 293 2446 452 2484; x_wconf 79' lang='lat' dir='ltr'>tagente,</span> <span class='ocrx_word' id='word_1_312' title='bbox 479 2440 635 2494; x_wconf 78' lang='lat' dir='ltr'>populus</span> <span class='ocrx_word' id='word_1_313' title='bbox 660 2442 899 2475; x_wconf 86' lang='lat' dir='ltr'>tumultuatus</span> <span class='ocrx_word' id='word_1_314' title='bbox 926 2443 1068 2476; x_wconf 83' lang='lat' dir='ltr'>domum</span> <span class='ocrx_word' id='word_1_315' title='bbox 1106 2445 1183 2478; x_wconf 83' lang='lat' dir='ltr'>eius</span> <span class='ocrx_word' id='word_1_316' title='bbox 1209 2443 1418 2485; x_wconf 79' lang='lat' dir='ltr'>succendit,</span> <span class='ocrx_word' id='word_1_317' title='bbox 1447 2444 1641 2487; x_wconf 86' lang='lat' dir='ltr'>ipsumque</span> <span class='ocrx_word' id='word_1_318' title='bbox 1674 2439 1766 2471; x_wconf 84' lang='lat' dir='ltr'>Her-</span> 
     </span>
     <span class='ocr_line' id='line_1_38' title="bbox 293 2486 1767 2543; baseline -0.001 -23"><span class='ocrx_word' id='word_1_319' title='bbox 293 2499 480 2543; x_wconf 53' lang='lat' dir='ltr'>niogenem</span> <span class='ocrx_word' id='word_1_320' title='bbox 506 2493 760 2532; x_wconf 80' lang='lat' dir='ltr'>interemptum</span> <span class='ocrx_word' id='word_1_321' title='bbox 783 2489 820 2522; x_wconf 87' lang='lat' dir='ltr'><strong><em>in</em></strong></span> <span class='ocrx_word' id='word_1_322' title='bbox 847 2502 944 2524; x_wconf 83' lang='lat' dir='ltr'>mare</span> <span class='ocrx_word' id='word_1_323' title='bbox 971 2491 1135 2536; x_wconf 84' lang='lat' dir='ltr'>proiecit.</span> <span class='ocrx_word' id='word_1_324' title='bbox 1184 2492 1274 2525; x_wconf 84' lang='lat' dir='ltr'>haec</span> <span class='ocrx_word' id='word_1_325' title='bbox 1300 2503 1381 2525; x_wconf 86' lang='lat' dir='ltr'><strong><em>cum</em></strong></span> <span class='ocrx_word' id='word_1_326' title='bbox 1411 2488 1626 2524; x_wconf 84' lang='lat' dir='ltr'>Antiochiae</span> <span class='ocrx_word' id='word_1_327' title='bbox 1656 2486 1767 2520; x_wconf 88' lang='lat' dir='ltr'>resci-</span> 
     </span>
     <span class='ocr_line' id='line_1_39' title="bbox 293 2533 1768 2590; baseline -0.001 -22"><span class='ocrx_word' id='word_1_328' title='bbox 293 2541 406 2569; x_wconf 78' lang='lat' dir='ltr'>wsset</span> <span class='ocrx_word' id='word_1_329' title='bbox 433 2541 638 2590; x_wconf 65' lang='lat' dir='ltr'>imperator,</span> <span class='ocrx_word' id='word_1_330' title='bbox 665 2537 797 2580; x_wconf 79' lang='lat' dir='ltr'>regiain</span> <span class='ocrx_word' id='word_1_331' title='bbox 823 2537 947 2571; x_wconf 84' lang='lat' dir='ltr'>urbem</span> <span class='ocrx_word' id='word_1_332' title='bbox 973 2541 1136 2584; x_wconf 85' lang='lat' dir='ltr'>repetiit;</span> <span class='ocrx_word' id='word_1_333' title='bbox 1159 2546 1195 2573; x_wconf 87' lang='lat' dir='ltr'><strong><em>et</em></strong></span> <span class='ocrx_word' id='word_1_334' title='bbox 1212 2540 1360 2573; x_wconf 80' lang='lat' dir='ltr'>Paulum</span> <span class='ocrx_word' id='word_1_335' title='bbox 1389 2537 1536 2585; x_wconf 77' lang='lat' dir='ltr'>quidem</span> <span class='ocrx_word' id='word_1_336' title='bbox 1568 2533 1768 2582; x_wconf 86' lang='lat' dir='ltr'>episcopali</span> 
     </span>
     <span class='ocr_line' id='line_1_40' title="bbox 294 2582 1768 2638; baseline -0.001 -22"><span class='ocrx_word' id='word_1_337' title='bbox 294 2583 427 2616; x_wconf 83' lang='lat' dir='ltr'>throno</span> <span class='ocrx_word' id='word_1_338' title='bbox 451 2582 599 2638; x_wconf 69' lang='lat' dir='ltr'>deiecit,</span> <span class='ocrx_word' id='word_1_339' title='bbox 623 2583 875 2618; x_wconf 81' lang='lat' dir='ltr'>Macedonium</span> <span class='ocrx_word' id='word_1_340' title='bbox 900 2592 1019 2619; x_wconf 85' lang='lat' dir='ltr'>tamen</span> <span class='ocrx_word' id='word_1_341' title='bbox 1044 2587 1081 2620; x_wconf 90' lang='lat' dir='ltr'><strong><em>in</em></strong></span> <span class='ocrx_word' id='word_1_342' title='bbox 1108 2588 1210 2621; x_wconf 77' lang='lat' dir='ltr'>iilum</span> <span class='ocrx_word' id='word_1_343' title='bbox 1246 2587 1345 2621; x_wconf 86' lang='lat' dir='ltr'>haud</span> <span class='ocrx_word' id='word_1_344' title='bbox 1371 2586 1550 2632; x_wconf 77' lang='lat' dir='ltr'>provexit.</span> <span class='ocrx_word' id='word_1_345' title='bbox 1577 2590 1655 2617; x_wconf 88' lang='lat' dir='ltr'><strong><em>tum</em></strong></span> <span class='ocrx_word' id='word_1_346' title='bbox 1683 2592 1768 2615; x_wconf 86' lang='lat' dir='ltr'>vero</span> 
     </span>
     <span class='ocr_line' id='line_1_41' title="bbox 295 2631 1769 2685; baseline 0.001 -21"><span class='ocrx_word' id='word_1_347' title='bbox 295 2631 342 2664; x_wconf 90' lang='lat' dir='ltr'>ob</span> <span class='ocrx_word' id='word_1_348' title='bbox 368 2631 607 2685; x_wconf 70' lang='lat' dir='ltr'>Hermogenis</span> <span class='ocrx_word' id='word_1_349' title='bbox 639 2631 784 2664; x_wconf 81' lang='lat' dir='ltr'>caedem</span> <span class='ocrx_word' id='word_1_350' title='bbox 823 2634 956 2675; x_wconf 85' lang='lat' dir='ltr'>iratus,</span> <span class='ocrx_word' id='word_1_351' title='bbox 994 2645 1038 2667; x_wconf 82' lang='lat' dir='ltr'><strong><em>ex</em></strong></span> <span class='ocrx_word' id='word_1_352' title='bbox 1075 2636 1257 2679; x_wconf 81' lang='lat' dir='ltr'>octoginta</span> <span class='ocrx_word' id='word_1_353' title='bbox 1296 2635 1462 2669; x_wconf 83' lang='lat' dir='ltr'>millibus</span> <span class='ocrx_word' id='word_1_354' title='bbox 1491 2643 1652 2678; x_wconf 77' lang='lat' dir='ltr'>panum,</span> <span class='ocrx_word' id='word_1_355' title='bbox 1678 2639 1769 2676; x_wconf 76' lang='lat' dir='ltr'>quos</span> 
     </span>
     <span class='ocr_line' id='line_1_42' title="bbox 294 2678 1771 2734; baseline -0.001 -23"><span class='ocrx_word' id='word_1_356' title='bbox 294 2684 397 2734; x_wconf 64' lang='lat' dir='ltr'>pater</span> <span class='ocrx_word' id='word_1_357' title='bbox 422 2678 678 2712; x_wconf 83' lang='lat' dir='ltr'>Constantinus</span> <span class='ocrx_word' id='word_1_358' title='bbox 704 2679 864 2723; x_wconf 81' lang='lat' dir='ltr'>singulos</span> <span class='ocrx_word' id='word_1_359' title='bbox 894 2681 930 2713; x_wconf 87' lang='lat' dir='ltr'><strong><em>in</em></strong></span> <span class='ocrx_word' id='word_1_360' title='bbox 957 2681 1031 2714; x_wconf 82' lang='lat' dir='ltr'>dies</span> <span class='ocrx_word' id='word_1_361' title='bbox 1056 2682 1226 2716; x_wconf 88' lang='lat' dir='ltr'>distribui</span> <span class='ocrx_word' id='word_1_362' title='bbox 1251 2687 1500 2730; x_wconf 85' lang='lat' dir='ltr'>praeceperat,</span> <span class='ocrx_word' id='word_1_363' title='bbox 1528 2678 1771 2726; x_wconf 79' lang='lat' dir='ltr'>quadraginta</span> 
     </span>
     <span class='ocr_line' id='line_1_43' title="bbox 295 2725 1770 2781; baseline -0.001 -21"><span class='ocrx_word' id='word_1_364' title='bbox 295 2725 458 2781; x_wconf 41' lang='lat' dir='ltr'>mil-libus</span> <span class='ocrx_word' id='word_1_365' title='bbox 485 2725 611 2759; x_wconf 83' lang='lat' dir='ltr'>urbem</span> <span class='ocrx_word' id='word_1_366' title='bbox 645 2727 843 2761; x_wconf 85' lang='lat' dir='ltr'>mulctavit.</span> <span class='ocrx_word' id='word_1_367' title='bbox 902 2734 987 2762; x_wconf 85' lang='lat' dir='ltr'>tunc</span> <span class='ocrx_word' id='word_1_368' title='bbox 1012 2729 1137 2776; x_wconf 85' lang='lat' dir='ltr'>itaque</span> <span class='ocrx_word' id='word_1_369' title='bbox 1163 2731 1316 2772; x_wconf 81' lang='lat' dir='ltr'>Paulus,</span> <span class='ocrx_word' id='word_1_370' title='bbox 1344 2736 1384 2764; x_wconf 90' lang='lat' dir='ltr'><strong><em>ut</em></strong></span> <span class='ocrx_word' id='word_1_371' title='bbox 1420 2732 1492 2763; x_wconf 83' lang='lat' dir='ltr'>iam</span> <span class='ocrx_word' id='word_1_372' title='bbox 1517 2727 1770 2774; x_wconf 80' lang='lat' dir='ltr'>praemissum,</span> 
     </span>
     <span class='ocr_line' id='line_1_44' title="bbox 297 2774 1771 2825; baseline 0.001 -18"><span class='ocrx_word' id='word_1_373' title='bbox 297 2775 431 2808; x_wconf 82' lang='lat' dir='ltr'>Iulium</span> <span class='ocrx_word' id='word_1_374' title='bbox 457 2774 653 2808; x_wconf 78' lang='lat' dir='ltr'>Romanum</span> <span class='ocrx_word' id='word_1_375' title='bbox 680 2774 888 2821; x_wconf 86' lang='lat' dir='ltr'>episcopum</span> <span class='ocrx_word' id='word_1_376' title='bbox 915 2778 1094 2821; x_wconf 80' lang='lat' dir='ltr'>convenit,</span> <span class='ocrx_word' id='word_1_377' title='bbox 1121 2783 1158 2812; x_wconf 87' lang='lat' dir='ltr'><strong><em>et</em></strong></span> <span class='ocrx_word' id='word_1_378' title='bbox 1186 2779 1343 2825; x_wconf 85' lang='lat' dir='ltr'>acceptis</span> <span class='ocrx_word' id='word_1_379' title='bbox 1368 2777 1413 2811; x_wconf 81' lang='lat' dir='ltr'><strong><em>ab</em></strong></span> <span class='ocrx_word' id='word_1_380' title='bbox 1444 2788 1488 2811; x_wconf 89' lang='lat' dir='ltr'><strong><em>eo</em></strong></span> <span class='ocrx_word' id='word_1_381' title='bbox 1513 2776 1645 2811; x_wconf 84' lang='lat' dir='ltr'>litteris</span> <span class='ocrx_word' id='word_1_382' title='bbox 1671 2775 1771 2820; x_wconf 83' lang='lat' dir='ltr'>Cpo-</span> 
     </span>
    </p>
   </div>
  </div>
 </body>
</html>
