1786 3204
252 165 269 198 1
283 143 318 201 8
328 165 354 199 2
805 166 1164 213 ,THEOPHANIS

240 266 457 327 δαβουριίρ
501 271 575 312 καί
602 273 855 328 Πατρικίῳ,
907 267 956 313 ὃν
991 274 1178 328 καίσαρα
1213 269 1234 314 ὃ
1266 271 1470 326 βασιλεὺς
1509 275 1708 330 πεποίηκε

234 330 450 393 πρότερον,
477 337 547 380 ἵνα
577 335 656 393 τήν
675 333 901 393 ”Ασπαρος
927 334 1098 380 εὔνοιαν
1127 337 1217 396 ἔχῃ,
1263 390 1265 392 ¹

21 400 223 448 A.M.5964
349 404 844 455 Κωνσταντινουπόλεως
870 405 1099 448 ἐπισκόπου
1135 404 1332 449 Ἀκακίου
1365 405 1456 458 ἔτος
1481 406 1536 450 α’.

194 474 221 508 C
355 468 496 529 Τούτῳ
523 473 579 530 τῷ
608 470 692 515 ἔτει
711 468 933 528 ’Ἀσπαρος
948 475 1022 515 καί
1047 474 1360 530 Ἀρδαβουρίου
1376 474 1453 518 καί
1465 476 1707 534 Πατρικίου

230 538 317 579 τῶν
345 535 451 579 υἱῶν
491 539 625 582 αὐτοῦ
656 542 956 596 φονευθέντων
998 538 1079 582 ὑπὸ
1114 543 1312 595 Λέοντος,
1338 542 1503 599 Ὀστρίς
1530 542 1553 590 ὅ
1593 541 1743 590 ’ὅπα-5

227 603 408 661 σπιστὴς
441 602 665 662 ”Ασπαρος
701 609 776 649 καί
806 609 1066 663 Θευδέριχος
1107 608 1130 649 ὅ
1168 611 1375 666 Τριαρίου
1408 615 1523 663 παῖς,
1554 613 1630 668 τῆς
1657 613 1706 655 δὲ

214 666 437 728 νΑσπαρος
478 676 663 730 γαμετῆς
692 674 904 731 α’δελφός,
940 675 1123 731 ἐπῆλθεν
1158 674 1265 728 μετὰ
1299 675 1520 732 δυνάμεως
1545 679 1599 736 τῇ
1627 676 1705 720 πό-

225 744 303 794 λει,
336 740 439 792 τούς
474 744 814 799 πεφονευμένους
844 744 1083 798 ἐκδικῆσαι·
1159 745 1234 786 καί
1264 745 1305 787 εἰ
1330 742 1392 800 μή
1424 746 1652 800 προλαβών
1680 743 1703 787 ὅ

222 812 484 860 Βασιλι’σκος
522 810 567 851 ἐκ
604 812 680 864 τῆς
707 806 791 851 οἷπό
824 812 1016 861 Σικελίας
1057 811 1266 854 ἐπανόδου
1286 846 1298 866 ,
1329 813 1405 856 καί
1431 811 1584 868 Ζήνων
1614 811 1700 855 οἷπὸ

224 874 515 932 Χαλκηδόνος,
547 874 594 927 ὃς
621 872 670 933 ἢν
697 878 789 919 ἐκεῖ
809 877 880 920 τὸν
899 873 1120 934 ’Ἀσπαρος
1157 880 1379 933 α’ναμένων
1407 877 1550 937 φόνον,
1580 879 1702 935 ἑβοὴ-
1721 895 1767 923 Ιο

228 947 369 999 θησαν
398 946 449 1001 τῇ
490 943 612 985 πόλει
661 947 736 987 καί
772 946 1018 1002 διέσπειραν
1054 944 1156 995 τούς
1198 945 1542 1001 ἐπαναστάντας,
1571 948 1702 999 πολὺς

224 1007 279 1053 ἂν
307 1011 467 1065 ἐγένετο
495 1016 582 1061 τοῖς
609 1011 832 1068 πράγμασι
862 1011 1062 1067 τάραχος.
1128 1012 1149 1056 ὃ
1180 1014 1226 1056 δὲ
1256 1011 1463 1064 νεώτατος
1481 1009 1702 1070 ’Ἀσπαρος

176 1083 323 1129 Βπαῖς
350 1078 642 1134 Ἀρμενάρχος
682 1076 941 1130 ὕποκλαπείς
982 1080 1128 1138 γνώμῃ
1167 1083 1244 1124 τοῦ
1272 1080 1471 1136 Ζήνωνος
1502 1080 1701 1139 ἐκφεύγει

222 1147 390 1196 σταλείς
417 1147 462 1189 ἐν
489 1148 692 1206 Ἰσαυρίιιι,
724 1149 798 1190 καί
825 1146 955 1189 νόθου
983 1146 1180 1204 Ζήνωνος
1220 1148 1373 1199 παιδὸς
1403 1148 1595 1205 γαμβρὸς
1623 1168 1701 1193 κα·-

219 1216 446 1269 θίσταται,
477 1212 523 1264 ὃς
566 1214 675 1269 μετὰ
705 1212 780 1271 τήν
819 1216 1010 1265 Λέοντος
1049 1215 1246 1272 τελευτήν
1292 1217 1538 1269 ἐπανελθών
1561 1219 1621 1269 εἰς
1649 1217 1696 1261 τὸ
1717 1217 1765 1259 ι5

217 1281 454 1334 ,Βυζάντιον
480 1284 611 1338 μέχρι
638 1284 785 1332 τέλους
813 1283 1080 1337 εὐδαιμόνως
1114 1281 1233 1339 ἐβίω.
1293 1285 1337 1326 ἐν
1355 1283 1512 1344 Ἰταλίᾳ
1541 1286 1587 1328 δὲ
1609 1286 1700 1329 Ῥε-

216 1352 342 1404 κιζιιερ
385 1348 405 1391 ὃ
449 1349 713 1405 στρατηγός,
758 1344 808 1392 οὗ
851 1353 925 1392 καί
963 1351 1109 1407 πρώην
1151 1351 1386 1409 ἐμνήσθην,
1428 1351 1623 1408 γαμβρὸς
1652 1355 1699 1397 δὲ

215 1418 442 1472 Ἀνθεμιόυ
460 1420 535 1460 τοῦ
552 1414 740 1472 εὗσεβαῖς
758 1420 802 1461 ἐν
815 1416 960 1476 Ῥώμῃ
976 1416 1319 1473 βασιλεύσαντος,
1349 1421 1627 1463 ἐπανίσταται
1642 1423 1700 1479 τῷ

216 1485 310 1544 ἷδάρ
336 1487 526 1543 κηδεστῇ,
556 1485 630 1528 καί
646 1489 832 1540 πολέμου
853 1488 1109 1541 κρατοῦντος
1135 1485 1211 1542 τὴν
1226 1486 1388 1543 χώραν,
1415 1487 1699 1543 λιμώττουδιν

215 1550 349 1603 οὕτως
377 1552 421 1595 αἱ
451 1555 526 1596 τοῦ
551 1556 761 1607 βασιλέως
803 1552 1010 1608 δυνάμεις
1029 1587 1040 1605 ,
1069 1553 1127 1605 ὥς
1157 1554 1231 1596 καί
1255 1557 1430 1610 βυρσῶν
1459 1555 1533 1598 καί
1558 1551 1697 1599 ἄλλων
1709 1571 1762 1598 20

216 1621 366 1676 οἶηθῶν
397 1617 603 1676 ἅψασθαι
629 1619 882 1679 βρωμάτων,
914 1621 1045 1664 αὐτὸν
1075 1622 1122 1664 δὲ
1159 1619 1229 1665 τὸν
1257 1624 1438 1677 βασιλέα
1467 1622 1697 1678 Ἀνθὲμιον

316 1786 349 1820 5.
375 1784 524 1834 Ὀστρῦς
545 1786 587 1822 A.
685 1799 720 1832 9.
747 1789 924 1824 Σικελίαν
948 1789 1044 1834 vulg.
1145 1800 1201 1824 ιο.
1229 1790 1478 1838 ἐφοβήθησαν
1505 1801 1538 1824 e.
1640 1792 1691 1825 13.

307 1832 586 1930 ἒέἳῃὲαενίαρχος
618 1837 648 1871 Α
675 1848 693 1871 e
708 1862 718 1879 ,
746 1835 1022 1885 Ἀρμενάριχος
1047 1848 1080 1871 a.
1207 1839 1259 1873 16.
1281 1837 1443 1887 Ῥεκίμερ
1468 1839 1518 1883 A,
1535 1836 1694 1887 Ῥεκίβερ

215 2025 252 2053 et
275 2020 448 2062 Patricio,
488 2033 640 2067 qnorum
687 2022 809 2065 hunc,
833 2028 875 2058 ut
907 2024 1078 2071 Asparem
1116 2024 1187 2059 sibi
1217 2024 1487 2069 demereretur,
1514 2035 1692 2060 caesarem

214 2069 301 2102 olim
328 2068 574 2103 declaraverat
598 2072 807 2116 imperator.

30 2113 202 2160 A.C.464
307 2116 464 2162 Cpoleos
492 2118 651 2164 episcopi
667 2119 789 2152 Aeacii
814 2130 930 2152 annus
955 2121 1105 2165 primus.

309 2165 388 2198 Hoc
418 2177 513 2199 anno
541 2168 675 2212 Aspare
716 2179 787 2200 una
816 2179 897 2200 cum
928 2169 1013 2202 filiis
1039 2168 1244 2203 Ardaburio
1271 2174 1309 2203 et
1336 2170 1492 2205 Patricio
1519 2180 1540 2203 a
1566 2170 1690 2205 Leone

214 2212 443 2254 intersectis,
481 2214 596 2248 Ostris
627 2216 770 2260 Asparis
797 2216 944 2248 satelles
991 2222 1028 2250 et
1051 2216 1325 2251 Theoderichus
1351 2219 1484 2252 Triarii
1527 2218 1624 2252 filius
1654 2224 1693 2253 et

213 2261 358 2306 Aspar-is
383 2262 547 2306 coniugis
583 2263 694 2296 frater
730 2269 941 2298 necatorum
980 2266 1192 2310 sanguinem
1222 2266 1333 2299 ulturi
1363 2278 1442 2299 cum
1470 2273 1691 2301 armatorum

213 2309 331 2354 copiis
374 2309 560 2343 irruerunt
596 2311 634 2344 in
660 2310 811 2345 urbem:
842 2322 882 2344 ac
909 2312 978 2345 nisi
1006 2313 1199 2347 Basiliscus
1231 2324 1275 2347 ex
1299 2314 1426 2348 Sicilia
1451 2325 1624 2356 reversus,
1655 2320 1692 2349 et

212 2358 309 2390 Zeno
337 2357 472 2403 pariter
502 2369 520 2391 e
547 2357 790 2401 Chalcedone,
818 2359 881 2392 ubi
908 2361 1054 2405 Asparis
1080 2361 1146 2395 leti
1171 2362 1343 2395 nuncium
1373 2361 1691 2408 praestolabatur,

212 2405 337 2438 urbem
365 2412 674 2450 praeoccupantes
711 2408 882 2450 tulissent
917 2408 1091 2441 auxilium
1138 2414 1174 2443 et
1208 2409 1443 2455 dissipassent
1469 2410 1692 2445 seditionum

211 2459 393 2492 auctores,
420 2454 560 2498 ingenti
593 2466 739 2499 prorsus
764 2455 924 2489 tumultu
959 2467 1013 2489 res
1038 2468 1163 2490 omnes
1194 2457 1448 2492 turbabantur.
1498 2460 1690 2493 Armenar-

212 2501 301 2535 chus
328 2513 413 2535 vero
438 2502 582 2546 Asparis
608 2502 731 2536 iunior
756 2503 853 2536 filius
879 2503 1013 2537 furtive
1039 2504 1243 2539 subtractus
1269 2507 1423 2540 Zenonis
1449 2507 1604 2541 consilio
1629 2507 1690 2540 fu-

211 2561 291 2594 gam
317 2549 446 2594 arripit
469 2550 507 2582 in
534 2551 705 2583 Isauriam
733 2551 883 2592 missus,
913 2557 950 2584 et
977 2563 997 2585 a
1021 2553 1143 2598 spurio
1169 2554 1321 2588 Zenonis
1349 2555 1427 2588 filio
1452 2565 1564 2599 gener
1589 2566 1692 2588 assu·

210 2599 344 2631 mitur:
374 2598 437 2644 qui
463 2597 609 2631 tandem
638 2604 718 2644 post
739 2599 868 2632 Leonis
888 2598 1032 2634 obitum
1050 2602 1260 2644 Byzantium
1288 2613 1482 2648 regressus,
1507 2602 1691 2649 reliquum

209 2646 308 2679 vitae
336 2645 495 2679 feliciter
517 2647 670 2692 peregit.
721 2647 760 2681 in
786 2647 892 2681 Italia
912 2648 1075 2682 Recimer
1100 2648 1186 2691 dux,
1211 2650 1314 2684 cuius
1340 2651 1439 2696 prius
1469 2651 1562 2685 facta
1586 2661 1692 2684 men-

210 2693 277 2734 tio,
307 2693 492 2727 Anthemii
518 2694 578 2739 pie
607 2693 801 2728 admodum
823 2697 958 2729 Romae
983 2696 1174 2743 imperium
1193 2697 1479 2733 administrantis
1507 2710 1628 2744 gener,
1650 2699 1690 2731 in

210 2742 398 2786 proprium
427 2743 583 2787 insurgit
606 2754 789 2776 socerum:
817 2743 925 2777 bellis
951 2755 1036 2778 vero
1062 2750 1174 2779 totam
1204 2748 1385 2791 regionem
1413 2747 1688 2793 occupantibus,

210 2794 313 2824 tauta
343 2790 438 2825 fame
464 2796 674 2826 atteruntur
698 2791 927 2838 imperatoris
953 2793 1096 2841 copiae,
1131 2799 1173 2828 ut
1196 2795 1305 2829 coriis
1331 2796 1486 2843 aliisque
1511 2794 1601 2831 cibis
1628 2794 1687 2827 in—
