<?xml version="1.0" encoding="UTF-8"?>
<!DOCTYPE html PUBLIC "-//W3C//DTD XHTML 1.0 Transitional//EN"
    "http://www.w3.org/TR/xhtml1/DTD/xhtml1-transitional.dtd">
<html xmlns="http://www.w3.org/1999/xhtml" xml:lang="en" lang="en">
 <head>
  <title>
</title>
<meta http-equiv="Content-Type" content="text/html;charset=utf-8" />
  <meta name='ocr-system' content='tesseract 3.04.00' />
  <meta name='ocr-capabilities' content='ocr_page ocr_carea ocr_par ocr_line ocrx_word'/>
</head>
<body>
  <div class='ocr_page' id='page_1' title='image "./corpusscriptorum46niebuoft_0420.png"; bbox 0 0 1768 3106; ppageno 0'>
   <div class='ocr_carea' id='block_1_1' title="bbox 214 146 1110 215">
    <p class='ocr_par' dir='ltr' id='par_1_1' title="bbox 214 146 1110 215">
     <span class='ocr_line' id='line_1_1' title="bbox 214 146 1110 215; baseline 0.006 -6"><span class='ocrx_word' id='word_1_1' title='bbox 214 146 330 209; x_wconf 85' lang='lat'><strong>360</strong></span> <span class='ocrx_word' id='word_1_2' title='bbox 760 172 1110 215; x_wconf 76' lang='lat' dir='ltr'><strong>THEOPHANIS</strong></span> 
     </span>
    </p>
   </div>
   <div class='ocr_carea' id='block_1_2' title="bbox 165 271 1712 666">
    <p class='ocr_par' dir='ltr' id='par_1_2' title="bbox 165 271 1712 666">
     <span class='ocr_line' id='line_1_2' title="bbox 211 271 1678 331; baseline 0.001 -16"><span class='ocrx_word' id='word_1_3' title='bbox 211 272 335 328; x_wconf 73' lang='grc' dir='ltr'><strong><em>ἁγίου</em></strong></span> <span class='ocrx_word' id='word_1_4' title='bbox 376 276 714 331; x_wconf 73' lang='grc' dir='ltr'><em>θυσιαστηρίου,</em></span> <span class='ocrx_word' id='word_1_5' title='bbox 757 276 831 316; x_wconf 83' lang='grc' dir='ltr'>καί</span> <span class='ocrx_word' id='word_1_6' title='bbox 877 276 1130 328; x_wconf 80' lang='grc' dir='ltr'><strong><em>συνέτριψεν</em></strong></span> <span class='ocrx_word' id='word_1_7' title='bbox 1168 271 1216 314; x_wconf 87' lang='grc' dir='ltr'><strong>τὸ</strong></span> <span class='ocrx_word' id='word_1_8' title='bbox 1257 272 1457 329; x_wconf 78' lang='grc' dir='ltr'><em>κιβώριον</em></span> <span class='ocrx_word' id='word_1_9' title='bbox 1493 272 1568 316; x_wconf 78' lang='grc' dir='ltr'><strong><em>καί</em></strong></span> <span class='ocrx_word' id='word_1_10' title='bbox 1602 272 1678 329; x_wconf 79' lang='grc' dir='ltr'><strong>τήν</strong></span> 
     </span>
     <span class='ocr_line' id='line_1_3' title="bbox 207 336 1679 398; baseline -0.003 -14"><span class='ocrx_word' id='word_1_11' title='bbox 207 341 333 397; x_wconf 76' lang='grc' dir='ltr'><strong><em>ἁγίαν</em></strong></span> <span class='ocrx_word' id='word_1_12' title='bbox 357 342 568 398; x_wconf 79' lang='grc' dir='ltr'><strong><em>τράπεζαν</em></strong></span> <span class='ocrx_word' id='word_1_13' title='bbox 596 340 670 384; x_wconf 81' lang='grc' dir='ltr'><em>καί</em></span> <span class='ocrx_word' id='word_1_14' title='bbox 694 339 770 384; x_wconf 86' lang='grc' dir='ltr'><strong>τὸν</strong></span> <span class='ocrx_word' id='word_1_15' title='bbox 797 336 990 395; x_wconf 75' lang='grc' dir='ltr'><strong><em>ἅμβωνα.</em></strong></span> <span class='ocrx_word' id='word_1_16' title='bbox 1048 341 1123 381; x_wconf 82' lang='grc' dir='ltr'><strong>καί</strong></span> <span class='ocrx_word' id='word_1_17' title='bbox 1147 338 1498 394; x_wconf 79' lang='grc' dir='ltr'><strong><em>κατεγινώσκοντο</em></strong></span> <span class='ocrx_word' id='word_1_18' title='bbox 1527 338 1566 383; x_wconf 83' lang='grc' dir='ltr'><strong>οἱ</strong></span> <span class='ocrx_word' id='word_1_19' title='bbox 1597 357 1679 396; x_wconf 86' lang='grc' dir='ltr'><strong>μη-</strong></span> 
     </span>
     <span class='ocr_line' id='line_1_4' title="bbox 203 404 1679 465; baseline -0.003 -14"><span class='ocrx_word' id='word_1_20' title='bbox 203 407 402 465; x_wconf 83' lang='grc' dir='ltr'><strong><em>χανικοί,</em></strong></span> <span class='ocrx_word' id='word_1_21' title='bbox 437 408 494 459; x_wconf 79' lang='grc' dir='ltr'><strong><em>ὥς</em></strong></span> <span class='ocrx_word' id='word_1_22' title='bbox 524 404 584 451; x_wconf 72' lang='grc' dir='ltr'><strong><em>ὅτι</em></strong></span> <span class='ocrx_word' id='word_1_23' title='bbox 616 424 693 465; x_wconf 88' lang='grc' dir='ltr'><strong><em>περ</em></strong></span> <span class='ocrx_word' id='word_1_24' title='bbox 725 405 998 450; x_wconf 73' lang='grc' dir='ltr'><em>ὑποκάτωθεν</em></span> <span class='ocrx_word' id='word_1_25' title='bbox 1032 408 1109 448; x_wconf 72' lang='grc' dir='ltr'><strong>οὐκ</strong></span> <span class='ocrx_word' id='word_1_26' title='bbox 1147 408 1348 462; x_wconf 77' lang='grc' dir='ltr'><strong><em>ἐποίησαν</em></strong></span> <span class='ocrx_word' id='word_1_27' title='bbox 1374 404 1448 462; x_wconf 67' lang='grc' dir='ltr'><strong>τήν</strong></span> <span class='ocrx_word' id='word_1_28' title='bbox 1477 409 1679 463; x_wconf 84' lang='grc' dir='ltr'><strong><em>κρέμασιν</em></strong></span> 
     </span>
     <span class='ocr_line' id='line_1_5' title="bbox 206 472 1676 533; baseline -0.003 -16"><span class='ocrx_word' id='word_1_29' title='bbox 206 475 413 532; x_wconf 80' lang='grc' dir='ltr'><strong><em>φυγόντες</em></strong></span> <span class='ocrx_word' id='word_1_30' title='bbox 442 474 520 532; x_wconf 81' lang='grc' dir='ltr'><strong>τὴν</strong></span> <span class='ocrx_word' id='word_1_31' title='bbox 547 474 706 533; x_wconf 76' lang='grc' dir='ltr'><strong><em>ἔξοδον,</em></strong></span> <span class='ocrx_word' id='word_1_32' title='bbox 738 476 830 518; x_wconf 72' lang='grc' dir='ltr'><strong>ἀλλ’</strong></span> <span class='ocrx_word' id='word_1_33' title='bbox 859 473 1105 531; x_wconf 80' lang='grc' dir='ltr'><strong><em>ε’τρύπησαν</em></strong></span> <span class='ocrx_word' id='word_1_34' title='bbox 1132 472 1234 523; x_wconf 81' lang='grc' dir='ltr'><strong><em>τούς</em></strong></span> <span class='ocrx_word' id='word_1_35' title='bbox 1267 473 1443 524; x_wconf 75' lang='grc' dir='ltr'><strong><em>πινσοιὶς</em></strong></span> <span class='ocrx_word' id='word_1_36' title='bbox 1471 473 1570 525; x_wconf 82' lang='grc' dir='ltr'><strong><em>τοὺς</em></strong></span> <span class='ocrx_word' id='word_1_37' title='bbox 1597 477 1676 529; x_wconf 85' lang='grc' dir='ltr'><strong>βα-</strong></span> 
     </span>
     <span class='ocr_line' id='line_1_6' title="bbox 203 540 1712 599; baseline -0.001 -13"><span class='ocrx_word' id='word_1_38' title='bbox 203 543 438 596; x_wconf 80' lang='grc' dir='ltr'><strong><em>στάζοντας</em></strong></span> <span class='ocrx_word' id='word_1_39' title='bbox 465 541 536 585; x_wconf 84' lang='grc' dir='ltr'><strong>τὸν</strong></span> <span class='ocrx_word' id='word_1_40' title='bbox 563 546 778 599; x_wconf 75' lang='grc' dir='ltr'><strong><em>τροῦλλον,</em></strong></span> <span class='ocrx_word' id='word_1_41' title='bbox 808 543 879 584; x_wconf 85' lang='grc' dir='ltr'><strong>καὶ</strong></span> <span class='ocrx_word' id='word_1_42' title='bbox 909 540 980 584; x_wconf 77' lang='grc' dir='ltr'><strong>διὰ</strong></span> <span class='ocrx_word' id='word_1_43' title='bbox 1017 542 1143 584; x_wconf 76' lang='grc' dir='ltr'><strong><em>τοῦτο</em></strong></span> <span class='ocrx_word' id='word_1_44' title='bbox 1173 540 1251 582; x_wconf 71' lang='grc' dir='ltr'><strong>οὐκ</strong></span> <span class='ocrx_word' id='word_1_45' title='bbox 1278 541 1527 595; x_wconf 76' lang='grc' dir='ltr'><strong><em>ἐβάσταξαν.</em></strong></span> <span class='ocrx_word' id='word_1_46' title='bbox 1583 545 1712 591; x_wconf 86' lang='grc' dir='ltr'><em>λοι-5</em></span> 
     </span>
     <span class='ocr_line' id='line_1_7' title="bbox 165 603 1675 666; baseline -0.003 -12"><span class='ocrx_word' id='word_1_47' title='bbox 165 609 285 654; x_wconf 74' lang='lat' dir='ltr'><strong>cmiv</strong></span> <span class='ocrx_word' id='word_1_48' title='bbox 313 608 497 653; x_wconf 78' lang='grc' dir='ltr'><strong><em>συνιδών</em></strong></span> <span class='ocrx_word' id='word_1_49' title='bbox 525 607 546 651; x_wconf 81' lang='grc' dir='ltr'><em>ὃ</em></span> <span class='ocrx_word' id='word_1_50' title='bbox 570 611 869 664; x_wconf 75' lang='grc' dir='ltr'><strong><em>εὐσεβέστατος</em></strong></span> <span class='ocrx_word' id='word_1_51' title='bbox 888 607 1089 662; x_wconf 79' lang='grc' dir='ltr'><strong><em>βασιλεὺς</em></strong></span> <span class='ocrx_word' id='word_1_52' title='bbox 1117 604 1284 666; x_wconf 67' lang='grc' dir='ltr'><strong><em>ἤγειρεν</em></strong></span> <span class='ocrx_word' id='word_1_53' title='bbox 1307 603 1462 658; x_wconf 70' lang='grc' dir='ltr'><strong><em>ἄλλους</em></strong></span> <span class='ocrx_word' id='word_1_54' title='bbox 1489 609 1675 665; x_wconf 71' lang='grc' dir='ltr'><strong><em>πινσοιῖς,</em></strong></span> 
     </span>
    </p>
   </div>
   <div class='ocr_carea' id='block_1_3' title="bbox 907 673 996 691">
    <p class='ocr_par' dir='ltr' id='par_1_3' title="bbox 907 673 996 691">
     <span class='ocr_line' id='line_1_8' title="bbox 907 673 996 691; baseline -0.022 0"><span class='ocrx_word' id='word_1_55' title='bbox 907 676 916 691; x_wconf 64' lang='grc' dir='ltr'>ἱ</span> <span class='ocrx_word' id='word_1_56' title='bbox 976 673 996 690; x_wconf 71' lang='lat' dir='ltr'><em>U</em></span> 
     </span>
    </p>
   </div>
   <div class='ocr_carea' id='block_1_4' title="bbox 156 674 1740 1477">
    <p class='ocr_par' dir='ltr' id='par_1_4' title="bbox 201 674 1675 799">
     <span class='ocr_line' id='line_1_9' title="bbox 201 674 1675 733; baseline -0.001 -13"><span class='ocrx_word' id='word_1_57' title='bbox 201 677 278 720; x_wconf 81' lang='grc' dir='ltr'><em>καί</em></span> <span class='ocrx_word' id='word_1_58' title='bbox 306 679 476 730; x_wconf 75' lang='grc' dir='ltr'><em>ἐδέξατο</em></span> <span class='ocrx_word' id='word_1_59' title='bbox 495 676 565 720; x_wconf 90' lang='grc' dir='ltr'><strong>τὸν</strong></span> <span class='ocrx_word' id='word_1_60' title='bbox 594 680 812 733; x_wconf 82' lang='grc' dir='ltr'><strong><em>τροῦλλον,</em></strong></span> <span class='ocrx_word' id='word_1_61' title='bbox 842 694 913 720; x_wconf 86' lang='grc' dir='ltr'><strong>και</strong></span> <span class='ocrx_word' id='word_1_62' title='bbox 945 692 1076 727; x_wconf 88' lang='grc' dir='ltr'><strong><em>ουτως</em></strong></span> <span class='ocrx_word' id='word_1_63' title='bbox 1109 678 1298 732; x_wconf 81' lang='grc' dir='ltr'><strong><em>ἐκτίσθη,</em></strong></span> <span class='ocrx_word' id='word_1_64' title='bbox 1330 674 1523 730; x_wconf 76' lang='grc' dir='ltr'><strong><em>ὑψωθεὶς</em></strong></span> <span class='ocrx_word' id='word_1_65' title='bbox 1548 678 1675 719; x_wconf 81' lang='grc' dir='ltr'><em>πλέον</em></span> 
     </span>
     <span class='ocr_line' id='line_1_10' title="bbox 201 741 1571 799; baseline -0.001 -11"><span class='ocrx_word' id='word_1_66' title='bbox 201 745 335 789; x_wconf 78' lang='grc' dir='ltr'><strong><em>εἴκοσι</em></strong></span> <span class='ocrx_word' id='word_1_67' title='bbox 366 744 498 796; x_wconf 77' lang='grc' dir='ltr'><strong><em>πόδας</em></strong></span> <span class='ocrx_word' id='word_1_68' title='bbox 527 746 586 796; x_wconf 85' lang='grc' dir='ltr'><strong><em>εἰς</em></strong></span> <span class='ocrx_word' id='word_1_69' title='bbox 616 743 827 799; x_wconf 80' lang='grc' dir='ltr'><strong><em>α’νοίβασιν</em></strong></span> <span class='ocrx_word' id='word_1_70' title='bbox 855 741 997 787; x_wconf 76' lang='grc' dir='ltr'><strong><em>ἐπάνω</em></strong></span> <span class='ocrx_word' id='word_1_71' title='bbox 1028 745 1106 786; x_wconf 80' lang='grc' dir='ltr'><strong>τοῦ</strong></span> <span class='ocrx_word' id='word_1_72' title='bbox 1136 741 1305 798; x_wconf 79' lang='grc' dir='ltr'><em>πρώτου</em></span> <span class='ocrx_word' id='word_1_73' title='bbox 1335 745 1571 797; x_wconf 82' lang='grc' dir='ltr'><strong><em>κτίσματος.</em></strong></span> 
     </span>
    </p>

    <p class='ocr_par' dir='ltr' id='par_1_5' title="bbox 198 808 1740 1274">
     <span class='ocr_line' id='line_1_11' title="bbox 319 808 1677 872; baseline -0.001 -17"><span class='ocrx_word' id='word_1_74' title='bbox 319 815 388 872; x_wconf 73' lang='grc' dir='ltr'><strong>Τῷ</strong></span> <span class='ocrx_word' id='word_1_75' title='bbox 416 814 454 855; x_wconf 74' lang='grc' dir='ltr'><strong>δ’</strong></span> <span class='ocrx_word' id='word_1_76' title='bbox 498 812 613 872; x_wconf 72' lang='grc' dir='ltr'><strong><em>αὐτῷ</em></strong></span> <span class='ocrx_word' id='word_1_77' title='bbox 652 811 738 855; x_wconf 79' lang='grc' dir='ltr'><strong><em>ἔτει</em></strong></span> <span class='ocrx_word' id='word_1_78' title='bbox 775 814 1067 869; x_wconf 81' lang='grc' dir='ltr'><strong>ἐπανέστησαν</strong></span> <span class='ocrx_word' id='word_1_79' title='bbox 1116 808 1271 855; x_wconf 77' lang='grc' dir='ltr'><strong><em>Οὖννοι</em></strong></span> <span class='ocrx_word' id='word_1_80' title='bbox 1307 813 1381 854; x_wconf 84' lang='grc' dir='ltr'><em>καί</em></span> <span class='ocrx_word' id='word_1_81' title='bbox 1411 809 1600 866; x_wconf 76' lang='grc' dir='ltr'><em>Σκλάβοι</em></span> <span class='ocrx_word' id='word_1_82' title='bbox 1623 811 1677 869; x_wconf 87' lang='grc' dir='ltr'><em>τῇ</em></span> 
     </span>
     <span class='ocr_line' id='line_1_12' title="bbox 203 878 1738 939; baseline 0 -15"><span class='ocrx_word' id='word_1_83' title='bbox 203 879 350 939; x_wconf 71' lang='grc' dir='ltr'><em>Θρᾴκῃ</em></span> <span class='ocrx_word' id='word_1_84' title='bbox 393 879 537 937; x_wconf 82' lang='grc' dir='ltr'><strong><em>πλήθη</em></strong></span> <span class='ocrx_word' id='word_1_85' title='bbox 585 881 738 937; x_wconf 81' lang='grc' dir='ltr'><strong><em>πολλοί,</em></strong></span> <span class='ocrx_word' id='word_1_86' title='bbox 779 879 852 923; x_wconf 82' lang='grc' dir='ltr'><strong><em>καί</em></strong></span> <span class='ocrx_word' id='word_1_87' title='bbox 879 882 1145 937; x_wconf 79' lang='grc' dir='ltr'><strong>ἐπολέμησαν</strong></span> <span class='ocrx_word' id='word_1_88' title='bbox 1193 878 1332 936; x_wconf 74' lang='grc' dir='ltr'><strong><em>αὐτήν,</em></strong></span> <span class='ocrx_word' id='word_1_89' title='bbox 1374 881 1448 922; x_wconf 81' lang='grc' dir='ltr'><strong><em>καί</em></strong></span> <span class='ocrx_word' id='word_1_90' title='bbox 1490 880 1738 928; x_wconf 80' lang='grc' dir='ltr'><strong><em>πολλούςιο</em></strong></span> 
     </span>
     <span class='ocr_line' id='line_1_13' title="bbox 200 945 1675 1006; baseline -0.002 -15"><span class='ocrx_word' id='word_1_91' title='bbox 200 946 440 1005; x_wconf 73' lang='grc' dir='ltr'><strong><em>ἐφόνευσαν</em></strong></span> <span class='ocrx_word' id='word_1_92' title='bbox 480 947 554 991; x_wconf 83' lang='grc' dir='ltr'><em>καί</em></span> <span class='ocrx_word' id='word_1_93' title='bbox 589 949 946 1006; x_wconf 71' lang='grc' dir='ltr'><strong><em>ᾐχμαλώτευσαν.</em></strong></span> <span class='ocrx_word' id='word_1_94' title='bbox 1015 949 1196 990; x_wconf 78' lang='grc' dir='ltr'><strong><em>ἐπίασαν</em></strong></span> <span class='ocrx_word' id='word_1_95' title='bbox 1227 949 1274 991; x_wconf 78' lang='grc' dir='ltr'><strong>δὲ</strong></span> <span class='ocrx_word' id='word_1_96' title='bbox 1303 946 1377 990; x_wconf 80' lang='grc' dir='ltr'><em>καί</em></span> <span class='ocrx_word' id='word_1_97' title='bbox 1402 949 1579 1004; x_wconf 80' lang='grc' dir='ltr'><strong><em>Σέργιον</em></strong></span> <span class='ocrx_word' id='word_1_98' title='bbox 1604 945 1675 988; x_wconf 89' lang='grc' dir='ltr'><strong>τὸν</strong></span> 
     </span>
     <span class='ocr_line' id='line_1_14' title="bbox 198 1012 1676 1073; baseline -0.003 -13"><span class='ocrx_word' id='word_1_99' title='bbox 198 1015 494 1073; x_wconf 80' lang='grc' dir='ltr'><strong><em>στρατηλάτην</em></strong></span> <span class='ocrx_word' id='word_1_100' title='bbox 521 1015 614 1060; x_wconf 82' lang='grc' dir='ltr'><strong><em>υἱὸν</em></strong></span> <span class='ocrx_word' id='word_1_101' title='bbox 641 1017 820 1072; x_wconf 81' lang='grc' dir='ltr'><strong><em>Βάρχου</em></strong></span> <span class='ocrx_word' id='word_1_102' title='bbox 849 1018 925 1059; x_wconf 82' lang='grc' dir='ltr'><strong>τοῦ</strong></span> <span class='ocrx_word' id='word_1_103' title='bbox 944 1019 1248 1073; x_wconf 81' lang='grc' dir='ltr'><strong><em>πρεσβυτέρου,</em></strong></span> <span class='ocrx_word' id='word_1_104' title='bbox 1280 1017 1352 1058; x_wconf 77' lang='grc' dir='ltr'><em>καί</em></span> <span class='ocrx_word' id='word_1_105' title='bbox 1378 1014 1450 1058; x_wconf 86' lang='grc' dir='ltr'><strong>τὸν</strong></span> <span class='ocrx_word' id='word_1_106' title='bbox 1470 1012 1676 1068; x_wconf 79' lang='grc' dir='ltr'><strong><em>Ἐδερμᾶν</em></strong></span> 
     </span>
     <span class='ocr_line' id='line_1_15' title="bbox 198 1081 1674 1144; baseline -0.002 -18"><span class='ocrx_word' id='word_1_107' title='bbox 198 1082 271 1126; x_wconf 85' lang='grc' dir='ltr'><strong>τὸν</strong></span> <span class='ocrx_word' id='word_1_108' title='bbox 300 1082 535 1144; x_wconf 81' lang='grc' dir='ltr'><strong><em>στρατηγόν</em></strong></span> <span class='ocrx_word' id='word_1_109' title='bbox 575 1085 852 1127; x_wconf 78' lang='grc' dir='ltr'><strong><em>Καλοποόίου</em></strong></span> <span class='ocrx_word' id='word_1_110' title='bbox 896 1085 972 1126; x_wconf 83' lang='grc' dir='ltr'><strong>τοῦ</strong></span> <span class='ocrx_word' id='word_1_111' title='bbox 1010 1081 1281 1134; x_wconf 76' lang='grc' dir='ltr'><strong><em>ἐνδοξοτάτου</em></strong></span> <span class='ocrx_word' id='word_1_112' title='bbox 1320 1082 1674 1136; x_wconf 84' lang='grc' dir='ltr'><strong><em>κουβικουλαρίου</em></strong></span> 
     </span>
     <span class='ocr_line' id='line_1_16' title="bbox 199 1149 1675 1208; baseline -0.003 -15"><span class='ocrx_word' id='word_1_113' title='bbox 199 1154 274 1194; x_wconf 82' lang='grc' dir='ltr'><em>καί</em></span> <span class='ocrx_word' id='word_1_114' title='bbox 300 1151 595 1207; x_wconf 88' lang='grc' dir='ltr'><strong><em>πραιποσίτου.</em></strong></span> <span class='ocrx_word' id='word_1_115' title='bbox 629 1150 817 1208; x_wconf 73' lang='grc' dir='ltr'><strong><em>εὑρόντες</em></strong></span> <span class='ocrx_word' id='word_1_116' title='bbox 847 1153 893 1193; x_wconf 82' lang='grc' dir='ltr'><strong>δὲ</strong></span> <span class='ocrx_word' id='word_1_117' title='bbox 931 1153 1008 1192; x_wconf 83' lang='grc' dir='ltr'><strong>τοῦ</strong></span> <span class='ocrx_word' id='word_1_118' title='bbox 1033 1151 1202 1206; x_wconf 78' lang='grc' dir='ltr'><strong><em>τείχους</em></strong></span> <span class='ocrx_word' id='word_1_119' title='bbox 1231 1151 1306 1193; x_wconf 80' lang='grc' dir='ltr'><strong>τοῦ</strong></span> <span class='ocrx_word' id='word_1_120' title='bbox 1335 1149 1675 1193; x_wconf 81' lang='grc' dir='ltr'><strong><em>Ἀναστασιακοῦ</em></strong></span> 
     </span>
     <span class='ocr_line' id='line_1_17' title="bbox 199 1215 1740 1274; baseline -0.001 -13"><span class='ocrx_word' id='word_1_121' title='bbox 199 1220 356 1268; x_wconf 88' lang='grc' dir='ltr'><strong><em>τόπους</em></strong></span> <span class='ocrx_word' id='word_1_122' title='bbox 385 1216 504 1268; x_wconf 71' lang='grc' dir='ltr'><strong><em>τινας</em></strong></span> <span class='ocrx_word' id='word_1_123' title='bbox 531 1219 799 1267; x_wconf 80' lang='grc' dir='ltr'><strong><em>πεπτωκότας</em></strong></span> <span class='ocrx_word' id='word_1_124' title='bbox 827 1220 873 1260; x_wconf 80' lang='grc' dir='ltr'><strong>ἐκ</strong></span> <span class='ocrx_word' id='word_1_125' title='bbox 894 1218 979 1259; x_wconf 78' lang='grc' dir='ltr'><strong>τῶν</strong></span> <span class='ocrx_word' id='word_1_126' title='bbox 1006 1219 1207 1274; x_wconf 70' lang='grc' dir='ltr'><strong><em>σεισμῶν,</em></strong></span> <span class='ocrx_word' id='word_1_127' title='bbox 1237 1215 1499 1266; x_wconf 75' lang='grc' dir='ltr'><strong><em>εἰσελθόντες</em></strong></span> <span class='ocrx_word' id='word_1_128' title='bbox 1526 1218 1672 1274; x_wconf 78' lang='grc' dir='ltr'><strong><em>ᾑχμα-</em></strong></span> <span class='ocrx_word' id='word_1_129' title='bbox 1691 1218 1740 1260; x_wconf 84' lang='lat'><strong>15</strong></span> 
     </span>
    </p>

    <p class='ocr_par' dir='ltr' id='par_1_6' title="bbox 156 1282 1676 1477">
     <span class='ocr_line' id='line_1_18' title="bbox 156 1282 1676 1342; baseline -0.002 -13"><span class='ocrx_word' id='word_1_130' title='bbox 156 1283 416 1329; x_wconf 78' lang='grc' dir='ltr'><strong><em>Βλώτευσαν</em></strong></span> <span class='ocrx_word' id='word_1_131' title='bbox 445 1284 525 1335; x_wconf 73' lang='grc' dir='ltr'><strong><em>ἕως</em></strong></span> <span class='ocrx_word' id='word_1_132' title='bbox 551 1287 749 1339; x_wconf 86' lang='grc' dir='ltr'><strong><em>Λρυπίας</em></strong></span> <span class='ocrx_word' id='word_1_133' title='bbox 778 1286 851 1327; x_wconf 86' lang='grc' dir='ltr'><em>καί</em></span> <span class='ocrx_word' id='word_1_134' title='bbox 883 1287 1083 1342; x_wconf 76' lang='grc' dir='ltr'><strong><em>Νυμφῶν</em></strong></span> <span class='ocrx_word' id='word_1_135' title='bbox 1111 1284 1186 1327; x_wconf 81' lang='grc' dir='ltr'><em>καί</em></span> <span class='ocrx_word' id='word_1_136' title='bbox 1209 1282 1548 1339; x_wconf 78' lang='grc' dir='ltr'><strong><em>Χιτουκώμεως·</em></strong></span> <span class='ocrx_word' id='word_1_137' title='bbox 1603 1283 1676 1327; x_wconf 76' lang='grc' dir='ltr'><strong>καὶ</strong></span> 
     </span>
     <span class='ocr_line' id='line_1_19' title="bbox 201 1350 1676 1409; baseline -0.001 -14"><span class='ocrx_word' id='word_1_138' title='bbox 201 1352 354 1403; x_wconf 80' lang='grc' dir='ltr'><strong><em>πάντες</em></strong></span> <span class='ocrx_word' id='word_1_139' title='bbox 381 1351 540 1409; x_wconf 84' lang='grc' dir='ltr'><strong><em>ἔφυγον</em></strong></span> <span class='ocrx_word' id='word_1_140' title='bbox 569 1354 613 1395; x_wconf 81' lang='grc' dir='ltr'><strong>ἐν</strong></span> <span class='ocrx_word' id='word_1_141' title='bbox 636 1353 686 1409; x_wconf 81' lang='grc' dir='ltr'><strong>τῇ</strong></span> <span class='ocrx_word' id='word_1_142' title='bbox 705 1353 824 1394; x_wconf 80' lang='grc' dir='ltr'><strong><em>πόλει</em></strong></span> <span class='ocrx_word' id='word_1_143' title='bbox 842 1350 947 1407; x_wconf 74' lang='grc' dir='ltr'><strong><em>μετὰ</em></strong></span> <span class='ocrx_word' id='word_1_144' title='bbox 977 1354 1060 1395; x_wconf 76' lang='grc' dir='ltr'><strong><em>ταῖν</em></strong></span> <span class='ocrx_word' id='word_1_145' title='bbox 1087 1350 1368 1408; x_wconf 76' lang='grc' dir='ltr'><strong><em>ὑπαρχόντων</em></strong></span> <span class='ocrx_word' id='word_1_146' title='bbox 1390 1352 1546 1394; x_wconf 67' lang='grc' dir='ltr'><strong><em>αὐτῶν·</em></strong></span> <span class='ocrx_word' id='word_1_147' title='bbox 1575 1353 1676 1394; x_wconf 83' lang='grc' dir='ltr'><strong><em>τοῦ-</em></strong></span> 
     </span>
     <span class='ocr_line' id='line_1_20' title="bbox 198 1417 1676 1477; baseline -0.002 -13"><span class='ocrx_word' id='word_1_148' title='bbox 198 1437 247 1464; x_wconf 89' lang='grc' dir='ltr'><strong>το</strong></span> <span class='ocrx_word' id='word_1_149' title='bbox 278 1422 324 1463; x_wconf 74' lang='grc' dir='ltr'><strong>δὲ</strong></span> <span class='ocrx_word' id='word_1_150' title='bbox 351 1419 476 1477; x_wconf 71' lang='grc' dir='ltr'><strong><em>γνούς</em></strong></span> <span class='ocrx_word' id='word_1_151' title='bbox 508 1418 531 1462; x_wconf 81' lang='grc' dir='ltr'>ὅ</span> <span class='ocrx_word' id='word_1_152' title='bbox 562 1419 766 1475; x_wconf 77' lang='grc' dir='ltr'><strong><em>βασιλεύς</em></strong></span> <span class='ocrx_word' id='word_1_153' title='bbox 797 1420 1058 1476; x_wconf 76' lang='grc' dir='ltr'><strong><em>ἐδημότευσε</em></strong></span> <span class='ocrx_word' id='word_1_154' title='bbox 1077 1418 1271 1476; x_wconf 83' lang='grc' dir='ltr'><strong><em>πολλούς,</em></strong></span> <span class='ocrx_word' id='word_1_155' title='bbox 1299 1420 1374 1462; x_wconf 82' lang='grc' dir='ltr'><em>καί</em></span> <span class='ocrx_word' id='word_1_156' title='bbox 1396 1417 1588 1474; x_wconf 78' lang='grc' dir='ltr'><strong><em>ἔπεμψεν</em></strong></span> <span class='ocrx_word' id='word_1_157' title='bbox 1614 1420 1676 1469; x_wconf 81' lang='grc' dir='ltr'><strong><em>εἷς</em></strong></span> 
     </span>
    </p>
   </div>
   <div class='ocr_carea' id='block_1_5' title="bbox 292 1560 1678 1853">
    <p class='ocr_par' dir='ltr' id='par_1_7' title="bbox 292 1560 1678 1853">
     <span class='ocr_line' id='line_1_21' title="bbox 292 1560 1677 1612; baseline 0.001 -15"><span class='ocrx_word' id='word_1_158' title='bbox 292 1575 326 1597; x_wconf 79' lang='lat'><strong>2.</strong></span> <span class='ocrx_word' id='word_1_159' title='bbox 351 1561 581 1612; x_wconf 82' lang='grc' dir='ltr'><strong><em>μηχανικοί]</em></strong></span> <span class='ocrx_word' id='word_1_160' title='bbox 618 1565 835 1611; x_wconf 80' lang='grc' dir='ltr'><strong>χειμερικοί</strong></span> <span class='ocrx_word' id='word_1_161' title='bbox 852 1562 881 1596; x_wconf 91' lang='grc' dir='ltr'><strong>Α</strong></span> <span class='ocrx_word' id='word_1_162' title='bbox 907 1563 929 1596; x_wconf 87' lang='lat' dir='ltr'><strong>f.</strong></span> <span class='ocrx_word' id='word_1_163' title='bbox 1067 1563 1099 1596; x_wconf 83' lang='lat'><strong>3.</strong></span> <span class='ocrx_word' id='word_1_164' title='bbox 1129 1561 1179 1603; x_wconf 80' lang='grc' dir='ltr'><strong><em>ὦς</em></strong></span> <span class='ocrx_word' id='word_1_165' title='bbox 1205 1561 1246 1604; x_wconf 88' lang='grc' dir='ltr'><strong>Α,</strong></span> <span class='ocrx_word' id='word_1_166' title='bbox 1271 1564 1336 1597; x_wconf 81' lang='grc' dir='ltr'><strong>καὶ</strong></span> <span class='ocrx_word' id='word_1_167' title='bbox 1358 1561 1454 1607; x_wconf 85' lang='lat' dir='ltr'><strong>vulg.</strong></span> <span class='ocrx_word' id='word_1_168' title='bbox 1577 1560 1677 1599; x_wconf 76' lang='grc' dir='ltr'><strong><em>ἀπο-</em></strong></span> 
     </span>
     <span class='ocr_line' id='line_1_22' title="bbox 292 1609 1675 1657; baseline -0.002 -10"><span class='ocrx_word' id='word_1_169' title='bbox 292 1610 464 1647; x_wconf 77' lang='grc' dir='ltr'><strong><em>κάτωθεν</em></strong></span> <span class='ocrx_word' id='word_1_170' title='bbox 489 1612 530 1645; x_wconf 88' lang='grc' dir='ltr'><strong>Α.</strong></span> <span class='ocrx_word' id='word_1_171' title='bbox 678 1613 710 1646; x_wconf 86' lang='grc'><strong>5.</strong></span> <span class='ocrx_word' id='word_1_172' title='bbox 737 1610 803 1647; x_wconf 80' lang='grc' dir='ltr'><strong>οὐκ</strong></span> <span class='ocrx_word' id='word_1_173' title='bbox 829 1610 1045 1657; x_wconf 73' lang='grc' dir='ltr'><strong><em>ἐβάσταξαν</em></strong></span> <span class='ocrx_word' id='word_1_174' title='bbox 1068 1611 1098 1645; x_wconf 88' lang='lat' dir='ltr'>A</span> <span class='ocrx_word' id='word_1_175' title='bbox 1125 1611 1162 1652; x_wconf 84' lang='lat' dir='ltr'><strong>s,</strong></span> <span class='ocrx_word' id='word_1_176' title='bbox 1201 1609 1243 1646; x_wconf 86' lang='grc' dir='ltr'><strong>οὗ</strong></span> <span class='ocrx_word' id='word_1_177' title='bbox 1269 1610 1551 1656; x_wconf 81' lang='grc' dir='ltr'><strong><em>κατεβάσταξαν</em></strong></span> <span class='ocrx_word' id='word_1_178' title='bbox 1575 1611 1675 1656; x_wconf 86' lang='lat' dir='ltr'>vulg.</span> 
     </span>
     <span class='ocr_line' id='line_1_23' title="bbox 293 1655 1678 1704; baseline 0.001 -11"><span class='ocrx_word' id='word_1_179' title='bbox 293 1662 327 1695; x_wconf 85' lang='lat'><strong>8.</strong></span> <span class='ocrx_word' id='word_1_180' title='bbox 359 1660 488 1697; x_wconf 74' lang='grc' dir='ltr'><strong><em>ἐπάνω</em></strong></span> <span class='ocrx_word' id='word_1_181' title='bbox 515 1670 584 1692; x_wconf 90' lang='lat' dir='ltr'><strong>om.</strong></span> <span class='ocrx_word' id='word_1_182' title='bbox 612 1658 649 1692; x_wconf 89' lang='lat' dir='ltr'><strong>b.</strong></span> <span class='ocrx_word' id='word_1_183' title='bbox 797 1671 848 1693; x_wconf 80' lang='grc' dir='ltr'><strong>ιο.</strong></span> <span class='ocrx_word' id='word_1_184' title='bbox 874 1659 996 1704; x_wconf 79' lang='grc' dir='ltr'><strong><em>πλήθη</em></strong></span> <span class='ocrx_word' id='word_1_185' title='bbox 1022 1659 1152 1701; x_wconf 77' lang='grc' dir='ltr'><strong><em>πολλά,</em></strong></span> <span class='ocrx_word' id='word_1_186' title='bbox 1184 1661 1249 1693; x_wconf 80' lang='grc' dir='ltr'><strong>καὶ</strong></span> <span class='ocrx_word' id='word_1_187' title='bbox 1273 1660 1375 1694; x_wconf 78' lang='grc' dir='ltr'><strong><em>ἐπολ.</em></strong></span> <span class='ocrx_word' id='word_1_188' title='bbox 1403 1655 1523 1704; x_wconf 48' lang='lat' dir='ltr'><strong>aaran»</strong></span> <span class='ocrx_word' id='word_1_189' title='bbox 1546 1659 1587 1702; x_wconf 86' lang='lat' dir='ltr'><strong>A,</strong></span> <span class='ocrx_word' id='word_1_190' title='bbox 1612 1661 1678 1694; x_wconf 74' lang='grc' dir='ltr'><strong>καὶ</strong></span> 
     </span>
     <span class='ocr_line' id='line_1_24' title="bbox 296 1705 1674 1754; baseline -0.003 -10"><span class='ocrx_word' id='word_1_191' title='bbox 296 1709 398 1744; x_wconf 61' lang='lat'><strong>3710).-</strong></span> <span class='ocrx_word' id='word_1_192' title='bbox 426 1706 504 1742; x_wconf 77' lang='grc' dir='ltr'><strong><em>αὐτ.</em></strong></span> <span class='ocrx_word' id='word_1_193' title='bbox 532 1708 593 1742; x_wconf 82' lang='grc' dir='ltr'><strong><em>πλ.</em></strong></span> <span class='ocrx_word' id='word_1_194' title='bbox 619 1705 737 1743; x_wconf 78' lang='grc' dir='ltr'><strong><em>πολλὰ</em></strong></span> <span class='ocrx_word' id='word_1_195' title='bbox 760 1708 857 1753; x_wconf 87' lang='lat' dir='ltr'><strong>vulg.</strong></span> <span class='ocrx_word' id='word_1_196' title='bbox 993 1719 1043 1743; x_wconf 82' lang='grc' dir='ltr'><strong>ιι.</strong></span> <span class='ocrx_word' id='word_1_197' title='bbox 1067 1710 1131 1743; x_wconf 84' lang='grc' dir='ltr'><strong>καὶ</strong></span> <span class='ocrx_word' id='word_1_198' title='bbox 1155 1712 1239 1740; x_wconf 86' lang='lat' dir='ltr'><strong>ante</strong></span> <span class='ocrx_word' id='word_1_199' title='bbox 1262 1710 1426 1754; x_wconf 80' lang='grc' dir='ltr'><strong><em>Σέργιον</em></strong></span> <span class='ocrx_word' id='word_1_200' title='bbox 1453 1707 1536 1741; x_wconf 87' lang='lat' dir='ltr'><strong>add.</strong></span> <span class='ocrx_word' id='word_1_201' title='bbox 1565 1719 1610 1741; x_wconf 87' lang='lat' dir='ltr'><strong>ex</strong></span> <span class='ocrx_word' id='word_1_202' title='bbox 1631 1708 1674 1742; x_wconf 87' lang='lat' dir='ltr'><strong>A.</strong></span> 
     </span>
     <span class='ocr_line' id='line_1_25' title="bbox 299 1755 1678 1837; baseline 0 -46"><span class='ocrx_word' id='word_1_203' title='bbox 299 1759 352 1814; x_wconf 55' lang='lat'>16&#39;-</span> <span class='ocrx_word' id='word_1_204' title='bbox 379 1757 577 1837; x_wconf 69' lang='grc' dir='ltr'><strong><em>Δροωῖίας</em></strong></span> <span class='ocrx_word' id='word_1_205' title='bbox 600 1756 641 1790; x_wconf 83' lang='grc' dir='ltr'><strong>Α.</strong></span> <span class='ocrx_word' id='word_1_206' title='bbox 763 1755 1043 1804; x_wconf 82' lang='grc' dir='ltr'><strong><em>Χιτουκώμεως</em></strong></span> <span class='ocrx_word' id='word_1_207' title='bbox 1065 1756 1095 1790; x_wconf 86' lang='grc' dir='ltr'><strong>Α</strong></span> <span class='ocrx_word' id='word_1_208' title='bbox 1122 1767 1154 1797; x_wconf 92' lang='lat' dir='ltr'><strong>e,</strong></span> <span class='ocrx_word' id='word_1_209' title='bbox 1178 1757 1292 1791; x_wconf 84' lang='grc' dir='ltr'><strong><em>Σίιου</em></strong></span> <span class='ocrx_word' id='word_1_210' title='bbox 1323 1758 1476 1804; x_wconf 79' lang='grc' dir='ltr'><strong><em>κωμέως</em></strong></span> <span class='ocrx_word' id='word_1_211' title='bbox 1500 1757 1526 1798; x_wconf 88' lang='lat' dir='ltr'><strong>f,</strong></span> <span class='ocrx_word' id='word_1_212' title='bbox 1555 1755 1678 1791; x_wconf 79' lang='grc' dir='ltr'><strong><em>Χιτοῦ</em></strong></span> 
     </span>
     <span class='ocr_line' id='line_1_26' title="bbox 297 1814 547 1853; baseline -0.012 -14"><span class='ocrx_word' id='word_1_213' title='bbox 297 1816 424 1853; x_wconf 79' lang='grc' dir='ltr'><strong><em>κωμης</em></strong></span> <span class='ocrx_word' id='word_1_214' title='bbox 451 1816 495 1838; x_wconf 90' lang='lat' dir='ltr'><strong>vu</strong></span> <span class='ocrx_word' id='word_1_215' title='bbox 515 1814 547 1849; x_wconf 86' lang='lat' dir='ltr'><strong>g.</strong></span> 
     </span>
    </p>
   </div>
   <div class='ocr_carea' id='block_1_6' title="bbox 202 1930 1680 2840">
    <p class='ocr_par' dir='ltr' id='par_1_8' title="bbox 202 1930 1680 2445">
     <span class='ocr_line' id='line_1_27' title="bbox 203 1930 1679 1981; baseline -0.001 -15"><span class='ocrx_word' id='word_1_216' title='bbox 203 1932 330 1966; x_wconf 79' lang='lat' dir='ltr'><strong>formis</strong></span> <span class='ocrx_word' id='word_1_217' title='bbox 376 1943 420 1966; x_wconf 81' lang='lat' dir='ltr'><strong>ex</strong></span> <span class='ocrx_word' id='word_1_218' title='bbox 462 1936 579 1966; x_wconf 81' lang='lat' dir='ltr'><strong>terrae</strong></span> <span class='ocrx_word' id='word_1_219' title='bbox 616 1937 779 1966; x_wconf 81' lang='lat' dir='ltr'><strong>motuum</strong></span> <span class='ocrx_word' id='word_1_220' title='bbox 818 1931 1054 1966; x_wconf 83' lang='lat' dir='ltr'><strong>concussione</strong></span> <span class='ocrx_word' id='word_1_221' title='bbox 1087 1931 1321 1981; x_wconf 79' lang='lat' dir='ltr'>cernebatur)</span> <span class='ocrx_word' id='word_1_222' title='bbox 1356 1942 1438 1978; x_wconf 83' lang='lat' dir='ltr'><strong>pars</strong></span> <span class='ocrx_word' id='word_1_223' title='bbox 1462 1930 1679 1965; x_wconf 81' lang='lat' dir='ltr'><strong>orientalior</strong></span> 
     </span>
     <span class='ocr_line' id='line_1_28' title="bbox 204 1979 1677 2015; baseline -0.002 -1"><span class='ocrx_word' id='word_1_224' title='bbox 204 1986 411 2014; x_wconf 80' lang='lat' dir='ltr'><strong>contractae</strong></span> <span class='ocrx_word' id='word_1_225' title='bbox 439 1980 484 2013; x_wconf 83' lang='lat' dir='ltr'><strong>ad</strong></span> <span class='ocrx_word' id='word_1_226' title='bbox 508 1986 671 2015; x_wconf 83' lang='lat' dir='ltr'><strong>sanctum</strong></span> <span class='ocrx_word' id='word_1_227' title='bbox 695 1981 809 2015; x_wconf 81' lang='lat' dir='ltr'><strong>altare</strong></span> <span class='ocrx_word' id='word_1_228' title='bbox 833 1980 1026 2015; x_wconf 85' lang='lat' dir='ltr'><strong>testudinis</strong></span> <span class='ocrx_word' id='word_1_229' title='bbox 1055 1979 1193 2014; x_wconf 84' lang='lat' dir='ltr'><strong>decidit</strong></span> <span class='ocrx_word' id='word_1_230' title='bbox 1217 1981 1256 2014; x_wconf 88' lang='lat' dir='ltr'><strong>in</strong></span> <span class='ocrx_word' id='word_1_231' title='bbox 1278 1987 1423 2015; x_wconf 82' lang='lat' dir='ltr'><strong>terram.</strong></span> <span class='ocrx_word' id='word_1_232' title='bbox 1449 1979 1553 2012; x_wconf 90' lang='lat' dir='ltr'><strong>molis</strong></span> <span class='ocrx_word' id='word_1_233' title='bbox 1579 1980 1677 2012; x_wconf 78' lang='lat' dir='ltr'><strong>eius-</strong></span> 
     </span>
     <span class='ocr_line' id='line_1_29' title="bbox 202 2027 1677 2070; baseline -0.001 -9"><span class='ocrx_word' id='word_1_234' title='bbox 202 2028 303 2061; x_wconf 88' lang='lat' dir='ltr'>modi</span> <span class='ocrx_word' id='word_1_235' title='bbox 333 2028 541 2062; x_wconf 83' lang='lat' dir='ltr'><strong>collabente</strong></span> <span class='ocrx_word' id='word_1_236' title='bbox 570 2030 674 2063; x_wconf 85' lang='lat' dir='ltr'><strong>ruina</strong></span> <span class='ocrx_word' id='word_1_237' title='bbox 701 2029 876 2063; x_wconf 89' lang='lat' dir='ltr'><strong>ciborium</strong></span> <span class='ocrx_word' id='word_1_238' title='bbox 894 2054 904 2070; x_wconf 91' lang='lat'>,</span> <span class='ocrx_word' id='word_1_239' title='bbox 945 2033 1069 2062; x_wconf 84' lang='lat' dir='ltr'><strong>sancta</strong></span> <span class='ocrx_word' id='word_1_240' title='bbox 1094 2039 1231 2068; x_wconf 82' lang='lat' dir='ltr'><strong>mensa,</strong></span> <span class='ocrx_word' id='word_1_241' title='bbox 1257 2034 1295 2062; x_wconf 86' lang='lat' dir='ltr'><strong>et</strong></span> <span class='ocrx_word' id='word_1_242' title='bbox 1321 2028 1426 2061; x_wconf 89' lang='lat' dir='ltr'><strong>ambo</strong></span> <span class='ocrx_word' id='word_1_243' title='bbox 1457 2027 1677 2060; x_wconf 82' lang='lat' dir='ltr'><strong>comminuta</strong></span> 
     </span>
     <span class='ocr_line' id='line_1_30' title="bbox 206 2074 1678 2122; baseline -0.001 -14"><span class='ocrx_word' id='word_1_244' title='bbox 206 2082 292 2109; x_wconf 86' lang='lat' dir='ltr'><strong>sunt</strong></span> <span class='ocrx_word' id='word_1_245' title='bbox 317 2081 354 2109; x_wconf 77' lang='lat' dir='ltr'><strong>et</strong></span> <span class='ocrx_word' id='word_1_246' title='bbox 377 2076 486 2121; x_wconf 88' lang='lat' dir='ltr'><strong>plane</strong></span> <span class='ocrx_word' id='word_1_247' title='bbox 513 2078 681 2111; x_wconf 83' lang='lat' dir='ltr'><strong>contrita.</strong></span> <span class='ocrx_word' id='word_1_248' title='bbox 733 2082 857 2111; x_wconf 84' lang='lat' dir='ltr'><strong>tantae</strong></span> <span class='ocrx_word' id='word_1_249' title='bbox 875 2088 981 2122; x_wconf 88' lang='lat' dir='ltr'><strong>porro</strong></span> <span class='ocrx_word' id='word_1_250' title='bbox 1007 2077 1167 2110; x_wconf 78' lang='lat' dir='ltr'><strong>iacturae</strong></span> <span class='ocrx_word' id='word_1_251' title='bbox 1192 2075 1451 2109; x_wconf 81' lang='lat' dir='ltr'><strong>incusabantur</strong></span> <span class='ocrx_word' id='word_1_252' title='bbox 1476 2074 1678 2116; x_wconf 83' lang='lat' dir='ltr'><strong>architecti,</strong></span> 
     </span>
     <span class='ocr_line' id='line_1_31' title="bbox 206 2122 1677 2171; baseline -0.001 -15"><span class='ocrx_word' id='word_1_253' title='bbox 206 2123 319 2169; x_wconf 86' lang='lat' dir='ltr'><strong>quod,</strong></span> <span class='ocrx_word' id='word_1_254' title='bbox 345 2129 387 2157; x_wconf 87' lang='lat' dir='ltr'><strong>ut</strong></span> <span class='ocrx_word' id='word_1_255' title='bbox 411 2124 612 2170; x_wconf 83' lang='lat' dir='ltr'>sumptibus</span> <span class='ocrx_word' id='word_1_256' title='bbox 647 2130 860 2171; x_wconf 82' lang='lat' dir='ltr'><strong>parcerent,</strong></span> <span class='ocrx_word' id='word_1_257' title='bbox 899 2125 1053 2170; x_wconf 84' lang='lat' dir='ltr'><strong>pilarum</strong></span> <span class='ocrx_word' id='word_1_258' title='bbox 1080 2125 1199 2169; x_wconf 84' lang='lat' dir='ltr'><strong>capita</strong></span> <span class='ocrx_word' id='word_1_259' title='bbox 1230 2123 1276 2156; x_wconf 87' lang='lat' dir='ltr'><strong>ad</strong></span> <span class='ocrx_word' id='word_1_260' title='bbox 1303 2123 1405 2157; x_wconf 84' lang='lat' dir='ltr'><strong>trulli</strong></span> <span class='ocrx_word' id='word_1_261' title='bbox 1439 2122 1579 2156; x_wconf 79' lang='lat' dir='ltr'><strong>radices</strong></span> <span class='ocrx_word' id='word_1_262' title='bbox 1602 2134 1677 2156; x_wconf 89' lang='lat' dir='ltr'><strong>non</strong></span> 
     </span>
     <span class='ocr_line' id='line_1_32' title="bbox 205 2170 1678 2219; baseline 0 -15"><span class='ocrx_word' id='word_1_263' title='bbox 205 2170 322 2205; x_wconf 85' lang='lat' dir='ltr'><strong>solide</strong></span> <span class='ocrx_word' id='word_1_264' title='bbox 346 2182 412 2216; x_wconf 85' lang='lat' dir='ltr'><strong>per</strong></span> <span class='ocrx_word' id='word_1_265' title='bbox 449 2183 571 2205; x_wconf 89' lang='lat' dir='ltr'><strong>omnes</strong></span> <span class='ocrx_word' id='word_1_266' title='bbox 605 2179 724 2219; x_wconf 84' lang='lat' dir='ltr'><strong>partes</strong></span> <span class='ocrx_word' id='word_1_267' title='bbox 764 2172 1040 2218; x_wconf 84' lang='lat' dir='ltr'><strong>compegissent,</strong></span> <span class='ocrx_word' id='word_1_268' title='bbox 1073 2171 1137 2205; x_wconf 86' lang='lat' dir='ltr'><strong>sed</strong></span> <span class='ocrx_word' id='word_1_269' title='bbox 1161 2182 1219 2204; x_wconf 87' lang='lat' dir='ltr'><strong>eas</strong></span> <span class='ocrx_word' id='word_1_270' title='bbox 1253 2172 1367 2217; x_wconf 88' lang='lat' dir='ltr'><strong>pilas,</strong></span> <span class='ocrx_word' id='word_1_271' title='bbox 1395 2182 1489 2217; x_wconf 85' lang='lat' dir='ltr'><strong>quae</strong></span> <span class='ocrx_word' id='word_1_272' title='bbox 1527 2170 1678 2205; x_wconf 87' lang='lat' dir='ltr'><strong>trullum</strong></span> 
     </span>
     <span class='ocr_line' id='line_1_33' title="bbox 206 2218 1677 2267; baseline 0.001 -16"><span class='ocrx_word' id='word_1_273' title='bbox 206 2219 429 2259; x_wconf 83' lang='lat' dir='ltr'><strong>suffulciunt,</strong></span> <span class='ocrx_word' id='word_1_274' title='bbox 457 2219 623 2254; x_wconf 86' lang='lat' dir='ltr'><strong>fenestris</strong></span> <span class='ocrx_word' id='word_1_275' title='bbox 651 2227 688 2254; x_wconf 89' lang='lat' dir='ltr'><strong>et</strong></span> <span class='ocrx_word' id='word_1_276' title='bbox 713 2221 892 2267; x_wconf 83' lang='lat' dir='ltr'><strong>aperturis</strong></span> <span class='ocrx_word' id='word_1_277' title='bbox 916 2220 1149 2266; x_wconf 80' lang='lat' dir='ltr'><strong>reliquissent</strong></span> <span class='ocrx_word' id='word_1_278' title='bbox 1182 2218 1338 2260; x_wconf 87' lang='lat' dir='ltr'><strong>hiantes,</strong></span> <span class='ocrx_word' id='word_1_279' title='bbox 1366 2230 1409 2252; x_wconf 81' lang='lat' dir='ltr'><strong>ex</strong></span> <span class='ocrx_word' id='word_1_280' title='bbox 1433 2230 1506 2265; x_wconf 91' lang='lat' dir='ltr'><strong>quo</strong></span> <span class='ocrx_word' id='word_1_281' title='bbox 1532 2224 1677 2252; x_wconf 85' lang='lat' dir='ltr'><strong>susten-</strong></span> 
     </span>
     <span class='ocr_line' id='line_1_34' title="bbox 204 2266 1677 2313; baseline -0.001 -13"><span class='ocrx_word' id='word_1_282' title='bbox 204 2266 317 2300; x_wconf 81' lang='lat' dir='ltr'><strong>tando</strong></span> <span class='ocrx_word' id='word_1_283' title='bbox 342 2267 454 2300; x_wconf 83' lang='lat' dir='ltr'><strong>trullo</strong></span> <span class='ocrx_word' id='word_1_284' title='bbox 479 2279 553 2301; x_wconf 88' lang='lat' dir='ltr'><strong>non</strong></span> <span class='ocrx_word' id='word_1_285' title='bbox 589 2268 690 2302; x_wconf 84' lang='lat' dir='ltr'><strong>fuere</strong></span> <span class='ocrx_word' id='word_1_286' title='bbox 718 2269 814 2302; x_wconf 80' lang='lat' dir='ltr'><strong>satis.</strong></span> <span class='ocrx_word' id='word_1_287' title='bbox 872 2267 943 2302; x_wconf 84' lang='lat' dir='ltr'><strong>hoc</strong></span> <span class='ocrx_word' id='word_1_288' title='bbox 976 2266 1233 2307; x_wconf 85' lang='lat' dir='ltr'><strong>animadverso,</strong></span> <span class='ocrx_word' id='word_1_289' title='bbox 1259 2267 1349 2313; x_wconf 81' lang='lat' dir='ltr'><strong>pilas</strong></span> <span class='ocrx_word' id='word_1_290' title='bbox 1378 2267 1469 2300; x_wconf 82' lang='lat' dir='ltr'><strong>alias</strong></span> <span class='ocrx_word' id='word_1_291' title='bbox 1496 2267 1677 2312; x_wconf 80' lang='lat' dir='ltr'><strong>piissimus</strong></span> 
     </span>
     <span class='ocr_line' id='line_1_35' title="bbox 204 2314 1677 2364; baseline 0 -17"><span class='ocrx_word' id='word_1_292' title='bbox 204 2315 404 2361; x_wconf 75' lang='lat' dir='ltr'><strong>imperator</strong></span> <span class='ocrx_word' id='word_1_293' title='bbox 444 2316 625 2357; x_wconf 77' lang='lat' dir='ltr'><strong>extruxit,</strong></span> <span class='ocrx_word' id='word_1_294' title='bbox 659 2327 753 2364; x_wconf 86' lang='lat' dir='ltr'><strong>quae</strong></span> <span class='ocrx_word' id='word_1_295' title='bbox 792 2316 942 2350; x_wconf 85' lang='lat' dir='ltr'><strong>trullum</strong></span> <span class='ocrx_word' id='word_1_296' title='bbox 983 2314 1153 2360; x_wconf 86' lang='lat' dir='ltr'><strong>deinceps</strong></span> <span class='ocrx_word' id='word_1_297' title='bbox 1194 2321 1435 2361; x_wconf 82' lang='lat' dir='ltr'><strong>exceperunt:</strong></span> <span class='ocrx_word' id='word_1_298' title='bbox 1476 2320 1587 2360; x_wconf 87' lang='lat' dir='ltr'><strong>atque</strong></span> <span class='ocrx_word' id='word_1_299' title='bbox 1625 2315 1677 2347; x_wconf 84' lang='lat' dir='ltr'><strong>ita</strong></span> 
     </span>
     <span class='ocr_line' id='line_1_36' title="bbox 205 2363 1680 2410; baseline -0.001 -14"><span class='ocrx_word' id='word_1_300' title='bbox 205 2363 426 2396; x_wconf 82' lang='lat' dir='ltr'><strong>instauratus</strong></span> <span class='ocrx_word' id='word_1_301' title='bbox 453 2368 507 2397; x_wconf 83' lang='lat' dir='ltr'><strong>est</strong></span> <span class='ocrx_word' id='word_1_302' title='bbox 530 2363 659 2408; x_wconf 87' lang='lat' dir='ltr'><strong>viginti</strong></span> <span class='ocrx_word' id='word_1_303' title='bbox 685 2363 799 2410; x_wconf 84' lang='lat' dir='ltr'><strong>pedes</strong></span> <span class='ocrx_word' id='word_1_304' title='bbox 831 2364 952 2406; x_wconf 82' lang='lat' dir='ltr'><strong>altior,</strong></span> <span class='ocrx_word' id='word_1_305' title='bbox 991 2373 1100 2410; x_wconf 85' lang='lat' dir='ltr'><strong>quam</strong></span> <span class='ocrx_word' id='word_1_306' title='bbox 1125 2363 1163 2396; x_wconf 88' lang='lat' dir='ltr'><strong>in</strong></span> <span class='ocrx_word' id='word_1_307' title='bbox 1188 2363 1302 2409; x_wconf 90' lang='lat' dir='ltr'><strong>priori</strong></span> <span class='ocrx_word' id='word_1_308' title='bbox 1329 2363 1583 2398; x_wconf 81' lang='lat' dir='ltr'><strong>aedificatione</strong></span> <span class='ocrx_word' id='word_1_309' title='bbox 1609 2373 1680 2395; x_wconf 81' lang='lat' dir='ltr'><strong>an·-</strong></span> 
     </span>
     <span class='ocr_line' id='line_1_37' title="bbox 205 2411 424 2445; baseline -0.014 0"><span class='ocrx_word' id='word_1_310' title='bbox 205 2416 266 2445; x_wconf 81' lang='lat' dir='ltr'><strong>tea</strong></span> <span class='ocrx_word' id='word_1_311' title='bbox 292 2411 424 2444; x_wconf 81' lang='lat' dir='ltr'><strong>fuerat.</strong></span> 
     </span>
    </p>

    <p class='ocr_par' dir='ltr' id='par_1_9' title="bbox 203 2456 1680 2840">
     <span class='ocr_line' id='line_1_38' title="bbox 299 2456 1677 2504; baseline -0.001 -12"><span class='ocrx_word' id='word_1_312' title='bbox 299 2459 377 2492; x_wconf 90' lang='lat' dir='ltr'><strong>Hoc</strong></span> <span class='ocrx_word' id='word_1_313' title='bbox 403 2457 513 2491; x_wconf 86' lang='lat' dir='ltr'><strong>etiam</strong></span> <span class='ocrx_word' id='word_1_314' title='bbox 540 2468 635 2491; x_wconf 86' lang='lat' dir='ltr'><strong>anno</strong></span> <span class='ocrx_word' id='word_1_315' title='bbox 663 2458 760 2502; x_wconf 70' lang='lat' dir='ltr'><strong>Unpi</strong></span> <span class='ocrx_word' id='word_1_316' title='bbox 786 2463 824 2491; x_wconf 84' lang='lat' dir='ltr'><strong>et</strong></span> <span class='ocrx_word' id='word_1_317' title='bbox 849 2457 966 2492; x_wconf 78' lang='lat' dir='ltr'><strong>Sclavi</strong></span> <span class='ocrx_word' id='word_1_318' title='bbox 990 2469 1070 2491; x_wconf 88' lang='lat' dir='ltr'><strong>cum</strong></span> <span class='ocrx_word' id='word_1_319' title='bbox 1095 2458 1258 2491; x_wconf 84' lang='lat' dir='ltr'><strong>maximis</strong></span> <span class='ocrx_word' id='word_1_320' title='bbox 1285 2458 1399 2504; x_wconf 82' lang='lat' dir='ltr'><strong>copiis</strong></span> <span class='ocrx_word' id='word_1_321' title='bbox 1424 2458 1463 2491; x_wconf 86' lang='lat' dir='ltr'><strong>in</strong></span> <span class='ocrx_word' id='word_1_322' title='bbox 1486 2456 1677 2492; x_wconf 86' lang='lat' dir='ltr'><strong>Thraciam</strong></span> 
     </span>
     <span class='ocr_line' id='line_1_39' title="bbox 205 2504 1678 2550; baseline -0.001 -11"><span class='ocrx_word' id='word_1_323' title='bbox 205 2507 385 2540; x_wconf 83' lang='lat' dir='ltr'><strong>irruentes</strong></span> <span class='ocrx_word' id='word_1_324' title='bbox 423 2516 500 2539; x_wconf 85' lang='lat' dir='ltr'><strong>eam</strong></span> <span class='ocrx_word' id='word_1_325' title='bbox 529 2504 630 2539; x_wconf 88' lang='lat' dir='ltr'><strong>bello</strong></span> <span class='ocrx_word' id='word_1_326' title='bbox 670 2508 917 2547; x_wconf 74' lang='lat' dir='ltr'><strong>vastaverunt,</strong></span> <span class='ocrx_word' id='word_1_327' title='bbox 939 2506 1144 2550; x_wconf 90' lang='lat' dir='ltr'><strong>multosque</strong></span> <span class='ocrx_word' id='word_1_328' title='bbox 1170 2505 1335 2540; x_wconf 88' lang='lat' dir='ltr'><strong>homines</strong></span> <span class='ocrx_word' id='word_1_329' title='bbox 1370 2506 1429 2540; x_wconf 81' lang='lat' dir='ltr'><strong>vel</strong></span> <span class='ocrx_word' id='word_1_330' title='bbox 1455 2505 1678 2546; x_wconf 81' lang='lat' dir='ltr'><strong>occiderunt,</strong></span> 
     </span>
     <span class='ocr_line' id='line_1_40' title="bbox 204 2552 1678 2601; baseline -0.001 -14"><span class='ocrx_word' id='word_1_331' title='bbox 204 2555 265 2587; x_wconf 84' lang='lat' dir='ltr'><strong>vel</strong></span> <span class='ocrx_word' id='word_1_332' title='bbox 287 2554 327 2587; x_wconf 89' lang='lat' dir='ltr'><strong>in</strong></span> <span class='ocrx_word' id='word_1_333' title='bbox 352 2554 603 2599; x_wconf 81' lang='lat' dir='ltr'><strong>captivitatem</strong></span> <span class='ocrx_word' id='word_1_334' title='bbox 628 2552 881 2587; x_wconf 83' lang='lat' dir='ltr'><strong>abduxerunt:</strong></span> <span class='ocrx_word' id='word_1_335' title='bbox 917 2553 980 2586; x_wconf 88' lang='lat' dir='ltr'><strong>sed</strong></span> <span class='ocrx_word' id='word_1_336' title='bbox 1006 2558 1042 2587; x_wconf 85' lang='lat' dir='ltr'><strong>et</strong></span> <span class='ocrx_word' id='word_1_337' title='bbox 1075 2554 1238 2598; x_wconf 83' lang='lat' dir='ltr'><strong>Sergium</strong></span> <span class='ocrx_word' id='word_1_338' title='bbox 1270 2554 1422 2588; x_wconf 79' lang='lat' dir='ltr'><strong>militiae</strong></span> <span class='ocrx_word' id='word_1_339' title='bbox 1458 2554 1678 2601; x_wconf 60' lang='lat' dir='ltr'><strong>mpgistrum,</strong></span> 
     </span>
     <span class='ocr_line' id='line_1_41' title="bbox 204 2600 1680 2648; baseline -0.002 -12"><span class='ocrx_word' id='word_1_340' title='bbox 204 2602 335 2647; x_wconf 82' lang='lat' dir='ltr'><strong>Bacchi</strong></span> <span class='ocrx_word' id='word_1_341' title='bbox 361 2601 511 2636; x_wconf 81' lang='lat' dir='ltr'><strong>senioris</strong></span> <span class='ocrx_word' id='word_1_342' title='bbox 540 2600 675 2642; x_wconf 85' lang='lat' dir='ltr'><strong>filium,</strong></span> <span class='ocrx_word' id='word_1_343' title='bbox 704 2607 741 2634; x_wconf 82' lang='lat' dir='ltr'><strong>et</strong></span> <span class='ocrx_word' id='word_1_344' title='bbox 766 2601 943 2634; x_wconf 87' lang='lat' dir='ltr'><strong>Ederman</strong></span> <span class='ocrx_word' id='word_1_345' title='bbox 982 2600 1109 2634; x_wconf 79' lang='lat' dir='ltr'><strong>ducem</strong></span> <span class='ocrx_word' id='word_1_346' title='bbox 1139 2601 1330 2648; x_wconf 86' lang='lat' dir='ltr'><strong>Calopodii</strong></span> <span class='ocrx_word' id='word_1_347' title='bbox 1359 2601 1544 2635; x_wconf 83' lang='lat' dir='ltr'><strong>clarissimi</strong></span> <span class='ocrx_word' id='word_1_348' title='bbox 1571 2600 1680 2634; x_wconf 93' lang='lat' dir='ltr'><strong>cubi-</strong></span> 
     </span>
     <span class='ocr_line' id='line_1_42' title="bbox 205 2648 1680 2696; baseline -0.001 -13"><span class='ocrx_word' id='word_1_349' title='bbox 205 2650 336 2684; x_wconf 80' lang='lat' dir='ltr'><strong>cularii</strong></span> <span class='ocrx_word' id='word_1_350' title='bbox 371 2655 409 2683; x_wconf 89' lang='lat' dir='ltr'><strong>et</strong></span> <span class='ocrx_word' id='word_1_351' title='bbox 443 2649 639 2696; x_wconf 83' lang='lat' dir='ltr'><strong>praepositi</strong></span> <span class='ocrx_word' id='word_1_352' title='bbox 676 2648 794 2681; x_wconf 86' lang='lat' dir='ltr'><strong>filium</strong></span> <span class='ocrx_word' id='word_1_353' title='bbox 821 2655 1008 2694; x_wconf 82' lang='lat' dir='ltr'><strong>ceperunt.</strong></span> <span class='ocrx_word' id='word_1_354' title='bbox 1049 2661 1202 2695; x_wconf 86' lang='lat' dir='ltr'><strong>cumque</strong></span> <span class='ocrx_word' id='word_1_355' title='bbox 1237 2654 1356 2695; x_wconf 85' lang='lat' dir='ltr'><strong>partes</strong></span> <span class='ocrx_word' id='word_1_356' title='bbox 1380 2649 1555 2695; x_wconf 82' lang='lat' dir='ltr'><strong>quasdam</strong></span> <span class='ocrx_word' id='word_1_357' title='bbox 1583 2649 1680 2682; x_wconf 84' lang='lat' dir='ltr'><strong>muri</strong></span> 
     </span>
     <span class='ocr_line' id='line_1_43' title="bbox 203 2695 1678 2743; baseline -0.002 -12"><span class='ocrx_word' id='word_1_358' title='bbox 203 2697 434 2731; x_wconf 79' lang='lat' dir='ltr'><strong>Anastasiani</strong></span> <span class='ocrx_word' id='word_1_359' title='bbox 469 2702 588 2731; x_wconf 82' lang='lat' dir='ltr'><strong>terrae</strong></span> <span class='ocrx_word' id='word_1_360' title='bbox 625 2696 786 2730; x_wconf 84' lang='lat' dir='ltr'><strong>motibus</strong></span> <span class='ocrx_word' id='word_1_361' title='bbox 825 2697 1001 2743; x_wconf 78' lang='lat' dir='ltr'><strong>collapsas</strong></span> <span class='ocrx_word' id='word_1_362' title='bbox 1034 2698 1275 2743; x_wconf 82' lang='lat' dir='ltr'><strong>reperissent,</strong></span> <span class='ocrx_word' id='word_1_363' title='bbox 1309 2708 1376 2743; x_wconf 87' lang='lat' dir='ltr'><strong>per</strong></span> <span class='ocrx_word' id='word_1_364' title='bbox 1410 2708 1470 2731; x_wconf 78' lang='lat' dir='ltr'><strong>eas</strong></span> <span class='ocrx_word' id='word_1_365' title='bbox 1506 2695 1678 2741; x_wconf 86' lang='lat' dir='ltr'><strong>ingressi,</strong></span> 
     </span>
     <span class='ocr_line' id='line_1_44' title="bbox 204 2743 1678 2792; baseline -0.001 -14"><span class='ocrx_word' id='word_1_366' title='bbox 204 2745 244 2778; x_wconf 87' lang='lat' dir='ltr'><strong>in</strong></span> <span class='ocrx_word' id='word_1_367' title='bbox 268 2751 487 2791; x_wconf 74' lang='lat' dir='ltr'><strong>potestatem</strong></span> <span class='ocrx_word' id='word_1_368' title='bbox 511 2756 612 2779; x_wconf 78' lang='lat' dir='ltr'><strong>suam</strong></span> <span class='ocrx_word' id='word_1_369' title='bbox 644 2744 863 2790; x_wconf 84' lang='lat' dir='ltr'><strong>redegerunt</strong></span> <span class='ocrx_word' id='word_1_370' title='bbox 897 2744 978 2778; x_wconf 92' lang='lat' dir='ltr'><strong>loca</strong></span> <span class='ocrx_word' id='word_1_371' title='bbox 1011 2743 1058 2778; x_wconf 84' lang='lat' dir='ltr'><strong>ad</strong></span> <span class='ocrx_word' id='word_1_372' title='bbox 1085 2746 1255 2792; x_wconf 82' lang='lat' dir='ltr'><strong>Drypiam</strong></span> <span class='ocrx_word' id='word_1_373' title='bbox 1271 2771 1280 2786; x_wconf 90' lang='lat'>‚</span> <span class='ocrx_word' id='word_1_374' title='bbox 1300 2744 1484 2790; x_wconf 81' lang='lat' dir='ltr'><strong>Nymphas</strong></span> <span class='ocrx_word' id='word_1_375' title='bbox 1511 2749 1549 2778; x_wconf 86' lang='lat' dir='ltr'><strong>et</strong></span> <span class='ocrx_word' id='word_1_376' title='bbox 1574 2743 1678 2777; x_wconf 75' lang='lat' dir='ltr'><strong>Chit-</strong></span> 
     </span>
     <span class='ocr_line' id='line_1_45' title="bbox 203 2791 1678 2840; baseline -0.002 -13"><span class='ocrx_word' id='word_1_377' title='bbox 203 2797 262 2827; x_wconf 80' lang='lat' dir='ltr'><strong>tus</strong></span> <span class='ocrx_word' id='word_1_378' title='bbox 285 2793 401 2829; x_wconf 81' lang='lat' dir='ltr'><strong>vicum</strong></span> <span class='ocrx_word' id='word_1_379' title='bbox 428 2794 514 2827; x_wconf 81' lang='lat' dir='ltr'><strong>sita:</strong></span> <span class='ocrx_word' id='word_1_380' title='bbox 542 2793 736 2840; x_wconf 84' lang='lat' dir='ltr'><strong>cunctique</strong></span> <span class='ocrx_word' id='word_1_381' title='bbox 761 2792 997 2828; x_wconf 84' lang='lat' dir='ltr'><strong>facultatibus</strong></span> <span class='ocrx_word' id='word_1_382' title='bbox 1021 2804 1141 2828; x_wconf 85' lang='lat' dir='ltr'><strong>secum</strong></span> <span class='ocrx_word' id='word_1_383' title='bbox 1165 2793 1356 2840; x_wconf 82' lang='lat' dir='ltr'><strong>asportatis</strong></span> <span class='ocrx_word' id='word_1_384' title='bbox 1382 2793 1422 2827; x_wconf 88' lang='lat' dir='ltr'><strong>in</strong></span> <span class='ocrx_word' id='word_1_385' title='bbox 1440 2791 1566 2826; x_wconf 83' lang='lat' dir='ltr'><strong>urbem</strong></span> <span class='ocrx_word' id='word_1_386' title='bbox 1589 2801 1678 2825; x_wconf 79' lang='lat' dir='ltr'><strong>con-</strong></span> 
     </span>
    </p>
   </div>
  </div>
 </body>
</html>
