1768 3106
249 139 369 217 474
823 159 1170 204 'rquPuANis

248 259 340 302 πών
363 259 440 316 τήν
468 257 591 303 πόλιν
607 261 681 302 καί
704 259 748 303 τὸ
780 261 1037 315 στράτευμα,
1069 266 1183 321 φυγῇ
1203 260 1431 319 ἐχρήσατο.
1465 262 1488 306 ὃ
1516 265 1563 308 δὲ
1587 264 1722 321 Ἡρα-

245 333 383 378 κλειος
410 324 774 382 ἑπιδιώξας,’τοὺς
800 330 880 382 μὲν
910 328 1084 386 φθάσας
1116 331 1294 387 (intur,
1324 329 1362 374 οἱ
1393 333 1440 374 δὲ
1467 333 1611 375 λοιποὶ
1637 350 1722 390 ‹pv-

243 396 386 452 γόντες
404 394 789 452 διεσκεδάσθησαν·
811 399 885 439 καί
902 396 1156 452 καταλαβών
1177 395 1199 439 ὅ
1221 397 1424 452 βασιλεὺς
1443 398 1518 456 τὴν
1534 403 1576 443 Γ
1574 402 1720 453 αζακῶ

245 466 370 507 πόλιν
399 465 444 507 ἐν
470 467 522 521 τῇ
549 464 744 522 ἀνατολῇ,
774 466 818 508 ἐν
846 460 1090 523 ᾗῦπῆρχεν
1122 463 1144 508 ὅ
1166 464 1269 517 ναὸς
1294 468 1370 510 τοῦ
1388 466 1540 524 Πυρὸς
1565 467 1638 510 καί
1665 466 1715 510 τά

243 531 446 588 χρήματα
490 533 684 586 Κροίσου
724 534 798 575 τοῦ
829 534 992 576 Λυδῶν
1032 535 1265 588 βασιλέως,
1304 532 1377 577 καί
1405 535 1431 592 ἧ
1472 534 1609 591 πλάνη
1637 536 1756 578 τῶν5

245 600 502 656 ἀνθράκων,
559 602 695 643 ταῦτα
724 600 868 653 λαβών
901 601 972 644 ἐπὶ
1008 604 1279 657 Λασταγέρδι
1305 608 1457 658 χωρεῖ.
1515 600 1538 644 ὅ
1564 604 1611 645 δὲ
1638 606 1718 656 βα-

246 667 389 719 σιλεῦς
420 668 589 722 ἀπάρας
634 666 717 709 ἀπὸ
747 669 934 720 Γαζακῶ
970 670 1290 723 καταλαμβάνει
1327 668 1404 726 τήν
1443 670 1718 726 Θηβαρμαῖς·

205 738 318 778 Βκαί
346 733 551 778 εἰσελθών
582 736 628 778 ἐν
657 735 767 794 αὐτῇ
795 735 903 792 πυρὶ
943 734 1160 792 α’νήῑωσεν
1188 735 1262 780 τὸν
1304 739 1382 780 τοῦ
1408 735 1564 792 Πυρὸς
1592 737 1717 791 ναόν,

241 803 316 846 καὶ
343 804 484 845 πᾶσαν
515 801 590 859 τήν
621 803 745 846 πόλιν
774 805 881 859 πυρὶ
907 803 1130 854 ἀναλώσας
1154 806 1410 848 κατεδίωκεν
1437 800 1569 847 ὀπίσω
1598 807 1715 847 Χοσ-

243 871 344 925 ρόου
373 873 418 914 ἐν
445 876 531 922 τοῖς
555 875 722 923 στενοῖςῖ
739 874 822 914 ταῖν
844 870 1014 927 ΖΠήδων
1035 871 1222 929 χωρίοις,
1252 874 1327 914 καί
1353 874 1399 915 ἐν
1423 872 1602 921 ταύταις
1622 876 1716 921 ταῖς
1735 885 1768 911 ι(

240 940 509 994 δυσχωρίαις
537 938 665 981 τόπον
695 941 741 981 ἐκ
770 936 902 982 τόπου
933 935 955 981 ὅ
984 937 1181 996 Χοσρόης
1209 934 1405 995 ἤμειβεν·
1435 938 1509 982 καί
1537 936 1716 993 5719&-

238 1011 375 1056 κλειος
411 1007 559 1049 τοῦτον
602 1003 767 1048 διώκων
810 1005 969 1058 πολλάς
1011 1005 1150 1057 πόλεις
1183 1006 1422 1064 ἐπόρθησεν
1449 1006 1523 1051 καί
1549 1005 1714 1063 χώρας.

235 1076 447 1130 χειμῶνος
477 1075 524 1116 δὲ
550 1073 874 1129 καταλαβόντος,
903 1073 1062 1131 βουλὴν
1090 1072 1316 1130 ἐποιήσατο
1341 1077 1417 1117 τοῦ
1441 1073 1715 1129 παραχειμά-

235 1159 312 1185 σαι
341 1139 450 1195 μετὰ
480 1143 559 1184 τοῦ
586 1143 693 1183 λαοῦ
722 1141 881 1184 αὐτοῦ·
938 1141 1014 1185 καί
1040 1141 1078 1185 οἱ
1103 1145 1184 1196 μὲν
1204 1141 1392 1199 ἔφασκον
1418 1143 1464 1184 ἐν
1489 1137 1712 1198 Ἀλβανίᾳ,

236 1208 277 1252 οὶ
309 1210 355 1252 δὲ
383 1211 468 1251 κατ’
498 1207 629 1251 αὕτὸν
657 1211 872 1264 εἰσβαλεῖν
902 1209 976 1252 τὸν
995 1209 1209 1267 Χοσρόην.
1268 1209 1291 1252 ὁ
1323 1212 1370 1253 δὲ
1394 1208 1599 1265 βασιλεύς
1625 1211 1712 1251 ἐκέ·
1731 1210 1768 1250 ιΕ

236 1281 360 1319 awos
389 1277 461 1319 τὸν
486 1276 591 1320 λαὸν
619 1274 869 1332 ἁγνιζεσθαι
899 1284 1015 1335 τρεῖς
1043 1278 1232 1335 ἡμέρας,
1263 1279 1336 1321 καί
1364 1279 1535 1330 α’νοίξας
1560 1276 1610 1321 τὰ
1639 1277 1712 1320 τοῦ

233 1347 343 1386 θεοῦ
368 1345 614 1401 εὐαγγέλια,
655 1339 780 1399 εὗρεν
821 1347 1102 1401 ἐπιτρέποντα
1140 1343 1258 1405 αὐτῷ
1305 1341 1350 1389 ἑν
1378 1346 1586 1403 Ἀλβανίᾳ
1625 1362 1711 1386 πα-

232 1411 514 1466 ραχειμάσαι.
592 1411 755 1462 εὐθέως
796 1408 872 1455 οὖν
931 1415 1186 1470 ἐπιτρέψας,
1231 1410 1431 1469 ὥρμησεν
1470 1415 1515 1456 ἐν
1553 1412 1711 1467 Ἀλβα-

234 1479 316 1537 νίᾳ.
374 1482 420 1522 ἐν
458 1481 504 1521 δὲ
542 1482 603 1536 τῷ
645 1478 807 1533 μεταξύ
841 1482 914 1535 τῆς
952 1479 1054 1522 ὁδοῦ
1082 1479 1193 1535 ἔχων
1229 1480 1388 1535 πολλὴν
1413 1482 1712 1535 αἰχμαλωσίαν

196 1550 318 1590 (ἓτῶν
346 1548 533 1603 Περσῶν
560 1546 639 1592 σὺν
670 1547 796 1606 αὐτῷ,
827 1548 905 1590 οὐκ
936 1549 1080 1604 ὀλίγας
1108 1547 1342 1605 ἐπιδρομάς
1370 1546 1453 1591 ὑπὸ
1486 1549 1571 1591 τῶν
1587 1550 1710 1603 Περ..
1723 1559 1768 1587 20

336 1701 389 1725 io.
414 1689 544 1738 χώρας
567 1689 589 1723 b
621 1691 647 1724 f.
744 1691 787 1728 ἐν
813 1690 919 1737 vulgo
947 1689 1059 1726 deest.
1166 1700 1224 1724 20.
1250 1691 1325 1728 τῶν
1348 1689 1433 1725 add.
1463 1700 1508 1723 ex
1533 1700 1553 1722 a
1579 1688 1606 1732 f,
1634 1685 1710 1726 ὑπὸ

329 1743 407 1776 τῶν
431 1740 604 1786 Περσῶν
630 1738 655 1773 s.

235 1870 539 1918 praecurrendum
580 1871 797 1918 praemissi,
835 1871 1005 1906 Chosrois
1042 1869 1313 1905 excubitoribus
1349 1868 1492 1903 obviam
1520 1868 1618 1909 facti,
1643 1878 1706 1901 eos

235 1920 366 1965 partim
393 1919 586 1962 trucidant,
614 1921 743 1965 partim
771 1920 924 1954 vinculis
957 1920 1182 1965 mancipatos
1218 1930 1298 1952 cum
1323 1916 1415 1951 duce
1441 1916 1487 1950 ad
1510 1917 1705 1962 imperato-

235 1968 284 2000 ris
311 1973 542 2012 conspectum
577 1967 777 2002 adducunt.
839 1968 990 2001 audiens
1025 1967 1094 2001 hoc
1131 1966 1332 2007 Chosroiis,
1369 1965 1511 1999 deserta
1553 1964 1644 1997 urbe
1669 1969 1708 1997 et

235 2016 410 2056 exercitu,
435 2016 546 2049 celeri
585 2015 668 2061 fuga
696 2017 846 2050 salutern
872 2016 1026 2062 quaerit.
1086 2015 1295 2060 insequitur
1319 2013 1517 2053 Heraclius,
1545 2017 1583 2045 et
1609 2011 1706 2055 fugi-

234 2063 391 2096 tivorum
430 2063 606 2110 quosdam
643 2069 884 2111 assequutus,
911 2064 1106 2106 interficit,
1132 2063 1223 2096 alios
1261 2060 1396 2108 pedum
1421 2059 1609 2094 celeritate
1637 2059 1705 2092 sibi

233 2116 380 2156 ereptos
405 2113 534 2156 passim
561 2111 726 2157 dissipat.
776 2112 954 2145 Gazacum
984 2111 1140 2146 subinde
1167 2110 1317 2144 orientis
1344 2109 1539 2149 civitatem,
1567 2108 1605 2140 in
1634 2118 1707 2153 qua

234 2159 331 2204 Ignis
357 2165 515 2192 erectum
542 2160 739 2206 templum,
775 2160 923 2194 divitiae
950 2160 1073 2194 Croesi
1101 2158 1280 2202 Lydorum
1324 2157 1416 2202 regis
1446 2155 1641 2202 repositae,
1669 2160 1707 2188 et

233 2206 431 2240 carbonum
457 2208 656 2253 impostura
684 2207 885 2251 recondita,
911 2213 1087 2253 occupat:
1113 2206 1245 2253 quibus
1269 2204 1422 2238 sublatis
1447 2202 1705 2248 Dastagerdem

234 2255 406 2302 perrexit.
457 2267 562 2301 porro
589 2257 785 2301 imperator
817 2257 956 2290 Gazaco
982 2257 1120 2296 relicta,
1148 2253 1388 2288 Thebarmaes
1424 2252 1575 2293 accedit,
1604 2256 1640 2285 et
1665 2252 1705 2283 in

233 2303 361 2336 urbem
389 2303 565 2346 ingressus
592 2304 688 2347 Ignis
720 2305 895 2350 templum
934 2316 1014 2338 cum
1047 2303 1213 2336 universa
1250 2302 1393 2335 civitate
1427 2301 1510 2344 igne
1536 2310 1704 2333 consum-

234 2352 333 2397 psit:
358 2350 445 2384 inde
483 2363 568 2384 vero
598 2351 792 2385 Chosrofim
834 2364 855 2385 a
880 2358 979 2397 tergo
1003 2363 1069 2398 per
1107 2354 1258 2395 angusta
1284 2349 1473 2383 Medorum
1499 2349 1580 2381 loca
1603 2348 1704 2380 inse-

235 2404 372 2445 quutus
398 2405 471 2441 est,
503 2399 565 2444 qui
595 2411 660 2445 per
683 2399 747 2432 has
776 2399 947 2433 oberrans
973 2398 1158 2445 angustias
1198 2409 1241 2431 ex
1268 2409 1339 2430 uno
1366 2398 1447 2431 loco
1476 2395 1632 2430 subinde
1658 2394 1705 2427 ad

234 2448 347 2481 alium
378 2448 666 2491 transmigrabat.
693 2448 879 2481 Heraclius
906 2453 1027 2482 autem
1053 2446 1150 2480 hunc
1177 2457 1399 2491 persequens
1425 2444 1539 2478 multa
1568 2442 1705 2489 oppida

234 2506 452 2541 camposque
476 2495 641 2541 diripuit.
670 2494 735 2528 sed
769 2507 847 2528 cum
873 2494 992 2529 hieme
1016 2496 1207 2540 ingruente
1232 2493 1278 2527 de
1302 2493 1463 2527 hibernis
1491 2503 1571 2525 cum
1599 2501 1706 2524 exer-

233 2545 308 2577 citu
334 2543 556 2577 deliberaret
574 2568 584 2585 ‚
613 2543 676 2575 alii
707 2544 744 2576 in
767 2543 923 2576 Albania
949 2542 1206 2583 hiemandum,
1233 2542 1295 2575 alii
1322 2553 1405 2576 vero
1434 2547 1558 2574 contra
1585 2539 1704 2585 ipsum

232 2591 428 2625 chosroem
458 2591 679 2637 pergendum
724 2602 802 2625 esse
828 2590 1036 2625 censebant.
1102 2592 1299 2636 imperator
1326 2595 1446 2623 autem
1471 2601 1549 2622 cum
1576 2587 1702 2632 expia-

229 2641 366 2673 tionem
393 2651 434 2673 ac
455 2640 727 2674 sanctimoniam
753 2640 920 2673 universo
939 2638 1113 2673 exercitui
1139 2650 1204 2684 per
1229 2638 1307 2672 dies
1324 2643 1397 2671 tres
1423 2638 1617 2671 continuos
1643 2634 1702 2667 in-

231 2686 395 2728 dixisset,
423 2688 559 2735 apertis
585 2687 643 2721 dei
679 2688 888 2733 evangeliis,
922 2687 1064 2722 invenit
1089 2686 1158 2720 sibi
1184 2686 1388 2732 significari,
1414 2691 1457 2719 ut
1478 2685 1516 2718 in
1545 2682 1703 2718 Albania

230 2734 417 2769 hiemaret.
478 2736 712 2781 quamobrem
741 2736 915 2770 continuo
941 2736 1012 2769 iter
1029 2740 1242 2769 convertens
1272 2736 1310 2768 in
1333 2734 1527 2768 Albaniam
1547 2736 1701 2765 conten-

231 2783 299 2818 dit.
337 2785 375 2819 iu
405 2784 534 2819 itinere
562 2795 669 2832 porro
694 2795 773 2818 cum
798 2785 983 2831 ingentem
1007 2784 1203 2826 Persarum,
1244 2788 1317 2818 tam
1343 2781 1561 2822 divitiarum,
1592 2787 1701 2825 quam
