1768 3106
247 141 360 198 632
715 198 717 200 ,
806 155 1154 202 THEOPHANIS

244 265 395 305 σκαλοι
426 261 564 304 αὐτοῦ
581 256 769 318 ’Ἄραβες
799 260 1004 317 ἐποίησαν
1031 263 1092 311 εἰς
1118 260 1218 311 τούς
1243 258 1350 304 κατά
1381 258 1460 317 τήν
1486 256 1597 320 ἑῴαν
1618 261 1729 317 Χρι-

245 327 456 379 στιανοιίς.

32 407 231 442 A.M.6225
363 395 508 455 Τούτῳ
541 397 600 455 τῷ
626 394 712 438 ἔτει
754 396 915 451 ἐγένετο
945 394 1176 438 θανατικὸν
1204 397 1248 438 ἑν
1278 393 1429 455 Συρίᾳ,
1459 396 1534 439 καί
1562 395 1729 438 α’πὲθα-

204 471 318 510 Βνον
346 468 505 508 πολλοί.

30 538 230 573 A.M.6226
350 529 516 588 Ῥώμης
544 530 777 573 ἐπισκόπου
805 533 1012 587 Ζαχαρία
1041 529 1134 580 ἔτος
1163 529 1214 573 α’.
1740 541 1766 582 5

165 593 168 595 ’
359 599 505 659 Τούτῳ
534 599 593 657 τῷ
624 596 707 641 ἔτει
736 599 951 655 ἐξωρίσθη
982 595 1207 654 Θεόδωρος
1246 596 1269 639 ὅ
1311 599 1390 640 τοῦ
1419 595 1637 653 Μανσούρ
1667 599 1728 648 εἰς

241 667 295 711 τὰ
345 666 531 722 κλίματα
575 667 649 722 τῆς
690 665 882 721 ἐρήμου·
957 667 1032 708 καί
1074 666 1242 721 γέγονεν
1282 670 1459 722 σημεῖον
1494 666 1541 708 ἐν
1570 669 1627 724 τῷ
1654 667 1728 707 οὔ-

243 739 359 795 ρανῷ
387 737 585 791 πυρῶδες
613 731 899 789 καταυγάζον·
930 737 1003 777 καί
1024 734 1206 783 Μαυΐας
1233 731 1310 789 τήν
1335 733 1487 776 Ἀσίαν
1515 735 1725 790 ἐληΐσατο.

25 807 120 843 A-M·
135 809 227 851 6227
359 802 503 862 Τούτῳ
526 805 586 861 τῷ
610 800 696 845 ἔτει
726 803 1037 857 ἐπεστράτευσε
1064 799 1305 856 Σουλεϊμοὶν
1336 799 1368 867 ὃ,
1399 801 1476 843 τοῦ
1501 801 1623 855 ’[σάμ
1646 800 1727 858 ,τὴν

100 855 228 936 Vei}
241 874 323 915 τῶν
344 870 583 925 Ἀρμενίων
608 869 774 926 χώραν,
805 868 878 911 καί
907 868 1034 911 οὐδὲν
1057 864 1225 925 ἤνυσεν.
1743 889 1768 916 1<

27 951 121 986 AM.
135 952 229 986 6228
360 937 502 997 Τούτῳ
545 940 604 995 τῷ
640 935 727 980 ἔτει
775 936 1082 993 ἐπεστράτευσε
1123 936 1308 987 Μαυΐας
1344 933 1421 991 τήν
1455 935 1725 991 Ῥωμανίαν,

239 1009 315 1050 καί
353 1005 603 1049 ἐπανελθών
650 1005 705 1046 ου’
753 1002 859 1058 μετὰ
903 1001 1063 1055 πολλάς
1106 1002 1270 1060 ἡμέρας
1308 1005 1383 1047 τοῦ
1421 1005 1552 1046 ἵππου
1583 1002 1726 1048 πεσών

241 1075 479 1129 άπέψυξεν.

27 1152 227 1197 A.M.6229
360 1138 504 1200 Τούτῳ
546 1141 606 1198 τῷ
636 1138 719 1182 ἔτει
748 1136 989 1191 Σουλεϊμάν
1030 1137 1126 1189 υἱὸς
1155 1137 1178 1180 ὅ
1212 1136 1332 1193 Ἰσάμ
1370 1137 1724 1195 αἰχμαλωτεύσας

238 1207 423 1258 πολλοὺς
452 1210 495 1261 ἐξ
521 1208 698 1264 Ἀσίας,
740 1205 1149 1265 συνῃχμαλώτευσεν
1186 1207 1264 1249 καί
1287 1224 1379 1250 τινα
1407 1206 1723 1264 Περγαμηνόν,
1742 1226 1768 1251 1:

239 1274 287 1326 ὃς
329 1274 468 1331 ἔλεγεν
514 1273 665 1318 ἑαυτὸν
704 1277 899 1330 Τιβέριον
938 1272 1034 1317 υἱὸν
1066 1271 1178 1317 εἶναι
1206 1276 1517 1318 Ἰουστινιανοῧ.
1575 1278 1724 1318 τοῦτον

195 1343 357 1398 ΒἸσὰμ
389 1345 449 1395 εἷς
478 1341 606 1399 τιμὴν
635 1344 714 1385 τοῦ
744 1343 858 1385 ἰδίου
898 1340 1052 1391 παιδός
1089 1344 1163 1384 καί
1190 1343 1274 1385 τῶν
1300 1344 1513 1397 βασιλέων
1541 1342 1724 1400 ἑκφόβη-

238 1428 309 1454 σιν
342 1411 450 1465 μετά
479 1413 554 1465 τῆς
586 1408 855 1466 ἁρμοζούσης
882 1410 1106 1464 βασιλικῆς
1136 1411 1259 1465 τιμῆς
1292 1410 1368 1452 καί
1396 1408 1725 1466 στρατευμάτων

239 1480 315 1521 καί
346 1477 573 1534 σκήπτρων
593 1478 670 1519 καί
685 1475 859 1531 βάνδων
888 1477 949 1526 εἰς
974 1476 1259 1532 Ἰερουσαλὴμ
1280 1476 1497 1534 ἐκπέμπει,
1523 1478 1597 1519 καὶ
1624 1474 1724 1533 ὅλην

238 1545 312 1602 τὴν
344 1547 508 1601 Συρίαν
538 1543 756 1600 περιάγειν
799 1543 962 1587 κελεύει
992 1541 1100 1599 μετά
1137 1547 1292 1608 ποῇλῆς
1322 1545 1449 1601 τιμῆς
1482 1544 1589 1601 πρὸς
1616 1546 1723 1587 θέαν
1736 1562 1768 1588 2·

239 1611 409 1657 πάντων
432 1615 506 1655 καί
531 1612 807 1669 κατάπληξιν.

334 1778 369 1810 9.
399 1765 419 1802 ὃ
447 1765 512 1802 τοῦ
533 1763 644 1814 Ἰσάμ
670 1778 739 1800 om.
768 1767 793 1801 f.
895 1766 948 1811 14.
975 1764 995 1802 ὁ
1021 1766 1103 1800 add.
1131 1778 1175 1801 ex
1207 1767 1248 1800 A.
1346 1766 1656 1816 αἰχμαλωτεύσας
1679 1766 1721 1808 A,

338 1814 645 1863 αἰχμαλώτευσεν
667 1815 762 1860 vulg.
863 1815 916 1849 16.
941 1810 1028 1853 υἱὸν
1053 1814 1156 1854 εἶναι
1182 1814 1266 1850 add.
1295 1826 1341 1850 ex
1363 1816 1405 1850 A.

242 1968 438 2002 admodum
477 1969 565 2002 olim
602 1968 742 2003 Pharao
782 1970 1030 2004 Hebraeorum
1065 1981 1221 2016 pueros,
1257 1971 1453 2014 mandavit,
1478 1970 1577 2018 quod
1600 1976 1723 2006 tamen

242 2029 362 2064 neque
388 2018 459 2063 ipsi
486 2018 562 2051 eius
588 2017 754 2051 doctores
783 2017 918 2052 Arabes
944 2019 983 2051 in
1003 2017 1230 2052 Christianos
1259 2020 1455 2053 orientales
1483 2019 1720 2054 admiserunt.

52 2058 228 2103 A·C·725
338 2065 415 2098 Hoc
438 2077 534 2098 anno
564 2065 738 2110 pestifera
762 2065 823 2099 lue
854 2067 893 2099 in
922 2066 1061 2110 Syriam
1090 2073 1273 2112 grassante
1296 2068 1404 2101 multi
1429 2067 1586 2114 periere.

52 2106 230 2152 A.C.526
338 2113 473 2146 Romae
504 2113 668 2158 episcopi
702 2113 891 2147 Zachariae
917 2126 1033 2148 annus
1054 2116 1202 2160 primus.

336 2161 415 2194 Hoc
439 2172 533 2193 anno
561 2160 776 2195 Theodorus
801 2162 980 2195 Mansuris
1011 2163 1106 2196 filius
1134 2163 1179 2196 ad
1209 2162 1343 2196 deserti
1372 2163 1555 2208 regionem
1582 2164 1722 2208 relega—

240 2214 298 2242 tus
330 2213 395 2241 est.
462 2210 602 2252 signum
638 2221 786 2255 quoque
829 2211 974 2254 igneum
1010 2211 1344 2261 splendidissimum
1380 2212 1421 2245 in
1454 2212 1557 2246 caelo
1593 2211 1720 2246 visum.

239 2256 377 2290 Mavias
403 2254 562 2301 denique
590 2257 710 2290 Asiam
742 2257 983 2303 depraedatus
1013 2264 1078 2293 est.

51 2299 223 2343 A-C.7‘-’-7
334 2305 413 2337 Hoc
453 2315 549 2337 anno
576 2305 739 2338 Suliman
777 2306 873 2339 filius
908 2308 998 2340 isam
1026 2308 1065 2340 in
1089 2306 1342 2340 Armeniorum
1370 2307 1595 2353 provinciam
1623 2318 1722 2341 arma

239 2353 364 2392 movit,
392 2357 429 2385 at
454 2363 491 2384 re
518 2352 655 2385 infecta
679 2351 840 2386 rev'ersus
866 2359 931 2387 est.
1709 2378 1714 2381 <

53 2395 225 2439 A-C.598
335 2400 414 2432 Hoc
449 2411 544 2433 anno
586 2400 723 2433 Mavias
761 2403 955 2434 Romaniae
996 2401 1136 2434 bellum
1170 2400 1319 2442 intulit,
1361 2406 1398 2436 at
1421 2407 1507 2448 post
1533 2401 1612 2436 dies
1646 2414 1722 2436 non

239 2447 372 2481 multos
399 2447 516 2481 redire
542 2453 684 2481 coaetus
711 2460 806 2495 equo
835 2448 1007 2482 decidens
1032 2450 1189 2482 animam
1217 2448 1358 2483 efflavit.

54 2491 226 2538 A-C.·;29
335 2496 412 2528 Hoc
437 2507 533 2529 anno
564 2496 726 2529 Suliman
751 2497 846 2529 filius
871 2498 963 2530 isam
990 2498 1164 2542 plurimos
1190 2508 1233 2529 ex
1259 2497 1343 2530 Asia
1370 2498 1528 2544 captivos
1558 2497 1721 2532 abduxit.

241 2544 339 2576 inter
364 2545 599 2589 concaptivos
623 2544 771 2589 quidam
798 2545 921 2578 extitit
939 2546 1177 2590 Pergamenus
1206 2555 1349 2590 genere,
1378 2546 1440 2591 qui
1470 2557 1508 2579 se
1533 2545 1721 2579 Tiberium

239 2591 434 2624 Iustiniani
466 2592 582 2625 filium
608 2591 853 2637 praedicabat.
903 2591 1000 2625 hunc
1024 2594 1117 2626 isam
1138 2592 1183 2625 ad
1210 2593 1350 2639 proprii
1376 2594 1443 2626 filii
1479 2593 1657 2627 honorem
1684 2599 1722 2628 et

238 2638 501 2683 imperatorum
530 2645 703 2673 terrorem
731 2641 831 2673 omni
869 2641 968 2674 cultu
1000 2641 1098 2686 regio
1133 2641 1351 2675 instructum
1377 2653 1457 2674 cum
1485 2642 1646 2675 exercitu
1669 2642 1720 2675 si-

240 2687 318 2729 guis
345 2692 382 2720 et
406 2688 550 2721 vexillis
578 2689 867 2732 Hierosolymam
895 2689 1012 2729 misit,
1051 2688 1213 2735 indeque
1249 2689 1451 2723 universam
1477 2689 1615 2733 Syriam
1642 2701 1720 2722 ma-

239 2736 336 2766 ximo
362 2746 441 2767 curn
472 2742 651 2783 apparatu
677 2736 780 2771 obire
806 2736 927 2780 iussit,
955 2735 1054 2785 quod
1081 2738 1290 2785 spectaculo
1319 2742 1357 2774 et
1381 2737 1612 2774 admirationi
1632 2748 1722 2774 cun·

240 2782 305 2817 ctis
330 2783 463 2819 extitit.
