1768 3106
223 109 258 173 3
272 115 341 172 26
791 138 1139 182 TussopflAle
1191 127 1210 147 ‘⁴

220 236 503 291 Mavpmssmoc
533 239 579 280 δὲ
609 240 682 280 καὶ
715 237 900 294 Τζότζας
926 242 970 282 ἐν
1000 241 1122 298 α’δείᾳ
1156 241 1290 298 πολλῇ
1318 238 1392 296 τὴν
1411 238 1584 296 Λιβύην
1616 242 1695 282 πᾶ-

218 321 297 347 σαν
327 306 566 360 ἐληΐζοντο,
626 304 665 348 οἱ
695 308 742 349 δὲ
786 308 830 350 ὲν
861 309 1084 366 Βυζαντίῳ
1116 305 1378 356 εἰσελθόντες
1406 310 1570 361 Λίβυες
1600 309 1693 350 ἑδέ-

88 383 123 418 Ρ,
143 385 206 430 178
218 387 312 413 οντο
337 373 394 430 τῷ
418 375 601 427 βασιλεῖ’,
628 369 743 423 ὅπως
777 374 1023 429 στράτευμα
1052 376 1126 416 καί
1167 372 1403 430 στρατηγὸν
1433 369 1608 430 ἄριστον
1633 377 1694 423 εἰς

218 438 391 496 Λιβύην
419 439 660 498 οἷποστειλῃ.
723 438 744 484 ὃ
773 442 818 484 δὲ
845 441 1047 497 βασιλευς
1076 443 1346 496 Ἀρεόβινδον
1374 442 1456 485 συν
1485 441 1694 497 στρατιώ-

216 523 309 556 ταις
343 503 510 563 ὀλίγοις,
550 504 687 565 ἄνδρα
717 509 868 564 ευγενῆ
896 526 965 551 και
997 505 1214 562 ευβουλον,
1245 525 1380 564 εργων
1411 510 1458 551 δὲ
1487 509 1733 562 πολεμίωνό

78 578 123 613 V.
142 569 421 627 1420vd‘apcwg
451 573 664 630 ἔμπειρον,
694 593 765 619 και
802 593 883 618 συν
916 576 1032 634 αὐτῷ
1055 573 1320 619 Ἀθανάσιον
1350 575 1427 619 καί
1442 573 1697 631 Ἀ’ρμενιους

216 642 396 696 ὀλίγους,
429 658 490 683 ων
514 641 780 700 Ἀρταβάνης
800 659 845 685 τε
876 659 944 685 και
975 636 1165 699 Ἰωάννης
1194 639 1236 699 ἦ
1223 659 1339 698 οχον,
1370 641 1409 685 οἱ
1431 638 1696 698 ’ᾛΛρσακιδες

216 724 266 751 ου
301 707 389 764 μὴν
422 709 575 752 ου’δὲ
536 713 709 766 ..ε’ργιον
737 714 1043 765 μετεπέμπετο,
1063 708 1170 753 οἷλλιὶ
1196 727 1266 753 και
1262 709 1416 752 αὐτὸν
1443 710 1525 754 συν
1550 712 1695 765 Ἀρεο-

213 777 345 834 βίνδῳ
377 777 547 833 Λιβύης
577 777 842 834 στρατηγούς
871 774 983 821 εἶναι
1021 780 1260 820 ἐκέλευσεν·
1319 780 1492 833 Σέργιον
1518 779 1598 832 μὲν
1627 777 1696 820 τὸν

214 842 398 898 πόλεμον
427 846 652 899 διενεγκεῖν
682 845 786 903 πρὸς
816 845 914 896 τούς
944 847 990 889 ἐν
1010 847 1230 906 Νουμιὸία
1260 843 1522 901 βαρβάρους,
1553 844 1695 901 ’Amo'-
1717 863 1762 889 ιο

177 913 361 964 Ββινδον
391 913 438 955 δὲ
469 912 572 969 πρὸς
601 911 699 964 τούς
728 916 773 955 ἐν
799 915 1003 971 Βυζακίῳ
1037 915 1354 968 Μαυρουσίους
1383 912 1694 968 διαμάχεσθαι.

207 975 479 1033 Ἀρεόβινδος
517 981 564 1024 δὲ
602 979 679 1036 την
721 982 895 1038 Λιβύην
937 979 1214 1035 καταλαβών,
1252 984 1327 1023 καί
1364 980 1408 1023 τὸ
1451 979 1586 1036 ἥμισυ
1622 982 1698 1023 τοῦ

212 1048 396 1101 στρατοῦ
425 1047 713 1103 παραλαβών,
742 1048 939 1104 Ἰωάννην
969 1046 1041 1091 τὸν
1070 1049 1423 1091 Κωνσταντιόλου
1451 1047 1557 1090 κατὰ
1596 1049 1698 1102 Τζό-

212 1116 294 1167 τζα
322 1116 396 1157 καί
421 1117 505 1158 τῶν
522 1113 755 1172 βαρβάρων
782 1116 1035 1158 ἀπέστειλεν.
1064 1116 1255 1172 Ἰωάννης
1283 1117 1329 1159 δὲ
1357 1116 1410 1158 τὰ
1440 1115 1585 1172 πλήθη
1613 1119 1697 1159 ταῖν

215 1184 430 1234 πολεμίων
456 1183 738 1237 θεασάμενος,
773 1181 1021 1240 ἠναγκάσθη
1046 1189 1174 1238 χεῖρα
1209 1184 1355 1233 αὐτοῖς
1389 1185 1620 1239 ἐπιβαλεῖν.
1648 1178 1765 1239 ἧνιό

217 1249 265 1291 δὲ
292 1250 338 1291 ἐν
366 1247 505 1308 ἔχθρᾳ
532 1249 694 1309 μεγάλῃ
723 1248 830 1303 μετά
867 1249 1046 1303 Τζότζα,
1079 1248 1187 1292 ὥστε
1211 1248 1409 1305 ἑκάτερος
1431 1246 1590 1307 ηὔχετο
1621 1266 1699 1308 φο-

217 1315 315 1367 νεὺς
342 1319 418 1359 τοῦ
446 1315 595 1373 ἑτέρου
614 1321 827 1373 γενέσθαι,
851 1319 926 1360 καί
951 1315 1088 1367 οὕτως
1105 1319 1350 1361 ἀποθανεῖν.
1381 1319 1457 1374 τῆς
1483 1320 1530 1361 δὲ
1556 1319 1700 1375 μάχης

216 1385 442 1441 γενομένης
473 1380 712 1442 ἀμφότεροι
731 1388 812 1428 τῶν
832 1387 1128 1441 στρατοπέδων
1149 1383 1388 1438 ἐξελθόντες
1408 1387 1474 1428 ἐπ’
1493 1383 1701 1440 ἀλλήλους

217 1446 369 1506 ἦλθον.
428 1451 451 1494 ὅ
478 1453 557 1507 μὲν
586 1448 663 1496 οὖν
682 1450 880 1510 Ἰωάννης
912 1454 1053 1503 τείνας
1083 1451 1131 1496 τὸ
1158 1453 1276 1504 τόξον
1315 1450 1423 1517 κατά
1463 1453 1536 1497 τὸν
1568 1451 1702 1504 δεξιὸν

319 1610 354 1654 4.
385 1605 456 1646 σὺν
481 1610 730 1659 στρατιώταις
759 1611 786 1645 A
812 1611 838 1653 f,
865 1607 937 1648 σὺν
958 1617 1036 1652 τοῖς
1065 1611 1347 1671 στρατεύμασιν
1369 1612 1465 1658 vulg.
1562 1625 1595 1657 7.
1616 1587 1707 1660 ’Ao--

324 1657 453 1698 σάκιες
478 1660 520 1694 Α.
642 1661 675 1694 8.
734 1662 959 1716 ετεπέμπετο
983 1662 1026 1701 Α,
1048 1658 1297 1718 ἀπεπέμπετο
1322 1660 1421 1706 vulg.
1540 1662 1581 1695 16
1615 1661 1699 1694 sort.

322 1718 419 1742 κατα
442 1708 501 1750 Τζ.
605 1708 657 1742 ι8.
684 1707 902 1756 ιιμῳότεροι
926 1708 969 1751 Α,
991 1707 1160 1756 ἑκάτεροι
1183 1709 1280 1754 vulg.
1583 1702 1593 1723 ¹

228 1845 370 1878 misere.
420 1855 507 1879 mox
530 1844 766 1890 Adramytum
793 1846 976 1881 civitatem
1004 1846 1159 1880 conficto
1190 1857 1256 1892 per
1279 1845 1433 1880 Himerii
1461 1844 1703 1891 praesentiam

229 1892 316 1927 dolo
342 1904 483 1939 cepere.
533 1894 689 1938 Libyum
712 1900 834 1928 autem
861 1894 1030 1928 nonnulli
1058 1894 1098 1927 in
1125 1894 1304 1935 Siciliam,
1335 1894 1373 1927 in
1402 1893 1539 1927 insulas
1565 1893 1640 1933 alii,
1667 1898 1705 1927 et

227 1941 442 1984 Byzantium
468 1953 583 1988 usque
610 1942 745 1987 fugere.
805 1948 987 1976 caeterum
1013 1942 1189 1975 Maurusii
1229 1948 1266 1976 et
1291 1943 1443 1976 Tzotzas
1469 1941 1572 1974 nullo
1600 1940 1701 1974 obsi-

228 1993 347 2021 stente
373 1989 523 2033 Libyam
564 1990 769 2024 universam
796 1989 1011 2036 depopulati
1035 1995 1130 2023 sunt.
1195 2001 1303 2036 porro
1329 1990 1392 2036 qui
1419 2000 1463 2023 ex
1492 1988 1604 2032 Libya
1631 1989 1701 2031 By-

228 2036 388 2070 zantium
416 2038 632 2072 traiecerant
659 2038 704 2070 ab
728 2039 946 2084 imperatore
969 2037 1206 2084 postulabant
1230 2037 1470 2083 frequentius,
1498 2041 1539 2069 ut
1563 2036 1701 2070 exerci-

227 2088 303 2116 tum
335 2095 416 2117 cum
453 2085 591 2131 optimo
632 2085 723 2119 duce
751 2087 790 2119 in
815 2086 967 2130 Libyam
995 2086 1170 2120 mitteret.
1219 2085 1418 2130 imperator
1443 2090 1562 2117 autem
1589 2085 1702 2117 Areo-

224 2130 378 2165 bindum
406 2144 494 2165 cum
503 2132 683 2166 militibus
709 2145 859 2167 numero
887 2134 1040 2179 exiguis,
1062 2134 1177 2167 virum
1201 2132 1339 2178 alioqui
1364 2131 1526 2166 nobilem
1552 2137 1588 2166 et
1613 2143 1701 2178 pru-

226 2178 388 2221 dentem,
415 2172 500 2213 sed
502 2181 555 2213 rei
577 2181 746 2214 militaris
775 2181 901 2215 rudem
928 2187 965 2216 et
988 2182 1220 2226 inexpertum
1244 2181 1353 2221 misit,
1383 2185 1494 2226 atque
1523 2191 1595 2214 una
1621 2191 1702 2212 cum

228 2227 307 2272 ipso
333 2226 580 2269 Athanasium,
604 2229 868 2275 Armeniosque
895 2241 1002 2276 quam
1027 2240 1172 2274 paucos,
1201 2228 1334 2274 quibus
1352 2228 1552 2262 Artabanes
1579 2233 1616 2261 et
1640 2228 1702 2260 Io-

229 2286 355 2316 annes,
379 2275 583 2317 Arsacidae,
607 2276 857 2320 praefuerunt.
908 2277 1070 2322 Sergium
1093 2281 1217 2310 tamen
1235 2277 1385 2310 minime
1415 2277 1605 2316 revocavit,
1630 2275 1702 2308 imo

229 2323 348 2367 ipsum
377 2329 486 2369 atque
509 2323 757 2357 Areobindum
782 2335 855 2358 uua
880 2325 1005 2359 ambos
1029 2323 1165 2368 Libyae
1192 2324 1300 2358 duces
1326 2335 1403 2358 esse
1429 2325 1555 2358 iussit:
1582 2324 1633 2357 ita
1663 2328 1704 2356 ut

229 2371 374 2416 Sergius
403 2371 574 2404 adversus
610 2370 804 2411 barbaros,
841 2373 904 2418 qui
933 2373 971 2407 in
998 2371 1170 2406 Numidia
1208 2379 1322 2413 erant,
1361 2371 1591 2406 Areobindus
1616 2381 1703 2404 vero

230 2425 356 2452 contra
384 2419 612 2459 Maurusios,
652 2419 715 2465 qui
749 2420 938 2463 Byzacium
972 2420 1160 2461 tenebant,
1191 2398 1463 2467 expeditionem
1487 2420 1699 2464 susciperet.

228 2466 460 2501 Areobindus
485 2466 548 2500 ubi
575 2466 613 2499 in
639 2466 791 2510 Libyam
821 2468 934 2510 venit,
959 2467 1227 2513 dimidiumque
1257 2469 1437 2502 exercitus
1461 2467 1614 2513 accepit,
1642 2467 1702 2499 Io-

228 2526 362 2549 annem
375 2514 620 2549 Constantioli
646 2515 760 2548 filium
789 2515 827 2548 in
842 2516 1013 2550 Tzotzam
1039 2521 1077 2549 et
1100 2515 1261 2561 reliquos
1285 2516 1457 2550 barbaros
1486 2515 1703 2561 praeliatum

228 2563 339 2597 misit.
401 2564 554 2597 loannes
592 2561 683 2596 adeo
718 2574 912 2596 numeroso
952 2562 1111 2596 hostium
1150 2565 1309 2598 exercitu
1336 2569 1544 2610 conspecto
1577 2573 1704 2596 manus

229 2621 308 2644 cum
335 2610 411 2644 illis
439 2610 681 2645 conserendas
717 2622 756 2644 se
789 2611 866 2655 cogi
904 2611 1098 2644 intellexit
1158 2623 1280 2657 graves
1317 2618 1438 2645 autem
1464 2623 1543 2645 cum
1569 2610 1705 2643 Tzotza

229 2657 441 2697 inimicitias
470 2657 637 2704 gerebat,
678 2658 728 2692 ita
756 2664 795 2692 ut
821 2659 914 2692 alter
949 2659 1103 2693 alterum
1130 2660 1319 2700 conficere,
1348 2665 1459 2706 atque
1485 2660 1535 2693 ita
1561 2658 1703 2692 demum

228 2707 348 2752 perire
373 2711 576 2754 exoptaret.
640 2707 834 2741 certamine
859 2706 969 2751 igitur
999 2707 1104 2748 inito,
1139 2713 1293 2754 uterque
1326 2707 1370 2740 de
1395 2706 1517 2740 medio
1543 2705 1704 2740 exercitu

228 2765 448 2802 progressus,
476 2755 516 2791 in
541 2765 580 2790 se
607 2755 759 2790 invicem
779 2755 973 2789 irruerunt.
1024 2765 1066 2789 ac
1090 2755 1242 2789 Ioannes
1268 2755 1415 2802 quidem
1434 2766 1554 2789 arcum
1581 2754 1703 2787 inteu-
