1786 3204
312 190 329 225 1
343 169 378 237 4
387 189 414 223 2
857 173 1200 221 ΤΗΕοΡΗΑΝιε

300 295 569 356 ἅφιερώσας,
610 293 683 338 καί
711 289 809 336 ἀντὶ
831 289 1140 346 Μαργαριτοῦς
1162 287 1317 343 πόρνης
1347 287 1474 343 ἁγίαν
1503 289 1640 347 αὐτην
1668 294 1761 334 Πε-

300 368 450 422 λαγίαν
475 361 755 420 παραστήσας
781 362 838 417 τῷ
866 358 1053 414 Χριστῷ.
1091 349 1212 404 οὗτος
1241 349 1316 396 οὖν
1343 352 1367 396 ὅ
1393 356 1439 398 ἐν
1467 354 1603 412 οἷγίοις
1632 357 1763 414 ἄγαλ-

299 433 501 487 λιώμενος
531 429 603 473 ἐπὶ
619 430 669 488 τῇ
698 429 782 471 τῶν
811 425 938 481 ἁγίων
954 423 1141 480 ὄμονοιῗοι,
1169 421 1327 478 γράφει
1357 421 1413 479 τῷ
1442 421 1761 485 οἷρχιεπισκόπῳ

299 499 463 557 Ἰωάννῃ
492 494 717 545 νουθεσίας
746 496 820 536 καί
845 492 1120 539 διδασκαλίας
1140 488 1331 546 ῥήματα,
1361 489 1407 532 ἐν
1429 484 1493 539 οἷς
1521 492 1595 533 καί
1623 494 1762 536 τοῦτο·

301 565 490 622 κάθαρον
505 562 582 620 τήν
605 562 836 618 ἐκκλησίαν,
869 554 904 601 ὦ
922 553 1121 613 ἄνθρωπε
1147 558 1224 599 τοῦ
1245 556 1364 613 θεοῦ,
1393 555 1476 599 ἀπὸ
1506 560 1591 601 τῶν
1605 559 1786 603 Neam-E

265 634 457 689 Βριανῶν
484 630 678 684 ζιζανίων
722 628 795 670 καί
829 629 901 682 τῆς
939 626 1080 667 αὐτῶν
1127 622 1376 680 δεινότητος.
1434 623 1510 668 τὸν
1553 627 1600 668 δὲ
1627 626 1764 683 α’σεβῆ

88 975 180 1009 AM.
194 976 284 1055 59αὲ

84 1581 172 1615 AM.
188 1582 260 1662 592¹

109 2447 149 2482 A.
164 2441 280 2488 0426

115 2778 278 2822 C.A·[s27

299 700 373 743 καί
396 697 649 756 βλάσφημον
679 692 909 750 Νεστόριον
937 694 981 735 ἐν
1007 693 1059 749 τῇ
1089 692 1228 748 ἐξορίᾳ
1256 691 1281 746 ἦ
1310 689 1410 734 θεία
1438 692 1532 748 δι’κη
1557 694 1764 749 μετῆλθεν

296 765 492 823 σηπεδόνι
525 765 608 808 τῶν
646 764 786 818 μελῶν
814 760 948 803 αὕτοῦ
976 758 1166 812 πάντων,
1194 754 1379 813 μάλιστα
1419 761 1468 803 δὲ
1498 761 1573 816 τῆς
1603 762 1765 815 μιαρᾶς

295 835 429 877 αὐτοῦ
454 829 656 887 γλώσσης,
679 825 709 888 ᾗ
736 826 972 885 περιπεσών
1001 826 1219 883 διεφθάρη
1245 826 1306 886 τῷ
1329 825 1510 886 θανάτῳ,
1538 826 1765 885 προλαβών

295 899 371 958 τήν
398 897 479 942 ἀπὸ
508 899 688 948 Ὠάσεως
722 895 950 951 α’νάκλησιν
978 895 1038 944 εἰς
1063 892 1207 950 ἕτερον
1236 894 1371 940 τόπον.
1780 910 1786 936 ι

407 961 897 1011 Κωνσταντινουπόλεως
936 959 1166 1004 ἐπισκόπου
1195 963 1481 1016 Μαξιμιανοῦ
1506 960 1596 1014 ἔτος
1625 962 1677 1005 α’.

411 1033 552 1092 Τούτῳ
583 1034 640 1090 τῷ
668 1029 750 1074 ἔτει
777 1026 905 1086 ἦλθεν
926 1030 1275 1079 Ουάλεντινιανὸς
1303 1028 1385 1071 α’πὸ
1407 1028 1576 1086 Ῥώμης
1603 1028 1626 1071 ὅ
1646 1033 1688 1073 Γ
1686 1029 1762 1074 α’λ-

294 1110 369 1161 λης
399 1101 641 1149 Πλακιδίας
671 1097 744 1140 καί
772 1097 1075 1140 Κωνσταντιόυ
1109 1094 1202 1146 υἱὸς
1231 1098 1277 1139 ἐν
1309 1096 1761 1141 Κωνσταντινουπόλει

293 1174 367 1214 καί
396 1168 546 1226 ἔγημεν
582 1171 759 1222 γυναῖκα
799 1163 875 1219 τὴν
918 1163 1141 1220 θυγατέρα
1174 1164 1407 1207 Θεοδοσίου
1447 1168 1524 1207 τοῦ
1549 1166 1761 1220 βασιλέως

291 1238 499 1289 Εὕδοξιάν
525 1233 602 1291 τὴν
633 1236 677 1286 ἐξ
706 1232 915 1282 Εὐδοκιάς
953 1233 1229 1288 γεννηθεῖσαν
1258 1233 1390 1291 αὐτῷ,
1420 1230 1493 1275 καὶ
1520 1232 1786 1289 ἕπανῆλθενι

294 1308 339 1348 ἐν
363 1303 517 1360 Ῥώμῃ.

406 1371 472 1428 Τῷ
515 1370 553 1411 δ’
591 1367 706 1426 αὐτῷ
732 1363 818 1410 ἔτει
841 1363 1051 1422 εΗσύχιος
1083 1365 1107 1407 ὅ
1152 1366 1436 1424 πρεσβύτερος
1456 1366 1760 1426 Ἱεροσολύμων

291 1435 572 1492 ἐτελεύτησεν.
648 1436 722 1477 καί
751 1432 776 1491 ἦ
813 1437 1003 1492 μακαριά
1029 1434 1211 1491 Metam
1238 1434 1264 1490 ἦ
1294 1437 1368 1491 τῆς
1399 1433 1585 1494 μεγάλης
1611 1436 1757 1494 ἐγγόνη

293 1507 336 1548 ἑν
368 1505 542 1559 α’σκήσει
568 1501 774 1560 ἐκοιμήθη
804 1503 848 1544 ἐν
871 1503 951 1560 βίῳ
983 1504 1127 1560 τελεάιο
1156 1502 1202 1544 ἐν
1223 1502 1513 1561 Ἰερουσαλήμ.

395 1567 559 1626 Ῥώμης
589 1568 820 1613 ἐπισκόπου
848 1566 1019 1617 Ξύστου
1050 1567 1142 1619 ἔτος
1170 1569 1225 1613 α’.
1765 1587 1786 1615 a

384 1731 419 1764 3.
450 1729 491 1777 τῇ
518 1727 600 1762 add.
627 1740 671 1762 ex
694 1728 736 1762 A.
859 1728 892 1761 5.
921 1727 1093 1775 κάθαρσιν
1126 1730 1167 1770 Α,
1192 1731 1339 1777 κάθαρε
1362 1730 1459 1776 vulg.
1574 1731 1609 1766 8.
1639 1729 1755 1766 αὐτοῦ

384 1782 470 1811 ante
493 1778 648 1813 πάντων
678 1787 747 1809 om.
774 1775 815 1809 A.
904 1788 938 1820 9.
969 1777 1009 1812 δὲ
1032 1775 1187 1823 θανάτῳ
1215 1780 1276 1821 τῆς
1297 1791 1340 1826 μ.
1365 1789 1396 1812 e.
1487 1789 1540 1813 ιο.
1565 1775 1642 1814 α’πό
1666 1777 1754 1814 Ὠα-

384 1836 479 1864 σεως
503 1825 533 1858 Α
560 1835 597 1866 e,
624 1819 699 1859 ἀπὸ
724 1823 911 1864 κολάσεως
938 1824 961 1858 b
981 1850 991 1867 ‚
1019 1822 1094 1861 ἀπὸ
1124 1824 1252 1861 Θάσου
1273 1827 1370 1871 vulg.
1473 1837 1524 1861 12.
1549 1825 1692 1867 Γάλλας
1717 1827 1753 1861 b·

390 1884 440 1919 ¹7-
468 1870 487 1909 ὁ
514 1871 596 1906 add.
627 1883 671 1906 ex
699 1872 740 1906 A.

293 2012 497 2057 guissimam
532 2010 602 2044 deo
643 2012 876 2053 consecravit,
902 2018 938 2046 et
966 2012 1182 2058 Margaritus
1221 2014 1330 2048 scorti
1353 2015 1432 2049 vice
1459 2014 1639 2059 Pelagium
1670 2025 1754 2048 san-

292 2066 384 2093 ctam
407 2058 651 2105 poenitentem
670 2058 814 2092 Christo
839 2060 1017 2094 exhibuit.
1068 2061 1128 2094 hie
1147 2061 1256 2106 igitur
1280 2068 1484 2096 sanctorum
1503 2075 1578 2096 non
1604 2062 1755 2096 ultimus

293 2108 337 2140 de
363 2113 565 2140 sanctorum
596 2106 687 2140 inita
713 2108 1006 2142 reconciliatione
1032 2110 1209 2150 exultans,
1234 2111 1344 2144 verba
1367 2111 1609 2144 monitionum
1635 2116 1671 2144 et
1689 2110 1756 2143 do-

292 2156 429 2189 ctrinae
465 2154 573 2200 plena
600 2154 727 2186 Ioanni
754 2155 906 2200 scripsit,
940 2155 1102 2204 haecque
1128 2158 1225 2191 inter
1250 2159 1345 2192 alia:
1372 2169 1529 2204 expurga
1556 2159 1756 2198 ecclesiam,

291 2204 345 2236 vir
373 2202 442 2242 dei,
470 2213 489 2234 a
513 2201 670 2234 Nestorii
698 2202 842 2234 zizaniis
871 2209 907 2236 et
934 2215 1055 2237 eorum
1092 2205 1258 2250 perfidia.
1307 2207 1458 2252 impium
1485 2206 1629 2240 tandem
1656 2206 1757 2239 blas-

293 2251 537 2295 phemumque
580 2248 787 2282 Nestorium
827 2249 947 2284 divina
983 2253 1119 2287 iustitia
1154 2255 1192 2287 in
1231 2254 1341 2287 exilio
1370 2255 1449 2288 ulta
1485 2261 1559 2295 est,
1584 2254 1757 2288 membris

293 2299 369 2331 eius
398 2296 575 2337 omnibus,
601 2301 637 2329 et
658 2297 796 2342 impura
823 2300 974 2332 maxime
1000 2301 1135 2345 lingua,
1161 2301 1246 2336 tabo
1273 2302 1483 2344 fluentibus,
1507 2314 1579 2349 quo
1609 2302 1754 2348 quidem

292 2357 455 2379 corrosus
487 2344 563 2377 leto
604 2343 821 2387 absumitur,
852 2353 888 2380 et
917 2359 935 2381 e
961 2348 1082 2383 Thaso
1110 2350 1149 2383 in
1187 2350 1300 2383 alium
1327 2351 1448 2385 locum
1490 2352 1756 2385 revocationem

291 2393 490 2440 praevenit.

386 2439 542 2485 Cpoleos
563 2438 725 2485 episcopi
751 2440 961 2475 Maximiani
987 2454 1101 2478 annus
1125 2446 1271 2491 primus.

386 2488 464 2522 Hoc
490 2497 584 2520 anno
619 2487 898 2523 Valentinianus
925 2491 1051 2525 Gallae
1090 2493 1268 2527 placidiae
1313 2498 1350 2527 et
1387 2491 1619 2527 Constantini
1659 2491 1756 2526 filius

293 2535 435 2582 Cpolim
461 2535 646 2581 profectus
671 2546 814 2568 uxorem
834 2536 937 2571 duxit
960 2539 1158 2574 Eudoxiam
1175 2541 1376 2575 Theodosii
1395 2541 1620 2588 imperatoris
1644 2540 1756 2574 filiam

293 2596 336 2618 ex
363 2582 524 2617 Eudocia
547 2582 699 2626 coniuge
725 2582 793 2616 sibi
821 2590 965 2619 natam:
1001 2593 1037 2621 et
1061 2589 1213 2634 posthac
1240 2591 1386 2624 Romam
1412 2600 1572 2623 reversus
1597 2594 1661 2623 est.

386 2630 523 2665 Eodem
549 2641 644 2664 anno
658 2630 859 2674 Hesychius
885 2633 1070 2678 presbyter
1088 2637 1436 2681 Hierosolymitanus
1462 2637 1632 2671 ultimum
1660 2636 1755 2672 ‹liem

292 2678 403 2714 obiit:
428 2684 476 2714 vet
502 2677 612 2712 beata
640 2678 795 2712 Melania
822 2691 968 2725 maguae
999 2683 1178 2719 Melaniae
1206 2686 1326 2731 neptis
1352 2686 1390 2719 in
1414 2685 1660 2730 religiosarum
1683 2685 1756 2718 vir-

290 2733 408 2763 tutum
435 2726 617 2761 exercitiis
646 2731 682 2759 et
706 2726 931 2772 perfectione
954 2730 1048 2763 vitae
1075 2732 1335 2779 Hierosolymis
1361 2733 1550 2781 requievit.

384 2777 516 2810 Romae
541 2774 702 2821 episcopi
730 2775 830 2818 Xysti
856 2787 969 2810 annus
993 2779 1138 2823 primus.
