1768 3106
221 81 337 150 648
784 95 1134 140 THEOPHANIS

219 204 319 260 γείῳ
352 200 687 258 ἀπεκεφάλισεν,
727 200 801 246 καί
837 198 912 255 τήν
957 198 1113 241 τούτου
1159 195 1347 254 κεφαλήν
1385 198 1432 240 ἐν
1468 199 1526 256 τῷ
1555 200 1702 258 ΙΙΙιλίφ

220 270 455 323 ἐκρέμασεν
485 269 558 310 ἑπί
585 274 697 324 τρεῖς
723 267 900 324 ἡμέρας.
959 264 1062 320 μετὰ
1094 267 1142 308 δὲ
1181 264 1407 320 τριάκοντα
1438 264 1511 322 ἔτη
1543 265 1565 308 ὅ
1594 283 1703 323 μνη·-

221 334 394 385 σι’κακος
423 338 498 377 καί
527 331 799 389 ἄσπλαγχνος
818 332 1023 387 βασιλεύς
1049 333 1248 384 ἐπέταξεν
1268 334 1470 377 ἀπελθεῖν
1489 332 1568 390 τήν
1597 332 1703 376 ἑαυ-

221 405 300 445 τοῦ
327 409 510 458 γυναῖκα
549 403 593 445 ἐν
624 403 675 459 τῇ
701 403 812 459 μονῇ
842 403 919 456 τῆς
946 400 1129 457 Χώρας,
1167 398 1300 442 ἐκεῖσε
1338 399 1422 457 γὰρ
1460 396 1512 456 ἦν
1539 401 1703 457 ταφείς,

86 479 122 513 P.
141 477 206 512 353
221 471 295 513 καί
324 471 577 523 α’νασκοίψαι
619 467 758 510 αὐτοῦ
800 466 854 510 τὰ
892 467 1016 523 ὄστᾶ,
1046 468 1121 510 καί
1157 467 1202 509 ἐν
1233 470 1290 524 τῷ
1314 466 1410 526 ἰδίῳ
1437 471 1598 526 παλλίῳ
1623 470 1741 522 (fa-5

220 538 405 594 στᾶσαι,
447 538 522 579 καί
547 537 607 586 εἷς
642 533 696 578 τοὶ
738 533 941 590 λεγόμενα
986 536 1207 590 Πελαγιόυ
1242 535 1446 590 μνήματα
1483 533 1592 589 μετὰ
1622 537 1705 578 τῶν

216 603 486 659 βιοθανάτων
535 602 680 659 ῥίψαι.
750 598 786 644 ὦ
825 604 899 658 τῆς
945 603 1291 659 α’πανθρωπίας]
1330 603 1514 654 πολλοὺς
1558 604 1707 645 δὲκαὶ

218 668 375 722 ἄλλους
401 668 686 728 Ἀρταβάσδῳ
705 669 1072 726 συμμαχήσαντας
1102 671 1188 712 τῶν
1216 667 1494 726 προυχόντων
1523 671 1702 712 α’νεῖλεν·

218 739 543 794 ἀναριθμήτους
589 739 637 781 δὲ
666 736 933 795 ἐτύφλωσεν,
980 740 1052 779 καί
1093 732 1248 787 ἄλλους
1278 736 1603 793 ἑχειροκόπησεν
1633 738 1707 778 καὶ

217 805 544 862 ἕποδοκόπησεν.
602 806 834 861 ἐπέτρεψεν
867 807 914 847 δὲ
933 810 1019 854 τοῖς
1046 802 1129 847 οὑν
1159 805 1276 863 αὐτῷ
1303 805 1570 848 εἰσελθοῦσιν
1598 806 1703 855 ἔξω·
1720 818 1768 846 ιο

219 880 349 923 τικοῐς
378 868 588 928 ἄρχουσιν
617 874 829 915 εἰσελθεῖν
858 872 920 922 εἰς
952 870 1056 922 τούς
1085 870 1226 921 οἴκους
1253 871 1329 914 καὶ
1362 870 1600 928 διαρπάσαι
1629 872 1706 922 τοὶς

220 940 371 990 οὐσίας
399 942 485 982 τῶν
513 941 698 982 πολιτῶν
715 956 726 967 ·
800 936 934 981 πολλοὶ
968 940 1015 981 δὲ
1045 939 1121 981 καί
1145 936 1255 981 ἄλλα
1286 934 1562 996 ἆναρίθμητα
1589 936 1706 981 δεινοὶ

221 1006 467 1058 ἐπεδείξατο
507 1009 560 1064 τῇ
602 1004 738 1053 πόλει.
796 1004 969 1049 ἱππικὸν
1009 1006 1057 1047 δὲ
1086 1005 1268 1061 ποιήσας
1308 1003 1528 1061 εἰσήγαγεν
1551 1005 1706 1061 Ἀρτά-

81 1082 203 1118 v.281
223 1077 385 1130 βασδον
414 1073 496 1117 σύν
522 1078 608 1123 τοῖς
635 1072 744 1123 υἱοῖς
786 1073 923 1116 αὐτοῦ
965 1072 1039 1115 καί
1066 1079 1156 1122 τοῖς
1185 1074 1327 1130 φίλοις
1355 1074 1605 1127 δεδεμένους
1634 1070 1704 1115 διὰ

184 1145 300 1186 Bw&
332 1144 525 1184 διϊππιόυ
556 1137 647 1195 ἅμα
670 1142 939 1199 Ἀναστασίῳ
969 1142 1029 1198 τῷ
1058 1138 1326 1198 ψευδωνύμῳ
1357 1137 1602 1198 πατριάρχῃ
1634 1156 1706 1182 τυ·
1726 1139 1768 1192 15

225 1211 444 1267 φλωθέντι
477 1209 692 1265 δημοσίαις
717 1210 793 1251 καί
821 1209 893 1250 ἐπὶ
934 1203 1034 1249 ὄνου
1075 1204 1371 1264 ὲξανοῖστροφα
1399 1210 1642 1265 καθημένῳ,
1662 1205 1708 1248 ὃν

226 1279 287 1326 εἰς
315 1275 362 1318 τὸ
392 1274 566 1318 ἱππικὸν
593 1273 832 1331 εἰσαγαγών
862 1272 1144 1328 ἐπόμπευσεν.
1174 1271 1303 1317 πάλιν
1331 1275 1379 1316 δὲ
1405 1271 1462 1324 ὥς
1490 1271 1710 1331 ὁμόφρονα

227 1345 369 1386 αϋτοῦ
396 1342 640 1400 ἐκφοβήσας
671 1342 746 1385 καί
773 1340 1006 1399 δουλώσας,
1035 1343 1082 1385 ἐν
1109 1343 1167 1400 τῷ
1197 1339 1335 1400 θρόνῳ
1376 1343 1451 1396 τῆς
1481 1339 1712 1396 ἱερωσύνης

227 1408 447 1454 ἐκάθισεν.
524 1401 737 1455 Σισίννιον
780 1412 828 1453 δὲ
869 1408 939 1452 τὸν
976 1409 1199 1465 πατρίκιον
1239 1411 1313 1451 καί
1354 1406 1590 1465 στρατηγὸν
1630 1410 1712 1450 τῶν

231 1479 486 1536 Θρακησίων
514 1475 654 1520 πολλοὶ
700 1473 1004 1533 συνδραμόντα
1043 1477 1159 1534 αὐτῷ
1195 1477 1270 1518 καί
1297 1475 1768 1532 συναγωνισάμενον,αο

324 1603 357 1636 3.
384 1600 522 1638 ἑαυτοῦ
543 1601 575 1635 A
603 1602 629 1644 f,
654 1600 772 1639 αὐτοῦ’
797 1601 895 1646 vulg.
1018 1612 1071 1634 12.
1099 1599 1191 1636 ἄλλα
1217 1600 1300 1634 add.
1330 1611 1375 1634 ex
1399 1601 1441 1634 A.
1566 1600 1618 1647 ¹4·
1646 1597 1710 1634 διὰ

323 1650 390 1685 τοῦ
414 1649 573 1732 ἱππὲικοῦ
588 1651 629 1685 Δ.
780 1661 835 1697 ¹7·
863 1646 1088 1697 εἰσαγαγών
1106 1650 1147 1693 Α,
1180 1643 1380 1697 ἐξαγαγὼν
1402 1649 1500 1695 vulg.
1618 1647 1712 1695 ὁμό-

326 1707 440 1746 φρωι)
482 1722 490 1731 ο

233 1824 377 1859 duobus
404 1824 492 1859 filiis
518 1824 740 1867 excaecavit,
765 1824 973 1870 Bactagium
995 1837 1081 1860 vero
1118 1825 1166 1859 acl
1204 1825 1360 1859 ferarum
1392 1828 1564 1859 venatum
1592 1822 1711 1868 capite

231 1873 405 1915 truncari,
429 1878 612 1919 caputque
642 1884 708 1918 per
732 1872 811 1906 dies
838 1878 909 1907 tres
933 1875 972 1907 in
998 1874 1104 1907 Milio
1128 1873 1274 1920 publice
1299 1872 1473 1919 suspendi
1500 1871 1616 1905 iussit.
1646 1870 1711 1904 de·-

233 1933 334 1955 mum
360 1932 445 1954 vero
470 1926 555 1967 post
579 1932 694 1954 annos
716 1921 863 1965 triginta
903 1922 1116 1955 iniuriarum
1143 1933 1282 1955 memor
1314 1927 1352 1955 et
1374 1921 1570 1954 inclemens
1595 1919 1711 1964 impe-

234 1975 333 2002 rator
355 1969 393 2001 in
424 1968 564 2002 Chorae
600 1969 862 2002 monasterium
896 1981 1044 2003 uxorem
1071 1971 1149 2003 eius
1177 1982 1214 2004 se
1251 1970 1429 2010 conferre,
1455 1971 1494 2001 in
1522 1978 1565 2000 eo
1593 1966 1710 2012 siqui-

235 2016 319 2049 dem
356 2017 521 2061 sepultus
559 2016 701 2050 iacebat
727 2017 938 2061 Bactagius‚
978 2024 1016 2052 et
1049 2018 1128 2051 eius
1165 2029 1247 2052 ossa
1271 2017 1414 2051 tumulo
1440 2021 1541 2049 eruta
1563 2015 1711 2060 proprio

234 2064 350 2110 pallio
378 2064 571 2110 deportata
607 2064 653 2097 ad
679 2075 721 2097 ea
749 2075 842 2110 quae
872 2065 1005 2109 Pelagii
1043 2066 1249 2100 vocitantur
1273 2069 1510 2098 monumenta
1534 2075 1605 2096 una
1631 2074 1711 2095 cuin

234 2112 282 2144 iis
316 2112 378 2157 qui
413 2112 483 2144 sibi
520 2113 608 2158 ipsis
652 2114 813 2145 conscias
852 2124 977 2146 manus
1004 2114 1207 2147 intulerant
1246 2113 1423 2158 proiicere
1449 2110 1637 2156 compulit.
1689 2121 1710 2142 o

234 2160 370 2192 finctum
395 2171 543 2204 prorsus
572 2159 828 2193 inhumanum!
875 2161 1009 2194 multos
1037 2162 1187 2207 insuper
1212 2161 1302 2193 alios
1328 2172 1372 2193 ex
1396 2159 1618 2205 proceribus,
1647 2159 1712 2204 qui

234 2207 426 2241 Artahasdi
446 2213 567 2252 partes
595 2208 740 2253 sequuti
769 2214 866 2249 sunt,
884 2209 1080 2250 interfecit,
1102 2209 1301 2242 innumeris
1325 2208 1448 2241 oculos
1474 2207 1612 2247 effodit,
1636 2217 1714 2239 ma-

235 2268 304 2288 nus
333 2256 424 2295 istis,
451 2255 530 2287 aliis
560 2254 671 2300 pedes
701 2256 868 2289 abscidit.
930 2256 977 2290 ad
1001 2256 1092 2290 haec
1118 2256 1298 2289 extraneis
1324 2268 1415 2302 quos
1440 2266 1559 2289 seeum
1586 2254 1624 2286 in
1651 2266 1713 2286 ur-

234 2303 320 2336 bem
345 2302 550 2336 introduxit
574 2302 764 2336 nobilibus
794 2304 926 2338 civium
951 2304 1075 2338 domos
1101 2310 1311 2350 penetrare,
1348 2310 1384 2337 et
1410 2315 1533 2337 eorum
1559 2302 1714 2336 faculta-

235 2357 292 2385 tes
319 2361 383 2396 pro
410 2350 586 2383 arbitratu
625 2350 695 2382 sibi
735 2350 902 2396 abripere
928 2353 1110 2397 permisit,
1143 2363 1183 2385 ac
1227 2351 1386 2398 denique
1413 2352 1558 2385 infinita
1582 2349 1713 2383 damna

237 2400 376 2432 civitati
404 2398 543 2431 intulit.
603 2397 798 2431 celebratis
834 2400 940 2432 etiam
968 2400 1006 2433 in
1045 2400 1140 2433 circo
1167 2399 1264 2433 ludis
1303 2399 1531 2446 equestribus
1562 2397 1714 2432 Artaba-

238 2447 341 2480 sduin
367 2458 438 2479 una
466 2457 545 2479 cum
574 2446 659 2478 filiis
688 2451 726 2478 et
750 2446 874 2479 amicis
897 2448 1053 2480 vinculis
1079 2447 1277 2492 alligatum,
1306 2459 1374 2482 nec
1400 2446 1714 2481 nonAnastasium

237 2495 321 2528 falsi
348 2494 506 2527 nominis
545 2493 784 2539 patriarcham
823 2494 938 2528 oculis
963 2495 1153 2539 privatum,
1183 2501 1220 2529 et
1244 2497 1345 2530 asino
1373 2496 1465 2530 facie
1491 2494 1537 2528 ad
1562 2493 1715 2527 caudam

235 2553 340 2575 versa
368 2541 587 2575 insidentem
613 2541 760 2586 publice
784 2552 850 2587 per
872 2542 1032 2575 medium
1061 2543 1147 2576 circi
1174 2544 1331 2577 stadium
1357 2544 1507 2583 invexit,
1535 2547 1572 2576 et
1596 2541 1642 2574 de
1668 2541 1714 2574 iis

238 2590 387 2623 ludibrii
424 2589 644 2634 triumphum
683 2590 767 2634 egit.
836 2595 1016 2623 caeteruin
1046 2591 1274 2625 Anastasium
1308 2603 1374 2626 ceu
1400 2591 1603 2625 sententiae
1628 2599 1714 2622 suae

239 2644 453 2671 sectatorem
484 2637 597 2682 probe
623 2636 810 2671 subactum
837 2643 874 2671 et
908 2639 1135 2672 renovandae
1162 2651 1303 2685 poenae
1328 2641 1456 2674 timore
1483 2636 1716 2671 emendatum

239 2687 278 2719 in
305 2685 498 2718 sacerdotii
527 2686 648 2718 sedem
677 2685 849 2719 restituit.
880 2685 1076 2720 Sisinnium
1105 2688 1211 2721 etiam
1239 2688 1429 2733 patricium
1463 2692 1499 2720 et
1523 2686 1716 2719 Thracen-

239 2735 331 2768 sium
356 2733 484 2768 ducein
510 2735 597 2780 (quo
624 2732 789 2768 adiutore
815 2745 857 2768 ac
872 2734 979 2768 simul
1005 2735 1205 2781 praeliante
1231 2736 1422 2784 imperium
1450 2733 1600 2781 recepit)
1626 2744 1714 2767 cou-
