1786 3204
288 157 399 215 288
843 178 1193 222 THEOPHANJS

279 281 494 332 ἀπολέσας
532 281 777 336 Νονμιδίαν
813 280 888 324 καί
929 281 1153 336 Αιῖράσιον
1195 263 1321 334 ὅροξ,
1373 282 1416 325 οἳ
1456 286 1534 326 οὐκ
1578 284 1639 329 ἔτι
1671 287 1753 329 ὑπὸ

283 350 562 404 Ου’·ανδηλους
602 352 798 404 ἐγένοντο.
872 350 913 391 Γ
910 349 1117 402 ονδαβοῦν
1150 350 1198 390 δὲ
1226 345 1247 389 ὅ
1277 351 1317 391 Γ
1315 349 1495 405 εήσωνος
1523 350 1628 410 υἱός,
1657 353 1758 396 υἱοῦ

279 418 323 459 Γ
320 418 512 471 ιζερίχου
543 415 618 473 τήν
647 416 788 472 ἀρχὴν
820 418 1049 472 διεδέξατο,
1089 417 1262 470 μείζονα
1289 417 1396 459 κακά
1429 425 1516 468 τοῖς
1545 423 1754 475 Χριστια-

279 490 366 535 νοῖς
404 483 715 537 ἐνδειξάμενος·
783 481 1048 539 ἐτελεύτησεν
1090 482 1351 538 βασιλεύσας
1379 483 1448 541 ἔτη
1479 486 1549 541 ιβ’.
1602 487 1755 531 τούτου

241 552 355 608 Οτὴν
385 551 522 608 ιῖρχὴν
549 554 765 603 διεδέξατο
801 552 1144 606 Τρασαμοῦνδος,
1187 550 1295 607 ἀνὴρ
1329 552 1500 609 ειῖειδης
1528 558 1601 598 καί
1631 566 1786 605 avve-5

279 619 351 670 τὰς
380 623 453 662 καί
482 619 796 675 μεγαλόψυχος.
868 612 989 668 οὗτος
1016 617 1116 669 τούς
1143 618 1432 672 Χριστιανοὺς
1460 623 1651 676 ἐβιάζετο
1678 640 1757 677 με-

282 689 550 742 ταβαλέσθαι
593 685 670 741 τήν
711 684 912 743 πατρῴαν
954 684 1102 738 δόξαν,
1142 686 1219 728 οὐκ
1258 687 1544 743 αἰκιζόμενος,
1576 688 1675 740 τούς
1709 692 1757 733 δὲ

281 756 565 804 ἀπειθοῦντας
595 753 979 810 α’ποστρεφόμενος.
1038 752 1349 811 τελευτησάσης
1379 757 1426 798 δὲ
1457 759 1532 812 τῆς
1559 756 1758 812 γυναικὸς

281 824 419 864 αὐτοῦ
459 822 631 864 α’τὲκνου
661 821 911 876 βουλεύεται
940 817 1120 878 ἄριστα,
1151 824 1223 864 καί
1251 825 1425 877 πέμψας
1457 823 1564 878 πρὸς
1596 826 1756 868 Θευὸὲ-

279 906 401 946 ριχον
433 892 612 945 βασιλέα
630 887 806 931 Γότθων
835 891 895 939 εἰς
916 889 1122 946 Σπανίαν,
1151 884 1243 948 ᾔτει
1271 889 1350 945 τὴν
1377 889 1532 933 τούτου
1565 891 1755 949 α’δελφῆν

277 962 424 1012 λαβεῖν
463 956 569 1011 πρὸς
609 957 744 1012 γάμον
783 957 1114 1013 Ἀμαλαφρίδαν
1154 959 1297 1014 χήραν
1331 954 1478 1001 οὖσαν.
1552 958 1648 1003 ὅδὲ
1678 958 1757 1015 τῆν

276 1022 468 1083 ἀδελφήν
498 1027 679 1071 δέδωκεν
706 1020 822 1082 αὐτῷ
845 1025 905 1073 εἰς
932 1030 1112 1079 γυναῖκα
1154 1027 1230 1067 καί
1254 1023 1432 1068 Γότθων
1461 1028 1646 1081 δοκίμων
1663 1029 1756 1070 δισ-

272 1095 438 1149 χιλιόυς
477 1094 521 1135 ἐν
557 1093 673 1145 τάξει
715 1089 973 1148 δορυφόρων
1011 1089 1090 1134 σὺν
1132 1086 1282 1142 ἄλλαις
1311 1093 1430 1136 πέντε
1456 1093 1650 1149 χιλιάσιν
1679 1094 1755 1138 οἷν-

275 1164 390 1217 δριὸν
425 1161 630 1215 μαχᾴιων
669 1158 775 1214 πρὸς
800 1157 1039 1216 ὑπουργίαν
1082 1160 1258 1209 τούτων.
1327 1153 1575 1218 ἐδωρήσατο
1607 1160 1757 1220 δὲτὴν

277 1227 470 1286 α’δελφὴν
508 1229 767 1283 Θευδέριχος
806 1226 881 1269 καί
916 1229 1000 1269 τῶν
1039 1229 1085 1270 ἐν
1114 1227 1285 1285 Σικελία
1328 1228 1605 1286 ἀκρωτηρίων
1636 1229 1681 1272 ’ἐν
1709 1229 1754 1273 τὸ

233 1295 535 1351 Βκαλούμενον
570 1296 764 1339 Λύσιον·
833 1297 907 1336 καί
933 1295 1004 1336 a'n'
1029 1296 1168 1336 αὕτοῦ
1197 1294 1335 1346 ἔδοξεν
1366 1295 1388 1338 ὅ
1425 1299 1758 1353 Τρασαμοῦνδος

276 1365 448 1408 πάντων
474 1365 558 1407 τῶν
586 1365 631 1405 ἐν
659 1360 808 1420 Λιβύῃ
837 1361 1186 1417 βασιλευσάντων
1215 1365 1422 1418 κρείσσων
1449 1380 1492 1407 τε
1522 1367 1596 1408 καί
1624 1366 1756 1408 δυνα·

276 1431 482 1483 πιότατος·
554 1431 720 1486 ἐγένετο
756 1431 804 1473 δὲ
840 1428 915 1472 καὶ
951 1429 1076 1487 φίλος
1106 1431 1186 1472 τοῦ
1219 1432 1431 1486 βασιλέως
1461 1432 1758 1480 Ἀναστασιόυ.

374 1605 408 1628 2.
440 1591 682 1639 Γουνδάβουν
706 1591 747 1624 Α.
894 1593 927 1626 5.
958 1590 1260 1639 Τρασαμοῦνδος
1282 1592 1322 1633 Α,
1351 1595 1455 1637 Τρισ.
1483 1593 1579 1637 vulg.
1720 1605 1751 1638 7.

370 1638 459 1681 τοὺς
483 1641 523 1676 δὲ
546 1640 611 1677 α’π.
640 1638 800 1685 ἅποστρ.
832 1650 900 1672 om.
929 1639 971 1672 A.
1078 1651 1127 1672 ιι.
1153 1638 1451 1687 Ἀμαλαῳρίδαν
1474 1642 1515 1683 Α,
1541 1640 1754 1688 Μαλαφρι-

374 1686 447 1727 δᾶν
470 1691 565 1734 vulg.
709 1698 758 1720 12.
785 1685 888 1734 αὐτῷ
913 1686 993 1720 add.
1026 1699 1070 1721 ex
1096 1687 1136 1721 A.
1287 1690 1337 1721 13.
1360 1690 1506 1734 χιλίους
1530 1689 1571 1723 A.
1699 1689 1751 1732 14.

371 1739 489 1785 τούτῳ
515 1738 557 1771 Α.
677 1733 743 1778 τὴν
769 1730 939 1782 α’δελφὴν
960 1736 990 1770 Α
1014 1734 1058 1776 b,
1083 1738 1124 1784 τῇ
1153 1734 1298 1784 ἀδελφῇ
1322 1737 1418 1782 vulg.
1571 1737 1622 1770 16.
1649 1737 1752 1781 Lily-

370 1786 501 1821 baeum
531 1796 607 1819 esse
628 1783 783 1818 videtur.

275 1936 443 1984 potentia
476 1939 716 1981 susceptoque
753 1932 921 1966 adversus
965 1944 1024 1966 eos
1051 1932 1177 1974 bello,
1213 1934 1450 1979 plurimarum
1492 1934 1649 1968 cladium
1678 1936 1751 1969 illis

277 1986 478 2020 extiterunt
507 1990 680 2017 auctores.
731 1980 960 2015 Honor-iebus
987 1981 1113 2014 amissa
1146 1981 1322 2015 Numidia
1347 1988 1385 2016 et
1410 1982 1589 2016 Aburusio
1616 1990 1751 2026 monte,

275 2045 429 2082 quorum
452 2032 655 2066 dominium
680 2041 790 2076 penes
815 2028 999 2062 vandalos
1026 2029 1184 2062 nondum
1212 2029 1330 2063 adhuc
1355 2036 1442 2072 erat,
1469 2031 1601 2065 exactis
1631 2032 1668 2065 in
1694 2044 1752 2065 re-

276 2093 346 2126 gno
372 2082 474 2114 annis
501 2086 607 2121 octo,
635 2078 731 2112 diem
760 2082 958 2110 extremum
986 2076 1091 2110 obiit.
1157 2077 1404 2111 Gondabunus
1429 2084 1549 2112 autem
1575 2079 1751 2114 Geesonis

275 2130 384 2170 filius,
410 2127 591 2161 Gizerichi
618 2138 744 2172 nepos,
770 2125 904 2159 avitum
924 2136 1070 2170 regnum
1097 2123 1199 2166 adiit,
1226 2131 1262 2158 et
1289 2125 1555 2170 ingentioribus
1581 2126 1618 2160 in
1648 2127 1751 2161 Chri-

275 2178 413 2212 stianos
437 2175 602 2210 exercitis
627 2173 828 2220 suppliciis,
853 2173 927 2207 vita
953 2173 1100 2206 functus
1137 2178 1192 2206 est
1215 2178 1299 2218 post
1321 2185 1455 2206 annum
1482 2175 1582 2219 regni
1607 2174 1751 2210 duode-

275 2226 419 2259 cimum.
469 2223 614 2268 imperii
644 2223 759 2255 factus
788 2227 842 2255 est
865 2220 991 2254 haeres
1017 2220 1289 2261 Trasimundus,
1315 2222 1368 2254 vir
1391 2221 1517 2263 forma,
1542 2222 1750 2268 prudentia,

276 2279 314 2307 et
341 2272 452 2306 animi
478 2269 726 2315 magnitudine
750 2274 949 2314 praestans.
1000 2268 1060 2301 hic
1084 2268 1305 2301 Christianos
1329 2275 1517 2314 paternam
1536 2271 1750 2316 religionem

275 2322 442 2355 deserere
471 2325 508 2352 et
533 2320 725 2351 immutare
754 2316 925 2362 cogebat3
950 2328 1073 2350 verum
1101 2328 1174 2349 non
1199 2317 1363 2361 irrogatis
1390 2317 1426 2351 in
1451 2329 1511 2351 eos
1537 2319 1684 2364 poenis:
1715 2326 1753 2354 at

276 2382 338 2404 eos
363 2366 613 2402 tantummodo
644 2370 837 2405 aversatus,
863 2376 953 2410 quos
992 2363 1099 2397 dictis
1131 2375 1204 2397 non
1234 2364 1476 2410 obsequentes
1504 2367 1749 2412 comperisset.

276 2419 429 2461 coniuge
457 2427 553 2455 vero,
589 2414 692 2446 nulla
729 2413 827 2445 edita
852 2412 966 2457 prole,
993 2423 1036 2444 ex
1061 2410 1129 2443 hac
1155 2413 1227 2445 vita
1265 2413 1451 2458 migrante,
1480 2416 1656 2459 optimum
1683 2416 1753 2449 init

276 2465 490 2501 consilium:
521 2467 557 2495 et
582 2459 934 2494 adTheuderichum
947 2458 1163 2493 Gotthorum
1194 2471 1311 2504 regem
1341 2461 1378 2494 in
1404 2462 1616 2507 Hispaniam
1643 2466 1751 2497 missa

276 2513 473 2559 legatione,
501 2520 658 2544 sororem
686 2508 762 2541 eius
788 2505 1081 2552 Amalaphridam
1118 2507 1261 2540 viduam
1293 2509 1332 2542 in
1360 2510 1565 2555 coniugium
1594 2510 1664 2544 sibi
1692 2512 1750 2546 lo-

277 2562 351 2596 cari
377 2559 551 2607 postulat.
602 2557 667 2590 ille
695 2566 851 2589 sororem
880 2559 1036 2600 nuptum
1061 2554 1181 2593 tradit.
1216 2563 1252 2590 et
1277 2556 1332 2590 bis
1358 2558 1458 2590 mille
1486 2559 1634 2604 insuper
1659 2559 1752 2593 Got-

277 2611 360 2644 thos
389 2606 602 2642 lectissimos
619 2630 628 2646 ‚
654 2604 718 2650 qui
744 2602 942 2636 satellitum
981 2601 1144 2636 ordinem
1171 2604 1267 2649 apud
1290 2605 1409 2651 ipsum
1436 2606 1641 2652 implerent,
1669 2619 1749 2641 cum

278 2659 361 2691 aliis
383 2656 569 2691 hominnm
603 2652 859 2686 bellicosorum
885 2649 1048 2683 millibus
1087 2652 1262 2697 quinque,
1289 2654 1353 2699 qui
1377 2653 1538 2698 priorum
1564 2654 1752 2689 adiutores

278 2712 389 2752 atque
413 2702 570 2738 ministri
593 2701 725 2735 forent.
776 2698 821 2732 ad
846 2697 937 2732 haec
962 2699 1092 2732 sororis
1125 2701 1274 2734 nomine
1298 2713 1341 2734 ex
1368 2701 1512 2735 Siciliae
1536 2709 1752 2747 promonto-

279 2755 340 2788 riis
364 2764 488 2793 unum,
524 2749 581 2784 cui
608 2748 917 2793 Lysitininollicn,
956 2745 1052 2779 dono
1095 2749 1268 2782 contulit:
1302 2760 1345 2782 ex
1385 2761 1457 2794 quo
1492 2750 1752 2784 Trasimundus

279 2802 452 2842 onmium,
477 2800 539 2846 qui
566 2798 741 2833 haetenus
765 2794 900 2839 Libyae
936 2805 1083 2840 reguum
1108 2801 1311 2840 tenuerant,
1336 2795 1534 2832 ditissimus
1561 2805 1598 2833 et
1621 2805 1753 2845 poten-
