1768 3106
264 156 377 228 548
832 179 1180 219 ‘russopmms

258 278 603 335 θαλάσσηςκατῗ
635 279 774 321 αὐτῶν
802 281 1075 337 α’πεκίνησεν,
1114 281 1282 337 πολέμῳ
1320 277 1498 328 τούτους
1532 278 1731 328 ἐκδιῶξαι

257 346 543 403 πειρώμενος,
581 349 657 388 καί
684 347 755 388 διὰ
785 349 866 400 μὲν
906 349 983 400 τῆς
1009 346 1116 401 πρὸς
1147 343 1357 405 τῷὌλγῳ
1384 348 1630 403 καλουμένῳ
1658 348 1731 387 καί

257 417 482 473 Δανουβίῳ
515 414 690 469 ἠπείρου
720 412 770 456 τοὶ
794 413 942 466 πεζικὰ
977 414 1234 469 παρατάξας,
1264 413 1336 456 διὰ
1368 415 1415 456 δὲ
1448 415 1522 468 τῆς
1551 417 1729 467 πλησια-

259 482 412 538 ζούσης
448 478 577 535 ἀκτῆς
619 481 694 531 τὰς
736 484 842 531 ναῦς
870 483 1177 535 προσορμίσας.
1247 483 1370 525 τοῦτο
1408 483 1456 524 δὲ
1484 480 1531 523 τὸ
1568 477 1729 535 α’θρόον

251 547 325 593 καὶ
344 551 605 605 *παμπληθὲς
623 552 699 603 τῆς
726 547 1000 604 παρατάξεως
1031 548 1070 591 οἱ
1103 548 1345 605 Βούλγαροι
1369 549 1632 602 θεασάμενοι
1658 549 1768 604 τῆς5

251 614 414 659 ἑαυτῶν
453 613 739 671 ἀπεγνωκότες
780 618 1019 673 σωτηρίας,
1053 618 1112 666 εἰς
1155 616 1203 659 τὸ
1235 619 1471 672 προλεχθὲν
1516 613 1728 671 ὀχύρωμα

231 684 617 739 ’καταφεύγουσιν,
650 683 724 725 καί
751 680 932 733 ἓαυτούς
970 683 1299 739 ασφαλιζονται.
1361 687 1405 727 έν
1438 684 1556 738 τρισί
1583 685 1631 726 δὲ
1659 683 1732 726 καί

210 754 446 804 (ζτέτρασιν
486 750 669 805 ἡμέραις
699 754 745 794 έκ
783 753 862 792 τοῦ
913 749 1110 794 τοιούτου
1153 752 1433 807 ὀχυρώματος
1470 753 1611 794 αὐτῶν
1650 753 1729 805 μὲν

248 821 435 870 ἐξελθεῖν
461 817 519 873 μὴ
550 817 864 874 τολμησάντων,
898 821 983 861 τῶν
1012 821 1059 862 δὲ
1081 820 1308 873 Ῥωμαίων
1336 817 1522 872 πόλεμον
1547 818 1607 874 μὴ
1628 836 1729 862 συν-

249 884 450 939 αψάντων
488 883 559 928 δια
600 885 676 942 την
714 889 992 943 προκειμένην
1008 889 1094 929 τῶν
1123 887 1341 940 τελμάτων
1370 887 1603 944 πρόφασιν,
1633 901 1756 929 ατο-ι

244 951 489 1008 χασάμενον
531 953 579 996 τὸ
608 953 766 1009 μιαρὸν
803 952 927 1004 ἔθνος
976 953 1051 1010 την
1097 953 1333 1011 χαννότητα
1387 956 1474 997 τῶν
1503 955 1727 1008 Ῥωμαίων

246 1019 500 1078 ἀνελάβετο,
542 1023 615 1063 καί
654 1020 981 1078 προθυμότερον
1019 1024 1200 1077 γέγονεν.
1265 1026 1340 1065 τοῦ
1369 1025 1417 1064 δὲ
1445 1026 1654 1077 βασιλέως
1683 1023 1728 1064 ἐν

245 1089 452 1146 ποδαλγίᾳ
486 1088 862 1147 ὀξυπαθήσαντος,
908 1094 983 1133 καί
1026 1091 1099 1134 έπί
1134 1090 1428 1146 Μεσημβρίαν
1473 1090 1727 1145 βιασθέντος

243 1153 513 1211 ὑποστρέψαι
543 1156 614 1198 διὰ
644 1154 880 1211 συνήθειαν
902 1159 1098 1214 λουτροῦ,
1129 1153 1221 1211 ἅμα
1247 1159 1364 1200 πέντε
1395 1152 1627 1212 δ’ρομαὶνων
1656 1155 1729 1197 καί

242 1225 328 1266 τῶν
357 1224 523 1266 οἰκείων
552 1224 973 1281 αὕτοῦἰίνθρώηων,
1005 1227 1204 1268 κατέλιπε
1235 1222 1336 1275 τούς
1364 1221 1628 1279 στρατηγοῦς
1656 1224 1757 1264 καίι

243 1289 316 1333 τὸν
347 1291 462 1348 λαόν,
497 1291 699 1342 κελεύσας
728 1293 1112 1348 παρακονδακίζειν
1139 1294 1213 1334 καί
1242 1289 1460 1346 ὑποσῦραι
1489 1288 1646 1339 αότοὺς
1680 1291 1725 1332 ἐκ

241 1361 316 1401 τοῦ
347 1358 650 1414 ὀχυρώματος,
689 1358 764 1401 καί
792 1359 977 1414 πόλεμον
1017 1358 1125 1415 πρὸς
1155 1357 1314 1409 αὐτους
1340 1361 1556 1415 κροτῆσαι,
1585 1358 1625 1400 εἰ
1651 1356 1728 1399 ‘cv'-

241 1442 316 1480 χοι
345 1425 502 1477 αὕτοὺς
530 1429 732 1478 ἐξελθεῖν·
764 1428 805 1469 εἰ
831 1429 878 1469 δὲ
906 1425 981 1483 μή,
1013 1429 1314 1481 παρακαθίσαι
1345 1426 1509 1481 αὐτοῖς,
1540 1426 1616 1467 καί
1642 1441 1726 1482 φυ-

201 1491 414 1542 Βλοίττειν
443 1497 489 1536 έν
515 1499 602 1543 τοῖς
635 1493 862 1550 ἐρύμασιν.
925 1492 965 1536 οἱ
995 1496 1041 1536 δὲ
1086 1496 1163 1536 τοῦ
1190 1494 1512 1549 καβαλλαρικοῦ
1540 1490 1618 1535 τόν
1644 1496 1725 1546 βα-

245 1564 365 1604 σιλέα
393 1561 567 1618 φεύγειν
597 1562 946 1619 ὁιαφημίσαντες,
976 1564 1051 1604 καί
1069 1561 1190 1620 φόβῳ
1207 1563 1502 1618 συσχεθέντες,
1535 1563 1589 1618 τῇ
1618 1559 1727 1618 αὐτῇ
1741 1572 1768 1597 2

350 1720 376 1742 ι.
401 1710 481 1743 κατ’
506 1707 633 1744 αὐτῶν
661 1707 742 1742 add.
771 1720 815 1742 ex
837 1710 876 1743 A.
1025 1711 1059 1744 3.
1086 1711 1286 1755 Δανουβίῳ
1321 1710 1360 1750 Α,
1385 1710 1599 1754 Λανουβίου
1626 1708 1723 1753 vulg.

344 1759 569 1804 παραιιιξας
595 1759 636 1798 Α,
667 1757 846 1798 διατάξας
869 1759 964 1803 vulg.
1097 1770 1146 1791 ιο.
1175 1759 1368 1805 τελμάτων
1396 1759 1422 1790 Α
1454 1757 1489 1796 b,
1515 1755 1726 1804 παλμοὶτων

343 1807 441 1849 vulg.
576 1817 626 1850 ¹9·
655 1805 845 1852 ῥεύμασιν
874 1806 899 1839 f.
1006 1816 1066 1839 20.
1097 1810 1342 1852 συσχεθέντες
1378 1804 1420 1853 τῇ
1443 1803 1534 1854 αὐτῇ
1564 1808 1606 1847 A,
1636 1815 1726 1841 συν·

345 1857 520 1900 αχθέντες
544 1854 694 1901 τοιαύτῃ
724 1855 819 1898 vulg.

253 1991 361 2032 taque
390 1991 466 2019 tum
493 1985 583 2019 mari
608 1990 685 2018 tum
724 1990 819 2018 terra
852 1986 1010 2019 militum
1035 1996 1143 2019 manu
1178 1985 1450 2031 expeditionem
1477 1983 1647 2029 suscepit,
1673 1994 1731 2015 ar-

253 2045 391 2066 morum
417 2034 451 2067 vi
481 2033 603 2066 hostes
642 2033 732 2066 locis
760 2035 942 2079 occupatis
971 2034 1165 2068 deturbare
1203 2033 1421 2074 meditatus,
1460 2037 1496 2065 et
1520 2043 1584 2077 per
1611 2031 1730 2064 conti-

253 2086 402 2115 nentem
427 2081 589 2127 quidem‚
613 2086 651 2114 et
675 2081 767 2126 Olgo
794 2082 844 2114 sic
871 2088 999 2115 vocato
1033 2082 1277 2127 Danubioque
1313 2082 1448 2115 vicinas
1473 2085 1584 2113 terras
1614 2079 1730 2124 pede-

255 2134 346 2163 stres
373 2130 495 2174 copias
536 2130 757 2174 composuit,
804 2135 841 2163 et
866 2129 913 2163 ad
955 2131 1090 2164 vicinas
1115 2131 1273 2163 fluminis
1300 2141 1378 2163 oras
1403 2139 1512 2161 naves
1539 2127 1730 2172 applicuit.

253 2187 362 2223 porro
385 2177 531 2220 Bulgari
556 2181 629 2209 tam
671 2177 902 2222 repentinum
930 2184 1040 2224 atque
1066 2189 1294 2212 numerosum
1329 2176 1418 2210 belli
1449 2175 1612 2209 ordinem
1641 2186 1730 2208 con-

256 2225 408 2270 spicati,
433 2225 472 2257 in
499 2224 625 2257 salutis
651 2224 942 2270 desperationem
971 2227 1147 2268 coniecti,
1185 2226 1223 2258 in
1246 2230 1482 2258 memoratum
1509 2223 1730 2268 praesidium

258 2283 295 2306 se
324 2272 565 2317 recipientes,
593 2272 630 2304 in
656 2278 737 2306 tuto
762 2284 838 2306 sese
869 2285 1116 2320 composuere.
1179 2279 1252 2306 tres
1282 2273 1406 2318 itaque
1433 2272 1492 2305 vel
1517 2272 1626 2305 etiam
1653 2271 1731 2303 dies

258 2326 416 2366 quatuor
441 2330 484 2352 ex
511 2318 720 2353 huiusmodi
747 2321 931 2366 praesidio
951 2321 1080 2367 pedem
1107 2323 1232 2355 efferre
1257 2332 1331 2353 non
1357 2321 1447 2359 ausi,
1473 2319 1539 2352 sed
1565 2331 1632 2352 nec
1659 2320 1731 2351 Ro·-

259 2368 356 2402 mani
385 2373 534 2413 propter
551 2366 796 2400 adiacentium
824 2369 999 2414 paludum
1019 2370 1243 2403 occasionem
1274 2367 1320 2401 ad
1347 2367 1552 2402 conflictum
1578 2367 1732 2400 descen-

261 2417 346 2450 dere
375 2415 512 2456 confisi,
540 2414 692 2449 haerent
719 2427 763 2448 ex
782 2422 886 2461 parte
911 2423 1081 2463 utraque3
1107 2423 1182 2450 tum
1202 2421 1298 2449 certe
1323 2417 1464 2462 impura
1491 2415 1734 2461 gens‚R0ma-

260 2473 389 2498 ‘norum
415 2463 666 2496 imbecillitate
701 2469 739 2496 et
761 2464 917 2497 mollitie
943 2471 1145 2510 conspecta,
1176 2465 1313 2497 animos
1339 2464 1488 2509 recepit,
1515 2468 1552 2501 et
1582 2462 1628 2496 ad
1654 2462 1735 2495 bel-

262 2513 338 2546 lum
364 2510 659 2544 committendum
686 2511 839 2544 alacrior
855 2514 983 2546 effecta
1013 2518 1076 2546 est.
1107 2513 1253 2546 interim
1279 2513 1476 2557 imperator
1501 2511 1572 2544 acri
1601 2510 1735 2556 pedum

263 2560 390 2595 dolore
418 2565 567 2592 vexatus
590 2557 715 2591 balnei
743 2558 885 2592 facilius
905 2566 941 2593 et
966 2560 1188 2595 commodius
1213 2560 1375 2594 habendi
1402 2560 1515 2604 gratia
1541 2571 1620 2592 cum
1648 2559 1735 2591 solis

262 2606 496 2641 dromonibus
525 2606 690 2652 quinque
714 2606 975 2653 nonnullisque
1005 2608 1133 2652 palatii
1161 2607 1367 2641 domesticis
1397 2605 1648 2640 Mesembriam
1677 2617 1735 2638 re-

262 2655 341 2689 dire
365 2661 522 2695 coactus,
548 2654 708 2687 exercitu
735 2653 960 2701 ducibusque
983 2656 1126 2690 velitari
1150 2657 1272 2697 iussis,
1304 2662 1341 2690 et
1364 2654 1486 2689 hostes
1512 2665 1531 2687 e
1554 2654 1735 2700 praesidio

260 2703 456 2746 pellicere,
481 2708 518 2736 et
543 2701 687 2735 tandem
727 2713 806 2735 cum
833 2703 883 2735 eis
925 2703 1041 2748 rigido
1081 2704 1220 2745 Marte,
1243 2705 1270 2738 si
1296 2710 1416 2738 tamen
1442 2703 1535 2736 foras
1559 2701 1738 2735 auderent

262 2761 519 2795 prorumpere,
547 2750 603 2783 sin
629 2750 759 2791 minus,
788 2749 980 2784 obsidione
997 2752 1285 2795 circumcingere.
1312 2751 1400 2785 etin
1427 2751 1498 2784 suis
1526 2750 1737 2784 munimen-

261 2798 308 2832 tis
338 2799 501 2832 occlusos
527 2797 729 2839 observare,
756 2799 879 2832 castris
909 2799 1091 2834 abscessit.
1156 2802 1299 2846 equites
1325 2801 1582 2846 imperatorem
1612 2797 1737 2841 fugere
