1768 3106
258 149 372 207 568
799 166 1147 211 THEoPHANJs

256 273 460 316 Λεοντίου
489 272 535 314 ἑν
568 270 1018 314 Κωνσταντινουπόλει
1045 268 1116 312 τὸν
1147 264 1397 321 Νεωρήσιον
1425 263 1577 319 λιμένα
1607 264 1727 306 έκκα-

256 342 489 397 θαίροντος,
519 338 545 395 ἦ
572 339 651 381 τοῦ
679 340 893 393 βουβῶνος
920 335 1032 392 λύμη
1053 338 1256 391 ἐνέσκηψε
1285 336 1336 391 τῇ
1356 330 1488 386 πόλει,
1520 331 1597 373 καί
1622 331 1727 384 πλῆ-

125 415 241 450 P.310
257 410 330 457 θος
362 409 470 449 λαοῦ
497 408 542 450 ἐν
559 408 760 460 τέσσαρσι
779 407 886 461 μησί
913 406 1152 461 διέφθειρε.
1181 398 1498 456 καταλαμβάνει
1526 399 1574 441 δὲ
1600 398 1727 450 Ἀψί-

252 489 392 529 μαρος
423 471 513 528 ἅμα
542 473 599 531 τῷ
631 471 803 514 συνόντι
835 471 954 528 αύτῷ
986 469 1135 529 στόλῳ,
1178 468 1252 511 καί
1277 467 1584 524 προσώρμησεν
1613 465 1727 507 ἅντι-

252 539 331 596 κρό
364 543 439 597 τῆς
467 539 629 590 πόλεως
658 542 702 582 ἐν
734 542 902 587 Συκαῖς.
971 537 1044 580 ε’πί
1065 537 1222 594 χρόνον
1260 538 1307 580 δέ
1338 552 1432 579 τινα
1461 536 1534 590 τῆς
1567 531 1766 581 πόλεως5

252 609 519 664 παραδοῦναι
537 609 743 651 Λεόντιον
769 604 828 662 μη
854 607 1125 661 βουλομένης,
1154 606 1362 660 προδοσία
1383 604 1524 658 γέγονε
1549 600 1622 643 διὰ
1650 601 1729 642 τοῦ

254 676 528 730 μονοτείχους
555 676 816 729 Βλαχερνῶν
845 671 918 715 καί
944 671 1028 714 ὑπὸ
1058 673 1266 723 ἑξωτικῶν
1288 671 1510 727 ἀρχόντων
1539 670 1625 711 τῶν
1653 665 1730 717 τοὶς

254 747 365 791 κλεῖς
393 743 469 784 τοῦ
491 742 700 797 χερσαίου
730 741 895 795 τείχους
923 741 1021 793 μεθ’
1055 737 1184 797 ὅρκου
1214 739 1393 797 φρικτοῦ
1424 739 1470 781 ἐκ
1499 736 1575 793 τῆς
1606 734 1731 790 ἁγίας

117 820 240 866 V.247
256 809 466 865 τραπέζης
506 809 898 863 ἐμπιστευθέντων·
965 801 1082 850 οὗτοι
1119 809 1174 850 δι’
1210 806 1439 861 ἐπιβουλῆς
1476 805 1731 859 παρέδωκαν

254 876 328 932 τὴν
356 876 491 919 πόλιν.
546 873 805 926 εἰσελθόντες
834 877 880 917 δὲ
911 874 949 917 οἱ
981 876 1063 917 τῶν
1093 875 1350 928 πλωϊμοίτων
1379 873 1640 928 στρατιῶται
1672 870 1763 919 εἰςι

257 943 357 993 τοὺς
385 943 524 993 οἴκους
551 945 634 987 τῶν
662 944 842 985 πολιτῶν
870 939 1120 998 ἐγύμνωσαν
1144 940 1245 991 τούς
1277 939 1496 995 οἰκήτορας
1525 939 1677 980 αὐτῶν.
1709 937 1732 979 ὅ

221 1014 307 1054 Βδὲ
333 1011 575 1067 Ἀψιζιιαρος
603 1011 677 1053 τὸν
703 1010 781 1062 μὲν
811 1008 1021 1053 Λεόντιον
1061 1006 1370 1064 ἑρινοκόπησεν,
1399 1009 1473 1048 καί
1501 1008 1546 1048 ὲν
1572 1009 1625 1061 τῇ
1651 1021 1734 1060 μο-

259 1082 314 1135 νῇ
339 1081 415 1120 τοῦ
444 1078 676 1131 Δαλμάτου
720 1075 802 1118 ὑπὸ
832 1078 1028 1133 φυλακην
1065 1072 1174 1117 εἶναι
1213 1076 1487 1129 κατέστησεν·
1556 1071 1656 1122 τοὺς
1687 1074 1734 1114 δὲ

261 1143 475 1201 ἄρχοντας
503 1146 575 1187 καί
604 1144 756 1201 φιλους
795 1144 926 1185 αὐτοῦ
957 1143 1014 1191 ὥς
1041 1139 1419 1191 συναποθανόντας
1448 1141 1562 1199 αὐτῷ
1594 1139 1736 1193 τύψας

260 1213 335 1255 καί
363 1211 575 1268 δημεύσας
622 1209 846 1265 ἐξώρισεν·
913 1209 1169 1266 “Ηροίκλειόν
1206 1225 1249 1252 τε
1294 1207 1366 1251 τόν
1405 1208 1575 1263 γνήσιον
1601 1207 1767 1249 αὕτοῦι

261 1277 447 1336 ἀδελφὸν
476 1280 533 1328 ὥς
560 1281 654 1321 λίαν
683 1277 938 1321 ἱκανώτατον
968 1274 1307 1332 μονοστράτηγον
1349 1275 1516 1318 πάντων
1546 1276 1627 1317 τῶν
1656 1272 1736 1327 ἔξω

262 1347 585 1400 καβαλλαρικῶν
619 1345 816 1399 θεμάτων
853 1344 1164 1400 προβαλόμενος
1193 1343 1264 1387 ἑπί
1289 1341 1340 1386 τὰ
1372 1345 1480 1398 μέρη
1498 1344 1737 1385 Καππαδο-

261 1415 354 1464 κίας
377 1414 451 1455 καί
487 1414 570 1456 ταῖν
607 1413 867 1467 κλεισουραῖν
909 1413 1175 1467 διατρὲχειν,
1218 1413 1292 1453 καί
1332 1409 1408 1466 την
1447 1411 1535 1453 κατ’
1566 1411 1738 1467 ἐχθρῶν

261 1484 480 1524 ποιεῖσθαι
510 1481 715 1537 φροντίδα
743 1494 788 1521 τε
818 1479 890 1522 καί
919 1480 1125 1534 διοίκησιν
1157 1477 1415 1520 ἀπέστειλεν.

360 1655 394 1678 2.
421 1645 539 1680 ἐνέσκ.
564 1645 605 1686 A,
631 1644 756 1680 ἐπέσκ.
780 1644 877 1690 vulg.
976 1657 1010 1691 7.
1036 1644 1101 1678 καὶ
1130 1642 1214 1677 add.
1250 1654 1295 1677 ex
1317 1643 1359 1677 A.
1489 1654 1540 1676 ιο.
1565 1641 1738 1690 namquo}-

358 1704 436 1728 των
459 1693 487 1726 Α
515 1692 540 1735 f,
563 1691 746 1740 πλωῖμων
763 1692 858 1737 vulg.
990 1694 1041 1726 13.
1070 1693 1294 1734 κατέστησεν
1317 1691 1360 1734 Α,
1375 1692 1607 1738 προσέταξεν
1627 1691 1738 1736 vulg.,

362 1751 433 1774 om.
456 1741 482 1775 f.
609 1752 659 1787 ¹7·
689 1741 886 1787 καβαλλαρ.
914 1739 955 1781 A,
983 1741 1162 1786 καβαλαρ.
1192 1740 1287 1785 vulg.

272 1882 424 1916 Leontio
449 1894 533 1917 vero
558 1882 726 1917 Neoresii
752 1887 897 1930 portum
923 1883 1080 1930 Cpoleos
1107 1885 1348 1929 e'xpurgante,
1387 1882 1576 1916 bubonum
1601 1881 1679 1915 lues
1703 1881 1743 1914 in

272 1930 398 1964 urbem
426 1937 582 1976 grassata
608 1938 764 1978 quatuor
802 1931 983 1965 mensium
1008 1932 1127 1978 spatio
1147 1943 1317 1976 magnum
1339 1930 1527 1965 hominum
1554 1940 1745 1963 numerum

273 1979 430 2012 sustulit.
459 1990 564 2025 porro
589 1981 796 2026 Apsimarus
822 1980 1019 2013 comitante
1043 1991 1163 2014 secum
1191 1981 1302 2013 classe
1329 1979 1500 2013 advectus
1528 1990 1572 2012 ex
1596 1977 1745 2011 adverso

274 2026 374 2059 urhis
400 2026 445 2059 ad
470 2033 614 2072 portum
638 2028 838 2071 Sycaenum
861 2029 1014 2073 appulit.
1079 2040 1158 2062 cum
1181 2038 1267 2062 vero
1302 2027 1411 2071 longo
1437 2027 1522 2060 satis
1551 2025 1745 2059 intervallo

274 2075 447 2119 temporis
475 2075 567 2108 aciei
597 2075 766 2109 adversae
787 2077 978 2110 Leontium
1019 2076 1173 2121 prodere
1199 2076 1293 2109 cives
1317 2075 1414 2108 urbis
1441 2078 1662 2115 recusarent,
1689 2073 1748 2106 in-

274 2122 443 2155 tercessit
467 2123 628 2168 proditio
665 2124 866 2170 composita
904 2135 924 2156 a
952 2123 1176 2169 principibus
1202 2128 1453 2157 extraneorum
1478 2122 1518 2155 in
1547 2122 1654 2154 unico
1682 2132 1747 2154 eo-

276 2180 347 2214 que
377 2170 448 2202 levi
476 2169 751 2204 Blachernarum
786 2182 890 2205 muro
917 2172 1116 2212 collocatis,
1144 2170 1277 2217 quibus
1304 2170 1420 2204 claves
1448 2170 1541 2202 muri
1567 2169 1748 2202 terrestris

274 2217 456 2250 horrendo
494 2229 640 2262 prorsus
677 2219 909 2253 iureiurando
944 2231 988 2252 ex
1022 2230 1122 2252 sacra
1145 2230 1269 2252 mensa
1293 2217 1512 2263 interposito
1536 2218 1748 2251 commissae

278 2265 436 2298 fuerant.
486 2265 509 2297 ii
551 2277 636 2299 sane
674 2266 872 2300 deditionis
910 2272 1074 2300 auctores
1104 2271 1140 2300 et
1176 2265 1569 2299 structarum‘Leontio
1594 2264 1750 2298 insidia-

276 2324 355 2345 rum
383 2312 532 2346 fuerunt
557 2313 718 2358 opifices.
778 2315 910 2347 milites
945 2326 1053 2360 porro
1080 2313 1258 2360 Apsimari
1298 2314 1410 2346 classe
1436 2313 1590 2353 advecti,
1617 2312 1759 2351 civium?

276 2359 404 2393 domos
429 2365 671 2405 penetrantes,
701 2361 797 2394 bona
824 2373 947 2395 eorum
974 2367 1103 2396 cuncta
1131 2361 1371 2407 diripuerunt.
1396 2361 1600 2406 Apsimarus
1627 2365 1750 2393 autem

277 2407 470 2441 Leontium
495 2408 643 2442 naribus
679 2409 887 2443 mutilatum
927 2410 966 2442 in
1002 2410 1190 2443 Dalmatae
1221 2409 1441 2443 monasterio
1476 2407 1543 2442 sub
1582 2406 1751 2442 custodia

277 2454 493 2490 servandum
521 2455 720 2491 mandavit:
749 2457 825 2490 eius
850 2468 934 2490 vero
962 2458 1154 2502 optimates
1191 2457 1293 2490 velut
1319 2462 1560 2490 commortuos
1583 2461 1619 2490 et
1642 2455 1750 2489 sortis

278 2503 439 2537 eiusdem
469 2503 675 2550 participes,
704 2504 835 2550 partim
859 2504 1084 2546 verberibus,
1107 2505 1238 2550 partim
1263 2503 1588 2550 proscriptionibus
1613 2503 1749 2537 multa—

278 2556 334 2585 tos
362 2551 400 2584 in
430 2551 579 2585 exilium
603 2552 662 2596 agi
685 2552 887 2597 imperavit,
915 2557 991 2585 tum
1013 2563 1220 2597 germanum
1248 2553 1394 2586 fratrem
1422 2564 1524 2586 suum
1543 2551 1750 2585 Heraclium

277 2603 451 2645 tanquam
481 2598 580 2633 bello
609 2600 766 2645 gerendo
802 2599 976 2633 idoneum
1006 2600 1174 2634 omnibus
1209 2601 1339 2635 exteris
1372 2598 1601 2647 equestribus
1638 2598 1751 2644 copiis

279 2647 498 2692 singularem
523 2658 565 2681 ac
589 2658 794 2694 supremum
828 2647 954 2681 ducem
982 2647 1159 2690 instituit,
1186 2647 1362 2695 misitque*
1395 2654 1434 2681 ut
1462 2653 1582 2694 partes
1609 2646 1751 2692 Cappa-

280 2693 430 2735 dociae,
466 2700 504 2730 et
527 2695 688 2729 clusuras
726 2696 803 2730 sive
836 2695 1014 2729 montium
1041 2696 1225 2741 angustias
1259 2701 1498 2743 percurreret,
1528 2700 1565 2729 et
1590 2694 1749 2729 hostium

279 2743 468 2777 molimina
509 2743 737 2786 observaret,
776 2749 812 2778 et
854 2742 952 2790 quod
997 2744 1036 2778 in
1075 2744 1262 2779 adversum
1303 2743 1399 2779 soret
1438 2742 1644 2789 agendum,
1684 2740 1751 2775 de-

280 2796 455 2825 cerneret.
