1708 3172
532 152 756 206 loANle
795 163 1065 205 cussum.
1465 159 1537 198 vn

71 262 294 310 omnium
338 261 575 308 librorum
633 259 867 307 lectiones
927 255 1151 305 nondum
1208 255 1539 317 incorruptam

68 345 318 409 scriptoris
362 332 559 390 manum
612 343 843 390 exhibere
888 341 1208 400 videbantur,
1261 337 1541 385 coniectura

70 445 238 475 verum
273 427 464 490 assequi
508 435 712 474 conatus
745 442 877 472 sum:
923 423 1000 471 cui
1036 433 1201 470 tamen
1236 421 1428 485 parcius
1464 419 1541 467 in-

69 512 222 573 dulsi,
255 498 391 559 haud
426 511 618 575 ignarus
649 511 701 557 in
735 509 818 557 tali
849 510 1088 573 scriptore
1108 523 1271 570 neque
1304 502 1543 552 sei-(nouis

71 595 332 659 puritatem
387 611 550 657 neque
598 593 979 640 concinnitatem
1037 590 1386 638 sententiarum
1440 605 1542 634 esse

73 676 426 741 quaerendam.
507 676 604 724 Sed
649 670 753 738 ea9'
779 676 829 723 in
867 675 1047 739 quibus
1093 689 1270 738 pravus
1302 672 1543 735 sequioris

74 762 177 808 aevi
212 778 326 808 usus
360 762 435 808 vel
470 761 650 825 pingue
682 760 900 807 hominis
946 758 1194 823 ingenium
1233 757 1293 803 ab
1330 756 1544 820 antiquis

70 844 184 891 artis
220 854 268 891 et
302 844 492 909 linguae
523 844 797 908 praeceptis
826 843 1038 904 deflexit,
1073 843 1120 888 in
1159 840 1372 888 indicem
1406 856 1544 903 grae-

70 928 227 975 citatis
261 927 438 975 referre
466 945 615 991 quam
642 926 1006 974 inconsiderato
1043 925 1226 973 iudicio
1253 923 1314 971 ad
1335 924 1544 988 priscam

69 1028 294 1058 normam
331 1011 568 1076 refingere
605 1012 768 1058 malui.

208 1092 414 1141 Codices
451 1095 631 1158 quibus
666 1094 740 1141 vel
777 1094 964 1158 primus
1007 1094 1080 1141 vel
1109 1102 1221 1158 post
1256 1093 1547 1141 Parisienses

73 1178 286 1226 editores
321 1195 434 1226 usus
470 1195 608 1240 sum,
640 1179 716 1225 his
757 1178 1005 1227 literarum
1041 1179 1190 1243 signis
1227 1178 1412 1225 notavi:

335 1263 373 1310 A
409 1272 481 1309 est
515 1261 669 1310 codex
693 1261 1014 1309 Coislinianus
1051 1279 1157 1308 nro.
1201 1265 1307 1309 1323.

339 1363 367 1393 a
445 1365 464 1383 ⁸·
611 1364 630 1382 ¹·
702 1345 940 1392 Francisci
972 1346 1225 1392 Barberini
1263 1342 1544 1392 cardinalis.

339 1431 372 1476 b
445 1450 467 1466 »ν
612 1450 630 1467 n
699 1430 955 1477 Vaticanus
991 1447 1098 1478 nro.
1141 1427 1251 1477 154.

340 1531 368 1560 c
446 1532 464 1550 ⁹*
613 1533 630 1549 ¹·
800 1540 861 1548 —
1037 1533 1055 1550 ν·
1142 1516 1251 1560 155.

338 1596 372 1644 d
442 1617 460 1634 v»
609 1617 626 1634 κ
799 1623 860 1631 -
1041 1617 1059 1634 υ
1142 1597 1255 1644 979.

340 1697 365 1726 e
445 1701 463 1718 ν»
613 1701 630 1718 υ
703 1683 960 1730 Palatinus.

341 1765 363 1813 f
446 1784 463 1801 ³·
611 1785 629 1802 υ
700 1767 1032 1830 I‘eyrezianus.

208 1849 277 1895 De
322 1849 402 1896 his
444 1858 638 1912 praeter
685 1848 1033 1896 Coislinianum
1080 1850 1128 1896 iu
1175 1849 1393 1896 editione
1438 1850 1539 1897 Par.

71 1950 178 1996 pag.
216 1936 328 1979 511.
367 1932 490 1978 haec
522 1933 695 1998 legitur
732 1933 879 1980 Goari
916 1933 1197 1979 adnotatio:

350 2016 574 2079 ”Regium
607 2017 854 2080 exemplar
899 2034 1008 2063 cum
1046 2017 1171 2063 MSS.
1212 2015 1406 2064 duobus
1440 2016 1544 2063 aliis

205 2097 490 2163 eisdemque
539 2100 904 2147 cor-rectissimis
962 2101 1216 2162 collatuin3
1262 2117 1360 2147 uno
1411 2100 1542 2147 Emi-

207 2183 479 2229 nentissimi
515 2182 782 2230 Cardinalis
817 2184 1053 2231 Francisci
1076 2184 1355 2245 Barberini,
1391 2184 1541 2231 altero

206 2265 512 2312 Illustrissimi
541 2267 598 2313 D.
621 2268 798 2331 Peyrez
825 2267 1126 2314 bibliotheca
1156 2269 1380 2332 acceptis.
1441 2267 1543 2314 Hoc

207 2350 385 2413 Peyrez
421 2350 524 2414 ipse
561 2368 671 2398 cum
693 2352 840 2416 Regio
877 2361 1264 2415 comparaverat:
1298 2369 1430 2399 nunc
1464 2369 1541 2398 re-

203 2432 336 2496 gium
374 2451 484 2481 cum
505 2435 798 2499 Peyreziano
835 2436 1043 2482 vicissim
1081 2437 1339 2483 confertur.
1411 2436 1540 2481 Alte-

206 2533 315 2564 rum
361 2535 417 2564 ex
468 2519 729 2566 collatione
783 2537 893 2566 cum
938 2521 1176 2568 Vaticanis
1225 2522 1313 2566 sub
1366 2536 1541 2567 nume-

206 2600 270 2646 ris
320 2598 428 2647 154.
489 2606 598 2650 155.
651 2612 698 2649 et
743 2603 856 2650 979.
898 2612 945 2649 et
987 2621 1086 2650 uno
1143 2604 1361 2650 Palatino
1406 2619 1538 2648 num.

207 2681 318 2731 246.
356 2685 622 2733 lectionum
670 2686 892 2734 omnium
925 2686 1208 2736 discrimina
1237 2687 1289 2734 in
1323 2686 1540 2751 margine

208 2776 451 2816 ostentata
