1786 3204
273 123 385 192 240
833 141 1181 185 THmPHANis

272 253 413 299 ὃόνιον
457 253 609 305 νυκτὸς
632 253 847 310 ἐξαγαγών
888 253 910 298 ὃ
949 254 1154 309 βασιλεὺς
1192 255 1346 309 βιαίως
1384 253 1444 305 εἷς
1473 252 1745 309 Χαλκηδόνα,

270 325 467 382 κᾴκεῖθεν
513 323 572 373 εἰς
612 323 830 378 Εὗχαΐταν
865 323 1142 379 ἐξορισθῆναι
1184 323 1439 376 προσέταξεν
1462 354 1475 376 ,
1503 321 1637 377 μηδὲν
1664 322 1749 363 τῶν

269 395 361 435 κατ’
395 390 533 434 αὕτοῦ
559 393 793 447 ζητηθῆναι
823 391 1052 447 τολμήσας,
1080 387 1289 447 φοβηθεὶς
1315 386 1367 432 τὰ
1403 388 1558 445 πλήθη.
1615 390 1670 446 τῇ
1701 388 1747 430 δὲ

269 455 366 516 ἑξῆς
407 457 693 514 προβάλλεται
723 458 948 501 ἐπίσκοπον
984 457 1197 512 Τιμόθεόν
1235 473 1330 499 τινα
1357 454 1646 512 πρεσβύτερον
1676 454 1750 499 καὶ

269 526 573 584 σκευοφύλακα
620 527 698 581 τῆς
741 527 985 582 ἐκκλησίας,
1024 523 1098 568 τόν
1136 524 1306 581 ἐπίκλην
1342 522 1640 580 Λιτροβοὺλην
1677 524 1786 571 καί5

224 594 472 651 ΒΚῆλωνα,
501 595 572 636 διά
601 609 718 643 τινας
746 593 920 649 πράξεις
959 591 1234 649 προσφόρους
1262 597 1351 641 τοῖς
1381 591 1601 646 ὀνόμασιν,
1632 587 1751 640 ὅστις

269 660 416 705 εἰσιών
443 662 490 703 ἐν
519 664 615 711 ταῖς
645 661 884 718 ἐκκλησίαις
929 657 1135 716 πρότερον
1168 658 1247 710 τὰς
1277 661 1558 703 Mandonion
1585 659 1751 708 εἰκόνας

267 732 504 786 κατέφερεν
544 730 618 770 καί
645 724 783 778 οὕτως
820 726 1102 782 ἐλειτούργει·
1160 725 1357 784 Ἰωάννην
1384 728 1432 769 δὲ
1459 725 1532 770 τόν
1558 726 1751 776 Ἀλεξαν-

270 799 415 851 δρείας
442 799 487 839 ἐν
513 802 598 846 τοῖς
629 795 851 850 διπτύχοις
879 794 1044 847 ὲνέταξε
1073 794 1148 839 τὸν
1171 793 1417 852 Νικαιώτην
1446 795 1520 837 καί
1546 791 1748 837 συνοὸικά

268 862 376 921 πρὸς
403 859 537 907 αὐτὸν
580 862 778 919 ἔγραψεν.
845 862 1121 914 Ἀναστάσιος
1166 864 1214 906 δὲ
1253 864 1487 920 ἑννοηθείς,
1525 859 1589 904 ὅτι
1614 863 1781 918 χωρίςι

270 934 562 987 καθαιρέσεως
589 930 664 974 τὸν
693 928 963 974 Μακεδόνων
996 932 1178 985 α’κρίτως
1219 929 1432 987 ἐξώρισεν,
1463 929 1639 985 πέμψας
1666 927 1752 983 μα’-

129 1003 467 1055 'v.107710190v‚
508 997 680 1055 ἔστησεν
710 996 842 1041 αὖτὸν
883 999 1076 1042 ἐπέκεινα
1108 999 1497 1049 Κλαυὸιουπόλεως
1525 1000 1604 1054 τῆς
1623 998 1753 1041 Ὁνω-

269 1068 433 1123 ριοέδος.
507 1066 633 1110 αὐτοὶ
660 1067 709 1109 δὲ
737 1068 943 1110 δικασταὶ
984 1070 1057 1110 καί
1081 1067 1303 1124 μάρτυρες
1331 1068 1406 1110 καί
1435 1067 1657 1123 κατήγοροι
1686 1061 1752 1108 ὅν-

269 1150 352 1188 τες,
382 1133 545 1178 ἅπόντα
575 1136 838 1188 καθαιροῦσι
866 1133 941 1177 τὸν
967 1136 1226 1191 ἐκβληθέντα
1253 1133 1334 1191 πρὸ
1365 1137 1559 1190 κρίσεως,
1593 1135 1666 1176 καί
1694 1135 1752 1176 δι’

270 1202 512 1246 ἐπισκόπων
539 1204 754 1257 πέμπουσι
795 1200 871 1259 τὴν
900 1204 1153 1259 καθαίρεσιν
1189 1203 1265 1244 καί
1292 1204 1583 1259 πρεσβυτέρου
1616 1203 1783 1254 Κυζι-ι

137 1275 256 1320 P.134
271 1272 411 1326 κηνοῦ.
482 1270 661 1320 τούτους
702 1267 809 1312 ἰδών
852 1269 1156 1324 Μακεδόνιος,
1205 1270 1306 1325 πρὶν
1347 1268 1509 1321 αὖτοὺς
1546 1272 1754 1326 λαλῆσαι,

269 1335 428 1393 ἠρώτα,
456 1337 497 1380 εἰ
524 1339 722 1393 δέχονται
752 1336 828 1392 τὴν
850 1339 895 1379 ἐν
911 1337 1157 1393 Χαλκηδόνι
1189 1335 1393 1390 σόνοὸονς
1421 1340 1506 1380 ταῖν
1541 1339 1588 1379 δὲ
1615 1336 1755 1380 εἰπόν-

267 1421 378 1448 των·
457 1405 519 1457 τίς
561 1405 644 1462 γὰρ
675 1401 742 1459 εἷς
777 1402 873 1448 τότε
901 1401 1034 1455 αὐτὸς
1062 1403 1170 1463 ἔφη·
1222 1405 1513 1460 Σαββατιανοί
1542 1401 1569 1461 ἦ
1601 1408 1754 1449 Maus-

367 1604 401 1627 2.
429 1592 470 1628 ἐν
496 1588 701 1637 Εὐχαῗταις
724 1589 770 1631 h,
800 1590 852 1629 εἷς
875 1588 1048 1636 Εῠχάϊτα
1073 1590 1112 1623 Α.
1228 1590 1261 1634 4.
1285 1587 1518 1636 προύβάλετο
1537 1589 1573 1622 b.
1702 1601 1753 1622 ιο.

366 1637 482 1677 αὐτὸν
505 1640 547 1682 Α,
572 1641 718 1676 ἐκεῖνον
746 1639 841 1684 vulg.
923 1650 974 1673 ιι.
1000 1632 1287 1686 μαγιστριανὸν
1311 1638 1347 1670 b.
1446 1648 1498 1671 12.
1528 1639 1684 1681 ἔστησεν
1711 1638 1754 1678 Α,

365 1691 536 1737 ἔπεμψεν
561 1688 657 1733 vulg.
762 1686 814 1720 16.
844 1687 1010 1733 τούτους]
1039 1684 1104 1725 οὓς
1128 1686 1153 1720 f.
1266 1697 1317 1732 ¹7·
1345 1684 1521 1732 δέχονται
1548 1687 1589 1728 Α,
1615 1684 1754 1731 δέχων-

366 1751 430 1773 ται
450 1737 548 1782 vulg.
675 1735 727 1768 18.
752 1737 809 1774 τίς
837 1735 878 1776 Α,
903 1737 940 1768 τί
961 1734 1059 1780 vulg.
1184 1733 1280 1782 τότε]
1306 1733 1441 1769 τούτου
1470 1735 1512 1768 A.

271 1915 361 1952 pere
386 1908 424 1938 et
451 1903 657 1948 discerpere
683 1901 951 1936 contendebat:
979 1913 1038 1935 eas
1063 1913 1149 1935 vero
1177 1901 1299 1947 sigillo
1315 1906 1460 1936 notatas
1489 1902 1527 1936 in
1556 1902 1660 1936 altari
1675 1901 1755 1935 Ma-

273 1952 448 1987 cedonius
488 1951 671 1997 reposuit:
711 1962 800 1996 quas
830 1950 975 1983 demum
1002 1950 1222 1995 Calepodius
1256 1950 1442 1984 eunuchus
1468 1961 1616 1996 magnae
1642 1950 1759 1984 eccle-

275 2003 349 2034 siae
377 1996 597 2034 oeconomus
636 2000 760 2032 furtim
790 1998 981 2044 subreptas
1007 1998 1054 2031 ad
1090 1998 1347 2043 imperatorem
1377 1998 1522 2032 detulit.
1573 2006 1757 2045 postremo

273 2047 533 2083 Macedonium
569 2052 680 2080 noctu
715 2058 781 2092 per
814 2048 887 2081 vim
922 2046 1118 2080 abductum
1151 2045 1421 2080 chalcedonem
1455 2048 1638 2093 primum,
1671 2047 1759 2082 inde

274 2095 488 2130 Euchaitam
507 2094 693 2141 deportari
716 2095 822 2128 iussit
847 2096 1055 2141 imperator,
1081 2094 1220 2127 nullam
1238 2094 1285 2127 ob
1314 2094 1431 2139 plebis
1446 2101 1580 2128 metum
1613 2096 1659 2129 de
1688 2096 1760 2142 ipsi

276 2143 430 2178 obiectis
457 2143 739 2189 inquisitionem
759 2143 878 2176 facere
905 2154 1025 2176 ausus.
1076 2146 1253 2188 sequente
1280 2142 1362 2175 luce
1379 2143 1615 2176 Timotheum
1640 2156 1759 2190 quen-

275 2192 360 2226 dam
393 2191 644 2237 presbyterum
681 2196 719 2224 et
760 2191 934 2224 ecelesiae
973 2189 1292 2236 sceuophylacem,
1328 2202 1372 2225 ex
1399 2191 1617 2236 quibusdam
1651 2193 1762 2238 gestis

275 2239 486 2275 nominihus
510 2237 794 2272 accommodatis
820 2244 1062 2283 cognomento
1098 2236 1325 2271 Litrobulem
1361 2243 1398 2272 et
1424 2239 1610 2282 Gelonem,
1635 2240 1761 2274 decla-

277 2294 334 2322 rat
359 2288 597 2333 episcopum:
635 2286 699 2332 qui
729 2287 887 2331 primum
920 2287 1090 2320 ecclesias
1122 2287 1324 2330 ingressus,
1354 2286 1562 2322 Macedonii
1590 2287 1762 2334 deposuit

277 2336 453 2382 imagines
496 2340 607 2380 atque
632 2335 683 2367 ita
711 2333 855 2367 demum
874 2335 983 2368 sacris
1009 2344 1157 2379 operam
1184 2332 1308 2367 dedit:
1335 2334 1759 2382 IoannemqueNicaeo-

275 2391 350 2419 tam
373 2381 662 2418 Alexandrinum
687 2382 726 2415 in
765 2383 937 2416 ecclesiae
973 2381 1119 2416 tabulas
1152 2383 1335 2416 recensuit
1363 2383 1627 2430 synodicasque
1654 2385 1759 2419 litte-

277 2445 334 2467 ras
360 2431 408 2465 ad
433 2442 513 2465 eum
538 2431 691 2476 scripsit.
742 2429 974 2476 perpendens
1010 2440 1119 2476 porro
1147 2429 1355 2464 Anastasius
1380 2431 1638 2466 Macedonium
1662 2432 1762 2466 indi-

276 2488 336 2516 cta
363 2491 470 2514 causa
499 2478 648 2512 nullave
693 2477 936 2524 depositionis
963 2478 1001 2510 in
1027 2489 1108 2510 eum
1134 2478 1209 2511 lata
1235 2479 1417 2512 sententia
1441 2481 1479 2513 in
1506 2481 1655 2514 exilium
1683 2482 1762 2515 eie-

278 2535 402 2570 ctum,
439 2526 550 2561 misso
584 2526 756 2570 magistro
797 2525 894 2559 diem
930 2526 963 2559 ei
991 2525 1082 2559 dixit
1118 2526 1212 2559 ultra
1242 2526 1514 2572 Claudiopolim
1540 2529 1762 2563 Honoriadis

277 2576 502 2624 provinciae.
550 2574 588 2607 in
615 2586 696 2608 eum
720 2586 804 2608 vero
833 2574 984 2615 iudices,
1009 2579 1122 2607 testes
1140 2579 1176 2607 et
1201 2580 1428 2610 accusatores
1452 2576 1612 2611 instituti
1630 2577 1763 2627 depor-

280 2631 397 2660 tatum
421 2625 492 2657 iam
518 2628 602 2656 ante
642 2622 818 2656 iudicium
844 2627 881 2656 et
905 2621 1091 2655 absentem
1131 2623 1289 2656 muneris
1319 2623 1559 2669 abrogatione
1585 2624 1763 2660 damnant

280 2679 320 2708 et
349 2684 414 2719 per
438 2672 629 2719 episcopos
670 2676 708 2704 et
731 2669 983 2716 presbyterum
1010 2669 1222 2714 Cyzicenum
1272 2671 1515 2718 depositionis
1541 2674 1762 2707 sententiam

280 2722 443 2756 mittunt.
494 2730 585 2766 quos
610 2718 672 2752 uhi
707 2719 899 2763 conspexit
922 2718 1173 2759 Macedonius,
1205 2720 1313 2752 etiam
1340 2725 1423 2753 ante
1449 2722 1626 2756 sermonis
1655 2732 1761 2754 exor-

282 2770 383 2805 dium
408 2770 608 2814 interrogat
624 2793 634 2811 ,
658 2778 745 2801 num
772 2765 1106 2801 Chalcedonensem
1136 2766 1314 2812 synodum
1344 2767 1572 2804 admittunt?
1609 2779 1760 2815 respon»-
