1786 3204
292 193 312 229 1
326 172 400 229 56
836 189 1193 252 „THEOPHANJS

245 295 573 348 Βπραχθέντων,
602 294 675 335 καί
704 286 838 347 ἀσεβῆ
868 289 940 347 τὴν
972 289 1148 333 σύνοδον
1177 286 1410 342 ὀνομάζων,
1442 289 1516 332 καί
1540 286 1614 344 τὴν
1646 286 1745 332 ἑαυ-

281 363 356 403 τοῦ
384 359 638 417 ὑπογραφὴν
680 359 812 415 ζητῶν
839 359 1079 411 ἀναλαβεῖν.
1156 358 1290 398 ταῦτα
1317 353 1472 409 μαθών
1506 354 1529 397 ὅ
1572 353 1747 406 πάππας

282 431 423 481 Λέων,
454 427 649 481 πρόσεισι
677 428 735 483 τῷ
762 429 935 480 βασιλεῖ’
968 425 1302 481 Ουάλεντινιανῷ
1317 457 1330 476 ,
1359 426 1432 465 καί
1460 427 1555 473 ταῖς
1586 421 1745 478 av’yov'-

282 511 418 551 σταις,
446 492 552 548 μετὰ
596 491 792 549 δακρύων
830 492 960 535 αἰτῶν
988 489 1209 539 ἐπιστολάς
1250 493 1310 548 τῷ
1337 493 1510 545 βασιλεῖ
1535 491 1745 548 Θεοδοσίῳ

168 563 523 618 ν.7ογραφῆνάι,
571 560 804 616 διόρθωσιν
839 560 1036 614 γενέσθαι
1075 560 1157 600 τῶν
1187 558 1230 598 ἐν
1251 555 1413 614 Ἐφέσῳ
1448 558 1648 611 οἷθέσμως
1677 558 1786 604 καί5

284 625 565 676 α’κανονίστως
589 629 872 682 πραχθέντων.
941 622 962 666 ὃ
997 627 1042 666 δὲ
1077 622 1333 681 ἀντιγράφει
1363 625 1418 681 τῇ
1443 625 1632 679 θυγατρί
1657 625 1748 666 Ev’..

284 697 400 754 δοξίᾳ
439 693 599 744 οὕτως·
673 695 795 736 τοῦτο
829 694 880 750 τῇ
919 694 973 750 σῇ
1016 689 1240 746 γλυκύτητι
1283 691 1491 745 γνωρίσαι
1518 689 1747 745 βούλομαι,

285 758 352 804 ὅτι
383 761 623 815 Φλαβιανός
650 760 747 818 θείᾳ
785 759 919 816 κρίσει
945 760 1028 801 τῶν
1060 759 1290 812 ἐκκλησιῶν
1322 756 1553 813 ἐξεβλήθη,
1583 755 1641 806 ὥς
1673 773 1748 798 τα-

285 831 430 885 ραχῶν
459 830 624 871 πολλῶν
652 827 799 876 αἴτιος.
856 823 878 868 ὅ
915 828 962 869 δὲ
990 823 1218 879 Διόσκορος
1251 826 1449 867 καθεῖλεν
1477 825 1552 866 καί
1580 822 1749 866 Θεοδώ-

285 912 413 951 ρητον
441 896 516 937 καί
539 894 650 950 Ἰβὰν
669 896 743 938 καί
766 896 968 948 Ἀνδρέαν
996 892 1069 935 καί
1082 890 1251 946 Δόμνον
1278 889 1350 935 τὸν
1375 892 1647 946 Ἀντιοχείας,
1678 891 1751 932 καί
1768 913 1781 939 1

245 963 382 1014 (ἕτοὺς
411 962 686 1011 ἅνατολικούς
726 961 980 1011 ἐπισκόπους
1009 956 1208 1010 ἅπαντας.
1286 958 1514 1008 Θεοδόσιος
1542 959 1590 1001 δὲ
1621 957 1643 1000 ὅ
1672 961 1751 1012 βα-

285 1029 425 1081 σιλεῦς
454 1028 693 1084 εϋρίπιστος
722 1024 786 1083 ἢν,
814 1029 942 1070 παντί
970 1026 1112 1084 οἷνέμῳ
1137 1027 1385 1084 φερόμενος,
1416 1022 1517 1068 ὅθεν
1544 1026 1617 1067 καί
1643 1023 1751 1080 χάρ-

283 1114 377 1146 ταις
407 1097 751 1151 α’παροιγνῶστοις
780 1094 977 1144 πολλάκις
1006 1092 1274 1150 ὑπέγραψεν·
1333 1094 1377 1136 ἐν
1408 1088 1471 1144 οἷς
1498 1095 1572 1136 καί
1601 1095 1752 1135 Πουλ-

281 1164 406 1220 χεριά
437 1161 461 1219 ἦ
491 1162 716 1221 σοφωτάτη
747 1161 911 1215 δωρεὰν
941 1161 1149 1216 ὑπέβαλεν
1171 1160 1506 1217 οἷπαριὶγνωστον
1537 1161 1752 1215 ἐκχωροῦ-

284 1249 363 1274 σαν
409 1230 515 1287 πρὸς
559 1233 754 1273 δουλείαν
793 1230 1003 1272 Εὕδοκίαν
1041 1230 1117 1285 τὴν
1145 1227 1331 1285 γαμετήν
1372 1224 1518 1281 αὐτοῦ,
1547 1227 1622 1270 καί
1648 1227 1782 1273 ὑπέ-ι

282 1297 578 1357 wasme-„napa
609 1297 885 1352 Πουλχεριάς
919 1296 1182 1345 ὀνειδισθείς.

401 1369 468 1425 Τῷ
500 1369 540 1408 δ’
570 1366 689 1424 αὐτῷ
719 1362 804 1406 ἔτει
833 1367 873 1407 Γ
872 1366 1060 1420 ιζέριχος
1100 1365 1159 1422 τῷ
1191 1362 1469 1421 Οὔανδαλικῷ
1497 1360 1653 1417 πλήθει
1678 1376 1755 1403 πο-

285 1433 362 1485 λύς
389 1434 619 1490 γενόμενος,
652 1431 726 1474 καὶ
746 1433 875 1487 Ῥῆγα
907 1434 1090 1481 καλέσας
1129 1428 1284 1473 ἑαυτὸν
1315 1432 1389 1486 γῆς
1416 1445 1463 1472 τε
1489 1431 1563 1472 καί
1590 1427 1756 1471 θαλάσ-

287 1518 377 1559 σης,
403 1502 479 1544 καί
523 1501 662 1557 νήσων
702 1502 867 1543 πολλῶν
893 1504 982 1550 τοῖς
1004 1496 1232 1554 Ῥωμαίοις
1258 1497 1473 1542 ὑποτελῶν
1497 1493 1726 1552 κατασχών
1741 1530 1754 1551 ,

384 1673 412 1694 1.
440 1660 615 1706 ἀσέβειαν
634 1660 663 1693 Α
681 1671 712 1694 e.
808 1670 842 1702 9.
871 1660 1045 1696 καθεῖλεν
1056 1659 1098 1702 Α,
1122 1658 1289 1707 καθῇρεν
1303 1658 1400 1702 vulg.
1488 1668 1540 1691 ιι.
1567 1654 1754 1704 ἅπαντας]

380 1709 549 1748 ἀπόντας
572 1708 607 1741 b.
712 1719 762 1742 ια.
787 1705 1001 1754 εὔρίπιστος
1026 1709 1067 1750 Α,
1090 1706 1308 1754 εὐρέπιστος
1330 1706 1425 1750 vulg.
1522 1705 1572 1738 13.
1600 1704 1753 1751 α’παρα-

374 1757 561 1804 γνώστοις
574 1755 941 1803 Α,ιΞπαραγνω’στως
966 1755 1063 1801 vulg.
1142 1756 1193 1790 16.
1222 1755 1354 1795 δεινῶς
1376 1758 1461 1788 ante
1478 1749 1588 1801 παρὰ
1611 1752 1693 1787 add,
1714 1752 1751 1786 b.

380 1816 433 1849 ¹9.
466 1804 593 1849 νήσων
622 1806 663 1846 Α,
692 1804 847 1848 νησσιῦν
874 1804 970 1849 vulg.

283 1967 417 1996 versus,
442 1956 614 1990 Dioscoro
651 1961 689 1990 et
713 1956 950 2002 optimatibus
979 1955 1145 1996 obstitit,
1171 1961 1207 1989 et
1232 1955 1275 1988 iis
1300 1965 1392 2000 quae
1418 1957 1497 1987 acta
1523 1958 1624 1986 erant
1650 1952 1750 1985 relu-

285 2010 411 2044 ctatus,
439 2003 584 2049 impiam
619 2005 875 2049 pronunciavit
901 2016 977 2037 eam
1012 2003 1200 2048 synodum,
1228 2002 1421 2048 datamque
1450 2000 1751 2046 subscriptionem

286 2051 447 2096 recipere
472 2051 680 2096 postulavit.
745 2052 800 2086 his
832 2052 966 2086 auditis
997 2052 1069 2085 Leo
1099 2063 1193 2097 papa
1229 2051 1526 2084 Valentinianum
1553 2049 1754 2094 imperato-

285 2110 360 2132 rem
398 2099 474 2132 adit
511 2105 547 2132 et
571 2105 758 2143 augustas,
799 2106 836 2134 et
875 2100 921 2133 ad
947 2101 1200 2146 imperatorem
1225 2098 1474 2132 Theodosium
1509 2096 1586 2130 dari
1612 2097 1754 2129 litteras

286 2158 365 2180 eum
393 2146 560 2190 lacrymis
583 2146 806 2189 obtestatur,
833 2154 868 2181 et
905 2160 999 2194 quae
1024 2154 1169 2194 praeter
1193 2147 1368 2181 ecclesiae
1393 2146 1472 2178 iura
1497 2155 1750 2189 canonumque

282 2195 487 2228 sanctiones
527 2199 624 2238 gesta
661 2196 804 2229 fuerant
840 2196 985 2241 Ephesi,
1015 2196 1054 2229 in
1084 2195 1214 2229 melius
1252 2194 1410 2228 revocari
1452 2197 1634 2238 precatur.
1684 2191 1753 2224 ille

287 2243 382 2276 filiae
408 2242 592 2275 Eudoxiae
619 2243 657 2275 in
685 2242 781 2276 hunc
808 2244 955 2276 modum
995 2243 1172 2278 rescribit.
1220 2241 1291 2276 hoc
1314 2242 1484 2275 suavitati
1507 2246 1593 2275 tuae
1621 2245 1752 2273 notum

284 2292 383 2331 volo,
398 2291 605 2324 Flavianum
635 2295 806 2336 tanquam
830 2293 1051 2325 tumultuum
1078 2296 1260 2325 auctorem
1287 2290 1412 2324 divino
1439 2294 1530 2322 nutu
1557 2287 1603 2321 ab
1630 2287 1751 2320 eccle-

285 2339 347 2372 siis
373 2339 540 2371 eiectum.
593 2349 702 2383 porro
726 2339 919 2372 Dioscorus
946 2339 1229 2380 Theodoretum‚
1256 2338 1354 2372 Ibam
1380 2343 1417 2371 et
1428 2336 1618 2377 Andre-‘mn
1635 2336 1752 2369 Dom-

285 2398 372 2421 uum
404 2387 551 2430 insuper
589 2385 800 2419 Antiochiae
834 2393 1055 2434 cunctosque
1088 2387 1239 2421 orientis
1275 2387 1463 2432 episcopos
1507 2383 1750 2418 ecclesiastica

284 2439 467 2481 potestate
493 2433 581 2466 fecit
605 2439 774 2466 extorres.
804 2435 1033 2469 Theodosius
1050 2441 1168 2469 autem
1197 2435 1405 2480 imperator,
1429 2433 1467 2466 in
1495 2442 1753 2478 quamcunque

284 2488 424 2529 partem
449 2481 708 2525 impelleretur,
736 2482 851 2516 facilis
880 2483 966 2525 ibat,
993 2489 1030 2517 et
1055 2484 1154 2517 omni
1179 2483 1386 2517 suasionum
1411 2485 1521 2514 vento
1547 2479 1749 2514 ferebatur:

285 2541 331 2563 ex
356 2541 428 2576 quo
456 2528 596 2562 schedis
638 2528 770 2562 oblatis
807 2531 915 2564 etiam
947 2543 1021 2565 non
1049 2532 1162 2572 lectis,
1191 2530 1333 2576 saepius
1360 2539 1573 2562 consensum
1599 2533 1636 2561 et
1661 2526 1754 2561 sub.-

285 2578 519 2623 ocriptionem
561 2575 717 2609 adiecit:
760 2577 855 2611 inter
886 2590 973 2624 quas
1004 2579 1262 2619 donationem,
1290 2589 1361 2624 qua
1397 2576 1468 2611 sibi
1506 2575 1640 2609 coniux
1675 2575 1756 2607 eius

283 2625 445 2660 Eudocia
487 2624 525 2657 in
568 2625 777 2657 servitutem
822 2625 1081 2668 addit-ebatur,
1119 2638 1188 2660 nec
1218 2626 1290 2660 levi
1332 2625 1429 2658 oculi
1469 2624 1564 2659 iactu
1593 2623 1752 2667 agnitam

285 2673 521 2707 solertissima
544 2671 746 2717 ⁹Pulcheria
773 2675 988 2718 supposuit3
1029 2675 1088 2707 cui
1122 2674 1331 2720 subscripsit
1355 2673 1436 2714 ille,
1461 2671 1591 2706 merito
1617 2670 1755 2705 deinde

286 2721 333 2755 ob
360 2721 572 2754 facilitatem
597 2720 741 2752 nimiam
767 2732 787 2753 a
817 2721 1005 2754 Pulcheria
1032 2722 1284 2767 reprehensus.

376 2769 452 2802 Hoc
482 2767 609 2801 eodem
645 2779 741 2800 anno
769 2768 979 2802 Gizerichus
1004 2770 1119 2803 auctis
1150 2769 1396 2803 vandalorum
1424 2767 1540 2814 copiis
1568 2765 1756 2811 potentior

286 2815 422 2860 sactus,
445 2821 561 2853 terrae
587 2816 767 2862 marisque
811 2822 847 2850 et
875 2817 1034 2863 plurium
1059 2818 1259 2853 insularum
1293 2816 1463 2852 Romanis
1503 2814 1604 2862 prius
1629 2812 1753 2850 subie-
