<?xml version="1.0" encoding="UTF-8"?>
<!DOCTYPE html PUBLIC "-//W3C//DTD XHTML 1.0 Transitional//EN"
    "http://www.w3.org/TR/xhtml1/DTD/xhtml1-transitional.dtd">
<html xmlns="http://www.w3.org/1999/xhtml" xml:lang="en" lang="en">
 <head>
  <title>
</title>
<meta http-equiv="Content-Type" content="text/html;charset=utf-8" />
  <meta name='ocr-system' content='tesseract 3.04.00' />
  <meta name='ocr-capabilities' content='ocr_page ocr_carea ocr_par ocr_line ocrx_word'/>
</head>
<body>
  <div class='ocr_page' id='page_1' title='image "./corpusscriptorum46niebuoft_0504.png"; bbox 0 0 1768 3106; ppageno 0'>
   <div class='ocr_carea' id='block_1_1' title="bbox 253 147 1165 245">
    <p class='ocr_par' dir='ltr' id='par_1_1' title="bbox 253 147 1165 245">
     <span class='ocr_line' id='line_1_1' title="bbox 253 147 1165 245; baseline -0.007 -28"><span class='ocrx_word' id='word_1_1' title='bbox 253 147 370 245; x_wconf 71' lang='grc'><strong>444</strong></span> <span class='ocrx_word' id='word_1_2' title='bbox 816 169 1165 212; x_wconf 76' lang='lat' dir='ltr'><strong>THEOPHAMS</strong></span> 
     </span>
    </p>
   </div>
   <div class='ocr_carea' id='block_1_2' title="bbox 110 263 1768 1543">
    <p class='ocr_par' dir='ltr' id='par_1_2' title="bbox 110 263 1768 1543">
     <span class='ocr_line' id='line_1_2' title="bbox 255 263 1730 323; baseline -0.001 -12"><span class='ocrx_word' id='word_1_3' title='bbox 255 266 299 311; x_wconf 80' lang='grc' dir='ltr'><em>οἱ·</em></span> <span class='ocrx_word' id='word_1_4' title='bbox 322 270 370 311; x_wconf 78' lang='grc' dir='ltr'><strong>δὲ</strong></span> <span class='ocrx_word' id='word_1_5' title='bbox 399 268 570 311; x_wconf 88' lang='grc' dir='ltr'><em>Βένετοι</em></span> <span class='ocrx_word' id='word_1_6' title='bbox 597 263 736 310; x_wconf 80' lang='grc' dir='ltr'><em>εἶπον·</em></span> <span class='ocrx_word' id='word_1_7' title='bbox 813 269 835 312; x_wconf 74' lang='grc' dir='ltr'>ὅ</span> <span class='ocrx_word' id='word_1_8' title='bbox 865 268 962 319; x_wconf 73' lang='grc' dir='ltr'><em>θεὸς</em></span> <span class='ocrx_word' id='word_1_9' title='bbox 989 268 1011 311; x_wconf 78' lang='grc' dir='ltr'>ὅ</span> <span class='ocrx_word' id='word_1_10' title='bbox 1042 269 1242 320; x_wconf 76' lang='grc' dir='ltr'><em>κελεύσας</em></span> <span class='ocrx_word' id='word_1_11' title='bbox 1273 285 1321 312; x_wconf 81' lang='grc' dir='ltr'><strong>σε</strong></span> <span class='ocrx_word' id='word_1_12' title='bbox 1349 270 1595 323; x_wconf 75' lang='grc' dir='ltr'><strong><em>βασιλεύειν</em></strong></span> <span class='ocrx_word' id='word_1_13' title='bbox 1624 269 1730 312; x_wconf 73' lang='grc' dir='ltr'><em>ὑπο-</em></span> 
     </span>
     <span class='ocr_line' id='line_1_3' title="bbox 253 335 1732 393; baseline 0.001 -14"><span class='ocrx_word' id='word_1_14' title='bbox 253 335 370 387; x_wconf 77' lang='grc' dir='ltr'><em>τάξει</em></span> <span class='ocrx_word' id='word_1_15' title='bbox 397 351 468 378; x_wconf 91' lang='grc' dir='ltr'><strong>σοι</strong></span> <span class='ocrx_word' id='word_1_16' title='bbox 510 335 649 379; x_wconf 80' lang='grc' dir='ltr'><em>πάντα</em></span> <span class='ocrx_word' id='word_1_17' title='bbox 676 337 748 379; x_wconf 74' lang='grc' dir='ltr'><strong>τὸν</strong></span> <span class='ocrx_word' id='word_1_18' title='bbox 789 339 1055 390; x_wconf 77' lang='grc' dir='ltr'><em>πολεμοῦντα</em></span> <span class='ocrx_word' id='word_1_19' title='bbox 1082 337 1160 393; x_wconf 71' lang='grc' dir='ltr'><strong>τήν</strong></span> <span class='ocrx_word' id='word_1_20' title='bbox 1186 338 1408 391; x_wconf 72' lang='grc' dir='ltr'><em>βασιλείαν</em></span> <span class='ocrx_word' id='word_1_21' title='bbox 1448 353 1541 381; x_wconf 88' lang='grc' dir='ltr'><em>σου.</em></span> <span class='ocrx_word' id='word_1_22' title='bbox 1613 338 1654 380; x_wconf 80' lang='grc' dir='ltr'><strong>εἰ</strong></span> <span class='ocrx_word' id='word_1_23' title='bbox 1683 339 1732 380; x_wconf 81' lang='grc' dir='ltr'><strong>δὲ</strong></span> 
     </span>
     <span class='ocr_line' id='line_1_4' title="bbox 250 402 1730 458; baseline 0 -11"><span class='ocrx_word' id='word_1_24' title='bbox 250 402 472 458; x_wconf 76' lang='grc' dir='ltr'><em>Ῥωμαῖός</em></span> <span class='ocrx_word' id='word_1_25' title='bbox 501 406 618 447; x_wconf 76' lang='grc' dir='ltr'><em>ἐστιν</em></span> <span class='ocrx_word' id='word_1_26' title='bbox 647 403 670 445; x_wconf 78' lang='grc' dir='ltr'><em>ὅ</em></span> <span class='ocrx_word' id='word_1_27' title='bbox 702 404 957 458; x_wconf 72' lang='grc' dir='ltr'><em>ἀγνωμονῶν</em></span> <span class='ocrx_word' id='word_1_28' title='bbox 974 420 1022 446; x_wconf 83' lang='grc' dir='ltr'><strong>σε</strong></span> <span class='ocrx_word' id='word_1_29' title='bbox 1053 406 1114 454; x_wconf 81' lang='grc' dir='ltr'><strong>εἰς</strong></span> <span class='ocrx_word' id='word_1_30' title='bbox 1136 407 1415 447; x_wconf 84' lang='grc' dir='ltr'><em>δουλειάνσοι</em></span> <span class='ocrx_word' id='word_1_31' title='bbox 1443 406 1596 447; x_wconf 78' lang='grc' dir='ltr'><em>τοῦτον</em></span> <span class='ocrx_word' id='word_1_32' title='bbox 1626 405 1730 447; x_wconf 75' lang='grc' dir='ltr'><em>ὑπο-</em></span> 
     </span>
     <span class='ocr_line' id='line_1_5' title="bbox 209 469 1732 527; baseline -0.001 -12"><span class='ocrx_word' id='word_1_33' title='bbox 209 469 372 522; x_wconf 79' lang='grc' dir='ltr'><em>Βτάξει</em></span> <span class='ocrx_word' id='word_1_34' title='bbox 399 473 532 527; x_wconf 80' lang='grc' dir='ltr'><em>χωρίς</em></span> <span class='ocrx_word' id='word_1_35' title='bbox 563 469 769 526; x_wconf 81' lang='grc' dir='ltr'><em>αἱμάτων.</em></span> <span class='ocrx_word' id='word_1_36' title='bbox 802 472 978 522; x_wconf 80' lang='grc' dir='ltr'><em>τούτους</em></span> <span class='ocrx_word' id='word_1_37' title='bbox 1006 473 1053 515; x_wconf 74' lang='grc' dir='ltr'><strong>δὲ</strong></span> <span class='ocrx_word' id='word_1_38' title='bbox 1083 471 1106 514; x_wconf 79' lang='grc' dir='ltr'><em>ὅ</em></span> <span class='ocrx_word' id='word_1_39' title='bbox 1133 471 1336 527; x_wconf 73' lang='grc' dir='ltr'><em>βασιλεὺς</em></span> <span class='ocrx_word' id='word_1_40' title='bbox 1364 475 1630 523; x_wconf 75' lang='grc' dir='ltr'><strong><em>καθοπλίσας</em></strong></span> <span class='ocrx_word' id='word_1_41' title='bbox 1659 474 1732 515; x_wconf 84' lang='grc' dir='ltr'>καί</span> 
     </span>
     <span class='ocr_line' id='line_1_6' title="bbox 252 537 1767 597; baseline 0.003 -17"><span class='ocrx_word' id='word_1_42' title='bbox 252 538 389 593; x_wconf 77' lang='grc' dir='ltr'><em>λόγοις</em></span> <span class='ocrx_word' id='word_1_43' title='bbox 417 538 560 593; x_wconf 83' lang='grc' dir='ltr'><em>ήπιόις</em></span> <span class='ocrx_word' id='word_1_44' title='bbox 587 539 871 596; x_wconf 76' lang='grc' dir='ltr'><em>κατευνασας,</em></span> <span class='ocrx_word' id='word_1_45' title='bbox 910 538 990 582; x_wconf 81' lang='grc' dir='ltr'><strong>σὺν</strong></span> <span class='ocrx_word' id='word_1_46' title='bbox 1019 546 1107 589; x_wconf 79' lang='grc' dir='ltr'><em>τοῖς</em></span> <span class='ocrx_word' id='word_1_47' title='bbox 1143 538 1381 596; x_wconf 77' lang='grc' dir='ltr'><em>δημάρχοις</em></span> <span class='ocrx_word' id='word_1_48' title='bbox 1415 538 1647 597; x_wconf 74' lang='grc' dir='ltr'><em>φυλάττειν</em></span> <span class='ocrx_word' id='word_1_49' title='bbox 1677 537 1767 584; x_wconf 78' lang='grc' dir='ltr'><strong>τά5</strong></span> 
     </span>
     <span class='ocr_line' id='line_1_7' title="bbox 253 603 1730 662; baseline 0 -14"><span class='ocrx_word' id='word_1_50' title='bbox 253 604 376 661; x_wconf 79' lang='grc' dir='ltr'><em>τείχη</em></span> <span class='ocrx_word' id='word_1_51' title='bbox 406 608 481 661; x_wconf 76' lang='grc' dir='ltr'><em>τῆς</em></span> <span class='ocrx_word' id='word_1_52' title='bbox 522 603 684 656; x_wconf 83' lang='grc' dir='ltr'><em>πόλεως</em></span> <span class='ocrx_word' id='word_1_53' title='bbox 718 609 990 660; x_wconf 75' lang='grc' dir='ltr'><em>προσέταξεν.</em></span> <span class='ocrx_word' id='word_1_54' title='bbox 1049 610 1134 650; x_wconf 81' lang='grc' dir='ltr'><em>’τοῦ</em></span> <span class='ocrx_word' id='word_1_55' title='bbox 1178 609 1226 650; x_wconf 75' lang='grc' dir='ltr'><strong>δὲ</strong></span> <span class='ocrx_word' id='word_1_56' title='bbox 1267 605 1368 650; x_wconf 78' lang='grc' dir='ltr'><em>υἱοῦ</em></span> <span class='ocrx_word' id='word_1_57' title='bbox 1401 610 1485 650; x_wconf 80' lang='grc' dir='ltr'><strong>τοῦ</strong></span> <span class='ocrx_word' id='word_1_58' title='bbox 1521 608 1730 662; x_wconf 80' lang='grc' dir='ltr'><em>βασιλέως</em></span> 
     </span>
     <span class='ocr_line' id='line_1_8' title="bbox 254 669 1732 730; baseline 0.001 -15"><span class='ocrx_word' id='word_1_59' title='bbox 254 669 345 726; x_wconf 79' lang='grc' dir='ltr'><strong>ἅμα</strong></span> <span class='ocrx_word' id='word_1_60' title='bbox 377 675 600 728; x_wconf 81' lang='grc' dir='ltr'><em>Γερμανοῦ</em></span> <span class='ocrx_word' id='word_1_61' title='bbox 629 675 706 716; x_wconf 83' lang='grc' dir='ltr'><strong>τοῦ</strong></span> <span class='ocrx_word' id='word_1_62' title='bbox 741 677 954 730; x_wconf 70' lang='grc' dir='ltr'><em>πενθεροῦ</em></span> <span class='ocrx_word' id='word_1_63' title='bbox 994 676 1132 718; x_wconf 83' lang='grc' dir='ltr'><em>αυ’τοῧ</em></span> <span class='ocrx_word' id='word_1_64' title='bbox 1165 676 1225 724; x_wconf 78' lang='grc' dir='ltr'><strong>εἰς</strong></span> <span class='ocrx_word' id='word_1_65' title='bbox 1257 673 1577 730; x_wconf 77' lang='grc' dir='ltr'><em>Καλικρὰτειαν</em></span> <span class='ocrx_word' id='word_1_66' title='bbox 1607 691 1732 728; x_wconf 79' lang='grc' dir='ltr'><em>κυνη-</em></span> 
     </span>
     <span class='ocr_line' id='line_1_9' title="bbox 251 740 1732 798; baseline 0.001 -16"><span class='ocrx_word' id='word_1_67' title='bbox 251 742 482 795; x_wconf 76' lang='grc' dir='ltr'><em>γετοῦντος,</em></span> <span class='ocrx_word' id='word_1_68' title='bbox 513 740 824 784; x_wconf 77' lang='grc' dir='ltr'><em>ἀποστέλλουσι</em></span> <span class='ocrx_word' id='word_1_69' title='bbox 849 740 1084 797; x_wconf 81' lang='grc' dir='ltr'><em>γράμματα</em></span> <span class='ocrx_word' id='word_1_70' title='bbox 1129 741 1166 785; x_wconf 83' lang='grc' dir='ltr'><em>οἱ</em></span> <span class='ocrx_word' id='word_1_71' title='bbox 1191 742 1407 796; x_wconf 67' lang='grc' dir='ltr'><strong>εΡωμαῖοι</strong></span> <span class='ocrx_word' id='word_1_72' title='bbox 1436 740 1541 798; x_wconf 88' lang='grc' dir='ltr'><em>πρὸς</em></span> <span class='ocrx_word' id='word_1_73' title='bbox 1573 742 1732 785; x_wconf 74' lang='grc' dir='ltr'><em>Θεοδό-</em></span> 
     </span>
     <span class='ocr_line' id='line_1_10' title="bbox 251 805 1730 866; baseline 0 -17"><span class='ocrx_word' id='word_1_74' title='bbox 251 823 344 850; x_wconf 86' lang='grc' dir='ltr'><em>σιον</em></span> <span class='ocrx_word' id='word_1_75' title='bbox 359 808 572 859; x_wconf 65' lang='grc' dir='ltr'><em>ἄξιοῦντες</em></span> <span class='ocrx_word' id='word_1_76' title='bbox 600 808 673 850; x_wconf 71' lang='grc' dir='ltr'><strong>ὑπ’</strong></span> <span class='ocrx_word' id='word_1_77' title='bbox 705 811 842 852; x_wconf 72' lang='grc' dir='ltr'><em>αὐτοῦ</em></span> <span class='ocrx_word' id='word_1_78' title='bbox 868 809 1189 864; x_wconf 73' lang='grc' dir='ltr'><em>βασιλεύεσθαι,</em></span> <span class='ocrx_word' id='word_1_79' title='bbox 1220 811 1261 852; x_wconf 80' lang='grc' dir='ltr'><strong>εἰ</strong></span> <span class='ocrx_word' id='word_1_80' title='bbox 1289 812 1335 852; x_wconf 80' lang='grc' dir='ltr'><strong>δὲ</strong></span> <span class='ocrx_word' id='word_1_81' title='bbox 1358 808 1433 866; x_wconf 73' lang='grc' dir='ltr'><em>μή,</em></span> <span class='ocrx_word' id='word_1_82' title='bbox 1464 805 1543 852; x_wconf 71' lang='grc' dir='ltr'><strong>κᾶν</strong></span> <span class='ocrx_word' id='word_1_83' title='bbox 1556 811 1730 864; x_wconf 77' lang='grc' dir='ltr'><em>Γερμα-</em></span> 
     </span>
     <span class='ocr_line' id='line_1_11' title="bbox 254 873 1764 934; baseline 0.002 -17"><span class='ocrx_word' id='word_1_84' title='bbox 254 873 329 917; x_wconf 83' lang='grc' dir='ltr'><strong>νὸν</strong></span> <span class='ocrx_word' id='word_1_85' title='bbox 369 879 713 932; x_wconf 77' lang='grc' dir='ltr'><em>προσαγορεῦσαι</em></span> <span class='ocrx_word' id='word_1_86' title='bbox 750 878 955 931; x_wconf 80' lang='grc' dir='ltr'><em>βασιλέα·</em></span> <span class='ocrx_word' id='word_1_87' title='bbox 994 879 1105 934; x_wconf 75' lang='grc' dir='ltr'><em>μηδὲ</em></span> <span class='ocrx_word' id='word_1_88' title='bbox 1141 878 1220 934; x_wconf 71' lang='grc' dir='ltr'><strong>γάρ</strong></span> <span class='ocrx_word' id='word_1_89' title='bbox 1262 876 1326 920; x_wconf 81' lang='grc' dir='ltr'><strong>ἔτι</strong></span> <span class='ocrx_word' id='word_1_90' title='bbox 1371 877 1605 932; x_wconf 76' lang='grc' dir='ltr'><em>α’νὲχεσθαι</em></span> <span class='ocrx_word' id='word_1_91' title='bbox 1645 873 1764 920; x_wconf 77' lang='grc' dir='ltr'><em>ὖπὸι</em></span> 
     </span>
     <span class='ocr_line' id='line_1_12' title="bbox 253 942 1734 1002; baseline 0.001 -18"><span class='ocrx_word' id='word_1_92' title='bbox 253 945 510 999; x_wconf 85' lang='grc' dir='ltr'><em>Μαυρικιόυ</em></span> <span class='ocrx_word' id='word_1_93' title='bbox 540 942 863 998; x_wconf 76' lang='grc' dir='ltr'><em>βασιλεύεσθαι.</em></span> <span class='ocrx_word' id='word_1_94' title='bbox 920 948 1056 988; x_wconf 78' lang='grc' dir='ltr'><em>ταῦτα</em></span> <span class='ocrx_word' id='word_1_95' title='bbox 1087 943 1107 988; x_wconf 82' lang='grc' dir='ltr'><strong><em>ὅ</em></strong></span> <span class='ocrx_word' id='word_1_96' title='bbox 1132 947 1382 1002; x_wconf 69' lang='grc' dir='ltr'><em>Πῑῖαυρίκιος</em></span> <span class='ocrx_word' id='word_1_97' title='bbox 1410 943 1578 1001; x_wconf 76' lang='grc' dir='ltr'><em>μαθών,</em></span> <span class='ocrx_word' id='word_1_98' title='bbox 1606 960 1734 997; x_wconf 81' lang='grc' dir='ltr'><em>μετα·</em></span> 
     </span>
     <span class='ocr_line' id='line_1_13' title="bbox 255 1009 1734 1069; baseline 0.001 -17"><span class='ocrx_word' id='word_1_99' title='bbox 255 1012 471 1053; x_wconf 79' lang='grc' dir='ltr'><em>στέλλεται</em></span> <span class='ocrx_word' id='word_1_100' title='bbox 517 1011 589 1054; x_wconf 83' lang='grc' dir='ltr'><strong>τὸν</strong></span> <span class='ocrx_word' id='word_1_101' title='bbox 629 1009 724 1055; x_wconf 81' lang='grc' dir='ltr'><em>υἱὸν</em></span> <span class='ocrx_word' id='word_1_102' title='bbox 754 1012 861 1069; x_wconf 87' lang='grc' dir='ltr'><em>πρὸς</em></span> <span class='ocrx_word' id='word_1_103' title='bbox 901 1010 1066 1056; x_wconf 75' lang='grc' dir='ltr'><em>ἑαυτὸν.</em></span> <span class='ocrx_word' id='word_1_104' title='bbox 1139 1013 1426 1066; x_wconf 81' lang='grc' dir='ltr'><em>Κομεντιόλον</em></span> <span class='ocrx_word' id='word_1_105' title='bbox 1456 1014 1503 1054; x_wconf 81' lang='grc' dir='ltr'><strong>δὲ</strong></span> <span class='ocrx_word' id='word_1_106' title='bbox 1531 1010 1582 1053; x_wconf 76' lang='grc' dir='ltr'><strong>τά</strong></span> <span class='ocrx_word' id='word_1_107' title='bbox 1614 1013 1734 1069; x_wconf 74' lang='grc' dir='ltr'><em>τείχη</em></span> 
     </span>
     <span class='ocr_line' id='line_1_14' title="bbox 253 1078 1735 1139; baseline 0.001 -20"><span class='ocrx_word' id='word_1_108' title='bbox 253 1084 462 1134; x_wconf 80' lang='grc' dir='ltr'><em>φρουρεῖν</em></span> <span class='ocrx_word' id='word_1_109' title='bbox 489 1081 759 1135; x_wconf 84' lang='grc' dir='ltr'><em>προσέταττε.</em></span> <span class='ocrx_word' id='word_1_110' title='bbox 833 1078 908 1124; x_wconf 86' lang='grc' dir='ltr'><strong>τὸν</strong></span> <span class='ocrx_word' id='word_1_111' title='bbox 938 1082 984 1123; x_wconf 71' lang='grc' dir='ltr'><strong>δὲ</strong></span> <span class='ocrx_word' id='word_1_112' title='bbox 1013 1079 1238 1135; x_wconf 79' lang='grc' dir='ltr'><em>Γερμανὸν</em></span> <span class='ocrx_word' id='word_1_113' title='bbox 1263 1078 1345 1123; x_wconf 73' lang='grc' dir='ltr'><em>συν</em></span> <span class='ocrx_word' id='word_1_114' title='bbox 1375 1081 1433 1139; x_wconf 66' lang='grc' dir='ltr'><strong>τῷ</strong></span> <span class='ocrx_word' id='word_1_115' title='bbox 1464 1078 1547 1137; x_wconf 70' lang='grc' dir='ltr'><em>υἱῷ</em></span> <span class='ocrx_word' id='word_1_116' title='bbox 1581 1080 1735 1122; x_wconf 76' lang='grc' dir='ltr'><em>Θεοδο-</em></span> 
     </span>
     <span class='ocr_line' id='line_1_15' title="bbox 251 1146 1734 1204; baseline -0.001 -17"><span class='ocrx_word' id='word_1_117' title='bbox 251 1147 328 1204; x_wconf 77' lang='grc' dir='ltr'><strong>σίῳ</strong></span> <span class='ocrx_word' id='word_1_118' title='bbox 359 1149 580 1204; x_wconf 78' lang='grc' dir='ltr'><em>κατῃτιᾶτο</em></span> <span class='ocrx_word' id='word_1_119' title='bbox 613 1149 698 1189; x_wconf 77' lang='grc' dir='ltr'><strong>τῶν</strong></span> <span class='ocrx_word' id='word_1_120' title='bbox 725 1150 964 1204; x_wconf 77' lang='grc' dir='ltr'><em>συμφορῶν</em></span> <span class='ocrx_word' id='word_1_121' title='bbox 995 1146 1130 1191; x_wconf 83' lang='grc' dir='ltr'><em>αἴτιον</em></span> <span class='ocrx_word' id='word_1_122' title='bbox 1159 1149 1384 1203; x_wconf 75' lang='grc' dir='ltr'><em>γεγονέναι.</em></span> <span class='ocrx_word' id='word_1_123' title='bbox 1441 1148 1518 1189; x_wconf 75' lang='grc' dir='ltr'><strong>τοῦ</strong></span> <span class='ocrx_word' id='word_1_124' title='bbox 1547 1146 1595 1188; x_wconf 80' lang='grc' dir='ltr'><strong>δὲ</strong></span> <span class='ocrx_word' id='word_1_125' title='bbox 1623 1148 1664 1189; x_wconf 92' lang='grc' dir='ltr'><strong>Γ</strong></span> <span class='ocrx_word' id='word_1_126' title='bbox 1662 1162 1734 1201; x_wconf 70' lang='lat'><strong>⁸9-</strong></span> 
     </span>
     <span class='ocr_line' id='line_1_16' title="bbox 250 1210 1768 1273; baseline 0.002 -18"><span class='ocrx_word' id='word_1_127' title='bbox 250 1216 392 1267; x_wconf 79' lang='grc' dir='ltr'><strong>μανοῦ</strong></span> <span class='ocrx_word' id='word_1_128' title='bbox 420 1214 776 1270; x_wconf 76' lang='grc' dir='ltr'><em>ἀπολογουμένου,</em></span> <span class='ocrx_word' id='word_1_129' title='bbox 808 1217 1056 1272; x_wconf 70' lang='grc' dir='ltr'><em>ῙΙΊαυρίκιος</em></span> <span class='ocrx_word' id='word_1_130' title='bbox 1088 1213 1192 1273; x_wconf 78' lang='grc' dir='ltr'><em>ἔφη·</em></span> <span class='ocrx_word' id='word_1_131' title='bbox 1253 1210 1289 1257; x_wconf 66' lang='grc' dir='ltr'><em>αἶ</em></span> <span class='ocrx_word' id='word_1_132' title='bbox 1304 1217 1345 1257; x_wconf 90' lang='grc' dir='ltr'><strong><em>Γ</em></strong></span> <span class='ocrx_word' id='word_1_133' title='bbox 1345 1215 1513 1271; x_wconf 80' lang='grc' dir='ltr'><em>ερμανέ,</em></span> <span class='ocrx_word' id='word_1_134' title='bbox 1544 1211 1622 1256; x_wconf 74' lang='grc' dir='ltr'><em>δύο</em></span> <span class='ocrx_word' id='word_1_135' title='bbox 1651 1212 1736 1256; x_wconf 81' lang='grc' dir='ltr'><strong>εἰσί</strong></span> <span class='ocrx_word' id='word_1_136' title='bbox 1754 1233 1768 1259; x_wconf 87' lang='grc' dir='ltr'><em>ι</em></span> 
     </span>
     <span class='ocr_line' id='line_1_17' title="bbox 110 1279 1733 1339; baseline -0.003 -13"><span class='ocrx_word' id='word_1_137' title='bbox 110 1292 146 1326; x_wconf 83' lang='grc' dir='ltr'><strong>Ρ.</strong></span> <span class='ocrx_word' id='word_1_138' title='bbox 171 1294 236 1339; x_wconf 73' lang='lat'><strong>242</strong></span> <span class='ocrx_word' id='word_1_139' title='bbox 252 1280 458 1337; x_wconf 80' lang='grc' dir='ltr'><em>τεκμήρια</em></span> <span class='ocrx_word' id='word_1_140' title='bbox 498 1284 572 1338; x_wconf 83' lang='grc' dir='ltr'><strong>τῆς</strong></span> <span class='ocrx_word' id='word_1_141' title='bbox 613 1283 816 1332; x_wconf 74' lang='grc' dir='ltr'><em>ὑπονοίας</em></span> <span class='ocrx_word' id='word_1_142' title='bbox 843 1298 959 1336; x_wconf 88' lang='grc' dir='ltr'><em>μου·</em></span> <span class='ocrx_word' id='word_1_143' title='bbox 1033 1281 1088 1325; x_wconf 71' lang='lat' dir='ltr'><strong>‘ra&#39;</strong></span> <span class='ocrx_word' id='word_1_144' title='bbox 1119 1298 1164 1325; x_wconf 75' lang='grc' dir='ltr'><strong>τε</strong></span> <span class='ocrx_word' id='word_1_145' title='bbox 1207 1283 1254 1325; x_wconf 76' lang='grc' dir='ltr'><strong>ἐκ</strong></span> <span class='ocrx_word' id='word_1_146' title='bbox 1292 1282 1368 1324; x_wconf 77' lang='grc' dir='ltr'><strong>τοῦ</strong></span> <span class='ocrx_word' id='word_1_147' title='bbox 1404 1283 1513 1323; x_wconf 80' lang='grc' dir='ltr'><em>λαοῦ</em></span> <span class='ocrx_word' id='word_1_148' title='bbox 1551 1279 1658 1337; x_wconf 82' lang='grc' dir='ltr'><em>πρός</em></span> <span class='ocrx_word' id='word_1_149' title='bbox 1685 1295 1733 1322; x_wconf 85' lang='grc' dir='ltr'><strong>σε</strong></span> 
     </span>
     <span class='ocr_line' id='line_1_18' title="bbox 250 1348 1763 1408; baseline -0.003 -16"><span class='ocrx_word' id='word_1_150' title='bbox 250 1349 507 1408; x_wconf 79' lang='grc' dir='ltr'><em>γράμματα,</em></span> <span class='ocrx_word' id='word_1_151' title='bbox 552 1352 624 1392; x_wconf 82' lang='grc' dir='ltr'><em>καί</em></span> <span class='ocrx_word' id='word_1_152' title='bbox 654 1352 732 1392; x_wconf 80' lang='grc' dir='ltr'><strong>τοῦ</strong></span> <span class='ocrx_word' id='word_1_153' title='bbox 761 1351 989 1408; x_wconf 74' lang='grc' dir='ltr'><em>φείδεσθαι</em></span> <span class='ocrx_word' id='word_1_154' title='bbox 1030 1349 1105 1393; x_wconf 81' lang='grc' dir='ltr'><strong>τὸν</strong></span> <span class='ocrx_word' id='word_1_155' title='bbox 1135 1348 1240 1392; x_wconf 60' lang='lat' dir='ltr'><strong>zadae</strong></span> <span class='ocrx_word' id='word_1_156' title='bbox 1271 1350 1343 1404; x_wconf 82' lang='grc' dir='ltr'><strong>τῆς</strong></span> <span class='ocrx_word' id='word_1_157' title='bbox 1372 1349 1576 1404; x_wconf 69' lang='grc' dir='ltr'><em>ἀγελαίας</em></span> <span class='ocrx_word' id='word_1_158' title='bbox 1603 1349 1763 1390; x_wconf 79' lang='grc' dir='ltr'><em>ἵππου·</em></span> 
     </span>
     <span class='ocr_line' id='line_1_19' title="bbox 251 1413 1737 1474; baseline -0.004 -12"><span class='ocrx_word' id='word_1_159' title='bbox 251 1420 327 1474; x_wconf 75' lang='grc' dir='ltr'><em>τῆς</em></span> <span class='ocrx_word' id='word_1_160' title='bbox 358 1419 589 1474; x_wconf 86' lang='grc' dir='ltr'><em>νεμομένης</em></span> <span class='ocrx_word' id='word_1_161' title='bbox 619 1434 689 1460; x_wconf 89' lang='grc' dir='ltr'><strong>σοι</strong></span> <span class='ocrx_word' id='word_1_162' title='bbox 717 1420 777 1468; x_wconf 83' lang='grc' dir='ltr'><strong>εἰς</strong></span> <span class='ocrx_word' id='word_1_163' title='bbox 808 1416 862 1460; x_wconf 78' lang='grc' dir='ltr'><strong>τὰ</strong></span> <span class='ocrx_word' id='word_1_164' title='bbox 893 1417 1140 1472; x_wconf 80' lang='grc' dir='ltr'><em>προάστεια.</em></span> <span class='ocrx_word' id='word_1_165' title='bbox 1197 1418 1336 1460; x_wconf 77' lang='grc' dir='ltr'><em>πάντα</em></span> <span class='ocrx_word' id='word_1_166' title='bbox 1367 1417 1448 1472; x_wconf 78' lang='grc' dir='ltr'><strong>γὰρ</strong></span> <span class='ocrx_word' id='word_1_167' title='bbox 1479 1413 1737 1471; x_wconf 78' lang='grc' dir='ltr'><em>διήρπασαν,</em></span> 
     </span>
     <span class='ocr_line' id='line_1_20' title="bbox 252 1479 1736 1543; baseline -0.004 -13"><span class='ocrx_word' id='word_1_168' title='bbox 252 1488 326 1530; x_wconf 82' lang='grc' dir='ltr'>καί</span> <span class='ocrx_word' id='word_1_169' title='bbox 354 1487 438 1529; x_wconf 81' lang='grc' dir='ltr'><strong>τῶν</strong></span> <span class='ocrx_word' id='word_1_170' title='bbox 469 1487 568 1528; x_wconf 82' lang='grc' dir='ltr'><strong>σῶν</strong></span> <span class='ocrx_word' id='word_1_171' title='bbox 587 1486 824 1543; x_wconf 75' lang='grc' dir='ltr'><em>ἐφείσαντο.</em></span> <span class='ocrx_word' id='word_1_172' title='bbox 883 1487 1049 1543; x_wconf 72' lang='grc' dir='ltr'><em>φείδου,</em></span> <span class='ocrx_word' id='word_1_173' title='bbox 1080 1488 1121 1529; x_wconf 88' lang='grc' dir='ltr'><strong>Γ</strong></span> <span class='ocrx_word' id='word_1_174' title='bbox 1119 1486 1291 1543; x_wconf 82' lang='grc' dir='ltr'><em>ερμανέ,</em></span> <span class='ocrx_word' id='word_1_175' title='bbox 1321 1485 1399 1527; x_wconf 82' lang='grc' dir='ltr'><strong>τοῦ</strong></span> <span class='ocrx_word' id='word_1_176' title='bbox 1426 1481 1631 1540; x_wconf 79' lang='grc' dir='ltr'><em>μηκύνειν</em></span> <span class='ocrx_word' id='word_1_177' title='bbox 1663 1479 1736 1524; x_wconf 85' lang='grc' dir='ltr'><strong>τὸν</strong></span> 
     </span>
    </p>
   </div>
   <div class='ocr_carea' id='block_1_3' title="bbox 346 1643 1733 1695">
    <p class='ocr_par' dir='ltr' id='par_1_3' title="bbox 346 1643 1733 1695">
     <span class='ocr_line' id='line_1_21' title="bbox 346 1643 1733 1695; baseline -0.004 -14"><span class='ocrx_word' id='word_1_178' title='bbox 346 1651 383 1681; x_wconf 70' lang='grc'><strong>’2.</strong></span> <span class='ocrx_word' id='word_1_179' title='bbox 409 1644 477 1682; x_wconf 87' lang='grc' dir='ltr'><strong>τὸν</strong></span> <span class='ocrx_word' id='word_1_180' title='bbox 500 1646 738 1694; x_wconf 82' lang='grc' dir='ltr'><em>πολεμοῦντα</em></span> <span class='ocrx_word' id='word_1_181' title='bbox 764 1649 804 1690; x_wconf 81' lang='grc' dir='ltr'><strong>Α,</strong></span> <span class='ocrx_word' id='word_1_182' title='bbox 829 1646 906 1684; x_wconf 77' lang='grc' dir='ltr'><em>τῶν</em></span> <span class='ocrx_word' id='word_1_183' title='bbox 930 1647 1196 1695; x_wconf 70' lang='grc' dir='ltr'><em>πολεμούντων</em></span> <span class='ocrx_word' id='word_1_184' title='bbox 1221 1646 1315 1691; x_wconf 86' lang='lat' dir='ltr'><strong>vulg.</strong></span> <span class='ocrx_word' id='word_1_185' title='bbox 1427 1643 1469 1692; x_wconf 76' lang='grc' dir='ltr'><strong>τῇ</strong></span> <span class='ocrx_word' id='word_1_186' title='bbox 1497 1643 1668 1690; x_wconf 69' lang='grc' dir='ltr'><em>βασιλείᾳ</em></span> <span class='ocrx_word' id='word_1_187' title='bbox 1693 1643 1733 1675; x_wconf 88' lang='grc' dir='ltr'><strong>Λ.</strong></span> 
     </span>
    </p>
   </div>
   <div class='ocr_carea' id='block_1_4' title="bbox 350 1689 1737 1840">
    <p class='ocr_par' dir='ltr' id='par_1_4' title="bbox 350 1689 1737 1840">
     <span class='ocr_line' id='line_1_22' title="bbox 350 1689 1737 1743; baseline -0.003 -15"><span class='ocrx_word' id='word_1_188' title='bbox 350 1708 382 1741; x_wconf 84' lang='lat'><strong>7.</strong></span> <span class='ocrx_word' id='word_1_189' title='bbox 413 1694 529 1730; x_wconf 79' lang='grc' dir='ltr'><em>αὐτοῦ</em></span> <span class='ocrx_word' id='word_1_190' title='bbox 555 1695 636 1729; x_wconf 86' lang='lat' dir='ltr'><strong>add.</strong></span> <span class='ocrx_word' id='word_1_191' title='bbox 665 1707 710 1729; x_wconf 77' lang='lat' dir='ltr'><strong>ex</strong></span> <span class='ocrx_word' id='word_1_192' title='bbox 733 1696 773 1730; x_wconf 74' lang='lat' dir='ltr'><strong>A.</strong></span> <span class='ocrx_word' id='word_1_193' title='bbox 920 1709 954 1742; x_wconf 86' lang='lat'><strong>9.</strong></span> <span class='ocrx_word' id='word_1_194' title='bbox 984 1698 1019 1731; x_wconf 79' lang='grc' dir='ltr'><strong>εἰ</strong></span> <span class='ocrx_word' id='word_1_195' title='bbox 1055 1696 1095 1731; x_wconf 80' lang='grc' dir='ltr'><strong>δὲ</strong></span> <span class='ocrx_word' id='word_1_196' title='bbox 1119 1690 1170 1743; x_wconf 78' lang='grc' dir='ltr'><em>μὴ</em></span> <span class='ocrx_word' id='word_1_197' title='bbox 1199 1690 1272 1729; x_wconf 83' lang='grc' dir='ltr'><strong>ὑπὸ</strong></span> <span class='ocrx_word' id='word_1_198' title='bbox 1298 1696 1516 1739; x_wconf 84' lang='grc' dir='ltr'><em>Μαυρικίου</em></span> <span class='ocrx_word' id='word_1_199' title='bbox 1542 1689 1737 1736; x_wconf 81' lang='grc' dir='ltr'><em>βασιλεύε-</em></span> 
     </span>
     <span class='ocr_line' id='line_1_23' title="bbox 351 1734 1737 1781; baseline -0.004 -2"><span class='ocrx_word' id='word_1_200' title='bbox 351 1746 446 1779; x_wconf 74' lang='grc' dir='ltr'><em>σθαι</em></span> <span class='ocrx_word' id='word_1_201' title='bbox 471 1743 556 1777; x_wconf 84' lang='lat' dir='ltr'><strong>add.</strong></span> <span class='ocrx_word' id='word_1_202' title='bbox 586 1755 630 1777; x_wconf 85' lang='lat' dir='ltr'><strong>ex</strong></span> <span class='ocrx_word' id='word_1_203' title='bbox 656 1744 684 1776; x_wconf 91' lang='lat' dir='ltr'><strong>A</strong></span> <span class='ocrx_word' id='word_1_204' title='bbox 714 1739 750 1777; x_wconf 78' lang='lat' dir='ltr'><strong>et</strong></span> <span class='ocrx_word' id='word_1_205' title='bbox 775 1745 857 1777; x_wconf 81' lang='lat' dir='ltr'><strong>aliis</strong></span> <span class='ocrx_word' id='word_1_206' title='bbox 883 1743 988 1778; x_wconf 87' lang='lat' dir='ltr'><strong>codd.</strong></span> <span class='ocrx_word' id='word_1_207' title='bbox 1143 1744 1192 1776; x_wconf 73' lang='lat'><strong>13.</strong></span> <span class='ocrx_word' id='word_1_208' title='bbox 1228 1736 1296 1777; x_wconf 82' lang='grc' dir='ltr'><strong>τὸν</strong></span> <span class='ocrx_word' id='word_1_209' title='bbox 1330 1741 1370 1777; x_wconf 71' lang='grc' dir='ltr'><strong>δὲ</strong></span> <span class='ocrx_word' id='word_1_210' title='bbox 1406 1743 1444 1775; x_wconf 91' lang='grc' dir='ltr'><strong>Γ.</strong></span> <span class='ocrx_word' id='word_1_211' title='bbox 1471 1740 1513 1781; x_wconf 88' lang='grc' dir='ltr'><strong>Α,</strong></span> <span class='ocrx_word' id='word_1_212' title='bbox 1539 1734 1606 1775; x_wconf 84' lang='grc' dir='ltr'><strong>τὸν</strong></span> <span class='ocrx_word' id='word_1_213' title='bbox 1631 1740 1666 1772; x_wconf 90' lang='grc' dir='ltr'><strong>Γ.</strong></span> <span class='ocrx_word' id='word_1_214' title='bbox 1696 1737 1737 1773; x_wconf 73' lang='grc' dir='ltr'><strong>δὲ</strong></span> 
     </span>
     <span class='ocr_line' id='line_1_24' title="bbox 350 1788 1737 1840; baseline -0.002 -15"><span class='ocrx_word' id='word_1_215' title='bbox 350 1793 449 1837; x_wconf 81' lang='lat' dir='ltr'><strong>vulg.</strong></span> <span class='ocrx_word' id='word_1_216' title='bbox 577 1794 628 1827; x_wconf 85' lang='lat'><strong>18.</strong></span> <span class='ocrx_word' id='word_1_217' title='bbox 659 1791 879 1840; x_wconf 69' lang='grc' dir='ltr'><em>διήρπασαν</em></span> <span class='ocrx_word' id='word_1_218' title='bbox 904 1793 946 1834; x_wconf 89' lang='grc' dir='ltr'><strong>Α,</strong></span> <span class='ocrx_word' id='word_1_219' title='bbox 970 1791 1206 1839; x_wconf 70' lang='grc' dir='ltr'><em>ἐφήρπασαν</em></span> <span class='ocrx_word' id='word_1_220' title='bbox 1235 1789 1330 1834; x_wconf 81' lang='lat' dir='ltr'><strong>vulg.</strong></span> <span class='ocrx_word' id='word_1_221' title='bbox 1447 1800 1499 1835; x_wconf 87' lang='lat'><strong>¹9·</strong></span> <span class='ocrx_word' id='word_1_222' title='bbox 1527 1788 1737 1835; x_wconf 76' lang='grc' dir='ltr'><em>ἐφείσαντο</em></span> 
     </span>
    </p>
   </div>
   <div class='ocr_carea' id='block_1_5' title="bbox 353 1839 702 1887">
    <p class='ocr_par' dir='ltr' id='par_1_5' title="bbox 353 1839 702 1887">
     <span class='ocr_line' id='line_1_25' title="bbox 353 1839 702 1887; baseline -0.014 -10"><span class='ocrx_word' id='word_1_223' title='bbox 353 1840 392 1882; x_wconf 87' lang='grc' dir='ltr'><strong>Α,</strong></span> <span class='ocrx_word' id='word_1_224' title='bbox 418 1841 583 1887; x_wconf 79' lang='grc' dir='ltr'><em>ἔφεισαν</em></span> <span class='ocrx_word' id='word_1_225' title='bbox 607 1839 702 1885; x_wconf 85' lang='lat' dir='ltr'><strong>vulg.</strong></span> 
     </span>
    </p>
   </div>
   <div class='ocr_carea' id='block_1_6' title="bbox 256 1977 1739 2847">
    <p class='ocr_par' dir='ltr' id='par_1_6' title="bbox 256 1977 1739 2847">
     <span class='ocr_line' id='line_1_26' title="bbox 259 1977 1737 2029; baseline -0.005 -11"><span class='ocrx_word' id='word_1_226' title='bbox 259 1983 325 2018; x_wconf 88' lang='lat' dir='ltr'><strong>tibi</strong></span> <span class='ocrx_word' id='word_1_227' title='bbox 359 1983 541 2018; x_wconf 86' lang='lat' dir='ltr'><strong>subiiciet.</strong></span> <span class='ocrx_word' id='word_1_228' title='bbox 601 1984 801 2029; x_wconf 88' lang='lat' dir='ltr'><strong>imperator</strong></span> <span class='ocrx_word' id='word_1_229' title='bbox 828 1983 874 2016; x_wconf 85' lang='lat' dir='ltr'><strong>ad</strong></span> <span class='ocrx_word' id='word_1_230' title='bbox 900 1983 990 2017; x_wconf 84' lang='lat' dir='ltr'><strong>haec</strong></span> <span class='ocrx_word' id='word_1_231' title='bbox 1014 1981 1236 2016; x_wconf 78' lang='lat' dir='ltr'>factionibus</span> <span class='ocrx_word' id='word_1_232' title='bbox 1270 1979 1504 2026; x_wconf 83' lang='lat' dir='ltr'><strong>significavit:</strong></span> <span class='ocrx_word' id='word_1_233' title='bbox 1545 1977 1737 2012; x_wconf 84' lang='lat' dir='ltr'><strong>insanien-</strong></span> 
     </span>
     <span class='ocr_line' id='line_1_27' title="bbox 257 2029 1737 2078; baseline -0.005 -12"><span class='ocrx_word' id='word_1_234' title='bbox 257 2032 351 2066; x_wconf 79' lang='lat' dir='ltr'><strong>tium</strong></span> <span class='ocrx_word' id='word_1_235' title='bbox 378 2033 538 2072; x_wconf 83' lang='lat' dir='ltr'><strong>militum</strong></span> <span class='ocrx_word' id='word_1_236' title='bbox 575 2038 694 2066; x_wconf 85' lang='lat' dir='ltr'><strong>motus</strong></span> <span class='ocrx_word' id='word_1_237' title='bbox 733 2031 944 2065; x_wconf 78' lang='lat' dir='ltr'><strong>indecentes</strong></span> <span class='ocrx_word' id='word_1_238' title='bbox 970 2034 1079 2078; x_wconf 86' lang='lat' dir='ltr'><strong>at&#39;que</strong></span> <span class='ocrx_word' id='word_1_239' title='bbox 1115 2030 1247 2063; x_wconf 85' lang='lat' dir='ltr'><strong>seditio</strong></span> <span class='ocrx_word' id='word_1_240' title='bbox 1285 2029 1532 2074; x_wconf 85' lang='lat' dir='ltr'><strong>nequicquam</strong></span> <span class='ocrx_word' id='word_1_241' title='bbox 1567 2039 1631 2060; x_wconf 87' lang='lat' dir='ltr'><strong>vos</strong></span> <span class='ocrx_word' id='word_1_242' title='bbox 1657 2037 1737 2058; x_wconf 87' lang='lat' dir='ltr'><strong>mo-</strong></span> 
     </span>
     <span class='ocr_line' id='line_1_28' title="bbox 256 2074 1737 2126; baseline -0.005 -13"><span class='ocrx_word' id='word_1_243' title='bbox 256 2085 378 2114; x_wconf 81' lang='lat' dir='ltr'><strong>veant.</strong></span> <span class='ocrx_word' id='word_1_244' title='bbox 438 2074 516 2114; x_wconf 80' lang='lat' dir='ltr'><strong>tum</strong></span> <span class='ocrx_word' id='word_1_245' title='bbox 557 2078 713 2114; x_wconf 85' lang='lat' dir='ltr'><strong>Veneti:</strong></span> <span class='ocrx_word' id='word_1_246' title='bbox 755 2080 844 2113; x_wconf 86' lang='lat' dir='ltr'><strong>deus</strong></span> <span class='ocrx_word' id='word_1_247' title='bbox 883 2080 947 2126; x_wconf 89' lang='lat' dir='ltr'><strong>qui</strong></span> <span class='ocrx_word' id='word_1_248' title='bbox 973 2085 1009 2114; x_wconf 91' lang='lat' dir='ltr'><strong>te</strong></span> <span class='ocrx_word' id='word_1_249' title='bbox 1045 2079 1300 2124; x_wconf 75' lang='lat' dir='ltr'>imperatorem</span> <span class='ocrx_word' id='word_1_250' title='bbox 1338 2087 1414 2109; x_wconf 89' lang='lat' dir='ltr'><strong>esse</strong></span> <span class='ocrx_word' id='word_1_251' title='bbox 1456 2074 1562 2108; x_wconf 81' lang='lat' dir='ltr'><strong>iussit</strong></span> <span class='ocrx_word' id='word_1_252' title='bbox 1587 2079 1737 2107; x_wconf 82' lang='lat' dir='ltr'><strong>cunctos</strong></span> 
     </span>
     <span class='ocr_line' id='line_1_29' title="bbox 256 2122 1736 2174; baseline -0.005 -13"><span class='ocrx_word' id='word_1_253' title='bbox 256 2128 439 2162; x_wconf 79' lang='lat' dir='ltr'><strong>maiestati</strong></span> <span class='ocrx_word' id='word_1_254' title='bbox 462 2134 548 2162; x_wconf 79' lang='lat' dir='ltr'><strong>tuae</strong></span> <span class='ocrx_word' id='word_1_255' title='bbox 570 2129 676 2162; x_wconf 85' lang='lat' dir='ltr'><strong>armis</strong></span> <span class='ocrx_word' id='word_1_256' title='bbox 703 2127 933 2162; x_wconf 73' lang='lat' dir='ltr'><strong>adversantes</strong></span> <span class='ocrx_word' id='word_1_257' title='bbox 959 2131 1176 2174; x_wconf 81' lang='lat' dir='ltr'><strong>prosternet.</strong></span> <span class='ocrx_word' id='word_1_258' title='bbox 1237 2125 1266 2157; x_wconf 88' lang='lat' dir='ltr'><strong>si</strong></span> <span class='ocrx_word' id='word_1_259' title='bbox 1290 2127 1469 2158; x_wconf 83' lang='lat' dir='ltr'><strong>Romanus</strong></span> <span class='ocrx_word' id='word_1_260' title='bbox 1495 2123 1552 2162; x_wconf 89' lang='lat' dir='ltr'><strong>sit,</strong></span> <span class='ocrx_word' id='word_1_261' title='bbox 1574 2122 1637 2168; x_wconf 87' lang='lat' dir='ltr'><strong>qui</strong></span> <span class='ocrx_word' id='word_1_262' title='bbox 1663 2127 1736 2155; x_wconf 80' lang='lat' dir='ltr'><strong>tam</strong></span> 
     </span>
     <span class='ocr_line' id='line_1_30' title="bbox 258 2170 1739 2223; baseline -0.005 -14"><span class='ocrx_word' id='word_1_263' title='bbox 258 2176 398 2220; x_wconf 83' lang='lat' dir='ltr'><strong>ingrate</strong></span> <span class='ocrx_word' id='word_1_264' title='bbox 423 2181 546 2210; x_wconf 84' lang='lat' dir='ltr'><strong>tecum</strong></span> <span class='ocrx_word' id='word_1_265' title='bbox 574 2177 659 2221; x_wconf 85' lang='lat' dir='ltr'><strong>agit,</strong></span> <span class='ocrx_word' id='word_1_266' title='bbox 684 2175 781 2209; x_wconf 88' lang='lat' dir='ltr'><strong>huuc</strong></span> <span class='ocrx_word' id='word_1_267' title='bbox 806 2176 944 2223; x_wconf 79' lang='lat' dir='ltr'><strong>absque</strong></span> <span class='ocrx_word' id='word_1_268' title='bbox 969 2175 1090 2209; x_wconf 85' lang='lat' dir='ltr'><strong>caedis</strong></span> <span class='ocrx_word' id='word_1_269' title='bbox 1120 2173 1283 2220; x_wconf 82' lang='lat' dir='ltr'><strong>periculo</strong></span> <span class='ocrx_word' id='word_1_270' title='bbox 1300 2172 1430 2205; x_wconf 87' lang='lat' dir='ltr'><strong>iterum</strong></span> <span class='ocrx_word' id='word_1_271' title='bbox 1456 2170 1622 2204; x_wconf 83' lang='lat' dir='ltr'><strong>servituti</strong></span> <span class='ocrx_word' id='word_1_272' title='bbox 1650 2175 1739 2203; x_wconf 83' lang='lat' dir='ltr'><strong>tuae</strong></span> 
     </span>
     <span class='ocr_line' id='line_1_31' title="bbox 259 2218 1737 2269; baseline -0.005 -12"><span class='ocrx_word' id='word_1_273' title='bbox 259 2223 442 2257; x_wconf 85' lang='lat' dir='ltr'><strong>subiiciet.</strong></span> <span class='ocrx_word' id='word_1_274' title='bbox 491 2224 575 2257; x_wconf 86' lang='lat' dir='ltr'><strong>illos</strong></span> <span class='ocrx_word' id='word_1_275' title='bbox 603 2224 727 2269; x_wconf 90' lang='lat' dir='ltr'><strong>itaque</strong></span> <span class='ocrx_word' id='word_1_276' title='bbox 758 2225 864 2258; x_wconf 79' lang='lat' dir='ltr'><strong>armis</strong></span> <span class='ocrx_word' id='word_1_277' title='bbox 885 2225 1081 2258; x_wconf 83' lang='lat' dir='ltr'><strong>instructos</strong></span> <span class='ocrx_word' id='word_1_278' title='bbox 1103 2228 1140 2255; x_wconf 88' lang='lat' dir='ltr'><strong>et</strong></span> <span class='ocrx_word' id='word_1_279' title='bbox 1162 2219 1307 2254; x_wconf 86' lang='lat' dir='ltr'><strong>blandis</strong></span> <span class='ocrx_word' id='word_1_280' title='bbox 1324 2218 1444 2253; x_wconf 87' lang='lat' dir='ltr'><strong>verbis</strong></span> <span class='ocrx_word' id='word_1_281' title='bbox 1466 2218 1645 2252; x_wconf 74' lang='lat' dir='ltr'><strong>‘delinitos</strong></span> <span class='ocrx_word' id='word_1_282' title='bbox 1673 2229 1737 2250; x_wconf 89' lang='lat' dir='ltr'><strong>ur-</strong></span> 
     </span>
     <span class='ocr_line' id='line_1_32' title="bbox 259 2264 1737 2318; baseline -0.005 -13"><span class='ocrx_word' id='word_1_283' title='bbox 259 2271 316 2305; x_wconf 78' lang='lat' dir='ltr'><strong>bis</strong></span> <span class='ocrx_word' id='word_1_284' title='bbox 340 2271 484 2305; x_wconf 81' lang='lat' dir='ltr'><strong>moenia</strong></span> <span class='ocrx_word' id='word_1_285' title='bbox 513 2270 695 2305; x_wconf 88' lang='lat' dir='ltr'><strong>custodire</strong></span> <span class='ocrx_word' id='word_1_286' title='bbox 728 2273 835 2306; x_wconf 84' lang='lat' dir='ltr'><strong>iussit</strong></span> <span class='ocrx_word' id='word_1_287' title='bbox 860 2272 1065 2318; x_wconf 84' lang='lat' dir='ltr'><strong>imperator.</strong></span> <span class='ocrx_word' id='word_1_288' title='bbox 1123 2269 1201 2302; x_wconf 86' lang='lat' dir='ltr'><strong>filio</strong></span> <span class='ocrx_word' id='word_1_289' title='bbox 1234 2278 1319 2302; x_wconf 90' lang='lat' dir='ltr'><strong>vero</strong></span> <span class='ocrx_word' id='word_1_290' title='bbox 1343 2267 1570 2313; x_wconf 77' lang='lat' dir='ltr'><strong>imperatoris</strong></span> <span class='ocrx_word' id='word_1_291' title='bbox 1596 2265 1642 2299; x_wconf 78' lang='lat' dir='ltr'><strong>ad</strong></span> <span class='ocrx_word' id='word_1_292' title='bbox 1669 2264 1737 2298; x_wconf 81' lang='lat' dir='ltr'><strong>ca-</strong></span> 
     </span>
     <span class='ocr_line' id='line_1_33' title="bbox 260 2312 1737 2360; baseline -0.005 -7"><span class='ocrx_word' id='word_1_293' title='bbox 260 2320 436 2353; x_wconf 67' lang='lat' dir='ltr'><strong>lici-atium</strong></span> <span class='ocrx_word' id='word_1_294' title='bbox 463 2331 545 2353; x_wconf 90' lang='lat' dir='ltr'><strong>cum</strong></span> <span class='ocrx_word' id='word_1_295' title='bbox 569 2319 752 2354; x_wconf 83' lang='lat' dir='ltr'><strong>Germano</strong></span> <span class='ocrx_word' id='word_1_296' title='bbox 781 2331 904 2353; x_wconf 88' lang='lat' dir='ltr'><strong>socero</strong></span> <span class='ocrx_word' id='word_1_297' title='bbox 941 2325 1072 2353; x_wconf 85' lang='lat' dir='ltr'><strong>venatu</strong></span> <span class='ocrx_word' id='word_1_298' title='bbox 1109 2317 1147 2351; x_wconf 86' lang='lat' dir='ltr'><strong>se</strong></span> <span class='ocrx_word' id='word_1_299' title='bbox 1174 2321 1378 2357; x_wconf 83' lang='lat' dir='ltr'><strong>exercente,</strong></span> <span class='ocrx_word' id='word_1_300' title='bbox 1407 2314 1454 2348; x_wconf 89' lang='lat' dir='ltr'><strong>ad</strong></span> <span class='ocrx_word' id='word_1_301' title='bbox 1482 2315 1599 2360; x_wconf 85' lang='lat' dir='ltr'><strong>ipsum</strong></span> <span class='ocrx_word' id='word_1_302' title='bbox 1612 2312 1737 2348; x_wconf 86' lang='lat' dir='ltr'><strong>Theo-</strong></span> 
     </span>
     <span class='ocr_line' id='line_1_34' title="bbox 259 2360 1731 2413; baseline -0.005 -12"><span class='ocrx_word' id='word_1_303' title='bbox 259 2367 412 2407; x_wconf 85' lang='lat' dir='ltr'><strong>dosium,</strong></span> <span class='ocrx_word' id='word_1_304' title='bbox 438 2373 480 2401; x_wconf 86' lang='lat' dir='ltr'><strong>ut</strong></span> <span class='ocrx_word' id='word_1_305' title='bbox 503 2365 703 2413; x_wconf 79' lang='lat' dir='ltr'><strong>imperium</strong></span> <span class='ocrx_word' id='word_1_306' title='bbox 724 2368 910 2413; x_wconf 85' lang='lat' dir='ltr'><strong>suscipiat,</strong></span> <span class='ocrx_word' id='word_1_307' title='bbox 935 2369 1076 2402; x_wconf 74' lang='lat' dir='ltr'><strong>litteras</strong></span> <span class='ocrx_word' id='word_1_308' title='bbox 1102 2365 1262 2409; x_wconf 83' lang='lat' dir='ltr'><strong>dirigunt</strong></span> <span class='ocrx_word' id='word_1_309' title='bbox 1279 2363 1440 2404; x_wconf 84' lang='lat' dir='ltr'><strong>Romani,</strong></span> <span class='ocrx_word' id='word_1_310' title='bbox 1459 2363 1488 2396; x_wconf 93' lang='lat' dir='ltr'><strong>si</strong></span> <span class='ocrx_word' id='word_1_311' title='bbox 1514 2362 1642 2402; x_wconf 88' lang='lat' dir='ltr'><strong>nollet,</strong></span> <span class='ocrx_word' id='word_1_312' title='bbox 1671 2360 1731 2395; x_wconf 83' lang='lat' dir='ltr'><strong>vel</strong></span> 
     </span>
     <span class='ocr_line' id='line_1_35' title="bbox 260 2408 1737 2461; baseline -0.005 -12"><span class='ocrx_word' id='word_1_313' title='bbox 260 2416 480 2450; x_wconf 73' lang='lat' dir='ltr'><strong>Germanum</strong></span> <span class='ocrx_word' id='word_1_314' title='bbox 509 2416 764 2461; x_wconf 78' lang='lat' dir='ltr'><strong>imperatorem</strong></span> <span class='ocrx_word' id='word_1_315' title='bbox 792 2416 1084 2454; x_wconf 76' lang='lat' dir='ltr'><strong>renuntiaturos:</strong></span> <span class='ocrx_word' id='word_1_316' title='bbox 1119 2423 1195 2446; x_wconf 90' lang='lat' dir='ltr'><strong>non</strong></span> <span class='ocrx_word' id='word_1_317' title='bbox 1221 2413 1318 2445; x_wconf 87' lang='lat' dir='ltr'><strong>enim</strong></span> <span class='ocrx_word' id='word_1_318' title='bbox 1348 2411 1482 2445; x_wconf 86' lang='lat' dir='ltr'><strong>diutius</strong></span> <span class='ocrx_word' id='word_1_319' title='bbox 1509 2421 1613 2456; x_wconf 89' lang='lat' dir='ltr'><strong>posse</strong></span> <span class='ocrx_word' id='word_1_320' title='bbox 1638 2408 1737 2443; x_wconf 86' lang='lat' dir='ltr'><strong>tole-</strong></span> 
     </span>
     <span class='ocr_line' id='line_1_36' title="bbox 261 2456 1739 2506; baseline -0.005 -9"><span class='ocrx_word' id='word_1_321' title='bbox 261 2463 330 2497; x_wconf 83' lang='lat' dir='ltr'><strong>rari</strong></span> <span class='ocrx_word' id='word_1_322' title='bbox 359 2464 528 2498; x_wconf 80' lang='lat' dir='ltr'><strong>Mauricii</strong></span> <span class='ocrx_word' id='word_1_323' title='bbox 566 2462 865 2497; x_wconf 86' lang='lat' dir='ltr'><strong>dominationem.</strong></span> <span class='ocrx_word' id='word_1_324' title='bbox 934 2475 975 2497; x_wconf 77' lang='lat' dir='ltr'><strong>ea</strong></span> <span class='ocrx_word' id='word_1_325' title='bbox 1016 2474 1052 2496; x_wconf 92' lang='lat' dir='ltr'><strong>re</strong></span> <span class='ocrx_word' id='word_1_326' title='bbox 1085 2465 1268 2506; x_wconf 78' lang='lat' dir='ltr'><strong>comperta</strong></span> <span class='ocrx_word' id='word_1_327' title='bbox 1308 2459 1425 2493; x_wconf 86' lang='lat' dir='ltr'><strong>filium</strong></span> <span class='ocrx_word' id='word_1_328' title='bbox 1450 2457 1496 2493; x_wconf 81' lang='lat' dir='ltr'><strong>ad</strong></span> <span class='ocrx_word' id='word_1_329' title='bbox 1525 2469 1562 2491; x_wconf 91' lang='lat' dir='ltr'><strong>se</strong></span> <span class='ocrx_word' id='word_1_330' title='bbox 1586 2456 1739 2491; x_wconf 79' lang='lat' dir='ltr'><strong>advocat</strong></span> 
     </span>
     <span class='ocr_line' id='line_1_37' title="bbox 260 2507 1737 2549; baseline -0.005 -4"><span class='ocrx_word' id='word_1_331' title='bbox 260 2512 471 2546; x_wconf 79' lang='lat' dir='ltr'><strong>Mauricius:</strong></span> <span class='ocrx_word' id='word_1_332' title='bbox 497 2512 684 2546; x_wconf 84' lang='lat' dir='ltr'><strong>moenium</strong></span> <span class='ocrx_word' id='word_1_333' title='bbox 711 2522 797 2545; x_wconf 83' lang='lat' dir='ltr'><strong>vero</strong></span> <span class='ocrx_word' id='word_1_334' title='bbox 827 2511 1079 2549; x_wconf 82' lang='lat' dir='ltr'><strong>defensionem</strong></span> <span class='ocrx_word' id='word_1_335' title='bbox 1113 2508 1345 2542; x_wconf 88' lang='lat' dir='ltr'><strong>Comentiolo</strong></span> <span class='ocrx_word' id='word_1_336' title='bbox 1371 2507 1610 2541; x_wconf 85' lang='lat' dir='ltr'><strong>commendat.</strong></span> <span class='ocrx_word' id='word_1_337' title='bbox 1658 2510 1737 2538; x_wconf 84' lang='lat' dir='ltr'><strong>tum</strong></span> 
     </span>
     <span class='ocr_line' id='line_1_38' title="bbox 262 2553 1738 2599; baseline -0.006 -5"><span class='ocrx_word' id='word_1_338' title='bbox 262 2561 481 2594; x_wconf 86' lang='lat' dir='ltr'><strong>Germanum</strong></span> <span class='ocrx_word' id='word_1_339' title='bbox 503 2571 576 2594; x_wconf 87' lang='lat' dir='ltr'><strong>una</strong></span> <span class='ocrx_word' id='word_1_340' title='bbox 601 2570 683 2592; x_wconf 88' lang='lat' dir='ltr'><strong>cum</strong></span> <span class='ocrx_word' id='word_1_341' title='bbox 715 2559 793 2593; x_wconf 86' lang='lat' dir='ltr'><strong>filio</strong></span> <span class='ocrx_word' id='word_1_342' title='bbox 819 2558 1052 2599; x_wconf 85' lang='lat' dir='ltr'><strong>Theodosio,</strong></span> <span class='ocrx_word' id='word_1_343' title='bbox 1092 2568 1158 2590; x_wconf 84' lang='lat' dir='ltr'><strong>ceu</strong></span> <span class='ocrx_word' id='word_1_344' title='bbox 1192 2557 1459 2590; x_wconf 86' lang='lat' dir='ltr'><strong>imminentium</strong></span> <span class='ocrx_word' id='word_1_345' title='bbox 1493 2553 1738 2588; x_wconf 78' lang='lat' dir='ltr'><strong>calamitatum</strong></span> 
     </span>
     <span class='ocr_line' id='line_1_39' title="bbox 260 2600 1738 2651; baseline -0.005 -10"><span class='ocrx_word' id='word_1_346' title='bbox 260 2614 459 2651; x_wconf 78' lang='lat' dir='ltr'><strong>auctorem,</strong></span> <span class='ocrx_word' id='word_1_347' title='bbox 483 2607 660 2642; x_wconf 83' lang='lat' dir='ltr'><strong>incusare.</strong></span> <span class='ocrx_word' id='word_1_348' title='bbox 712 2606 896 2641; x_wconf 87' lang='lat' dir='ltr'><strong>Germano</strong></span> <span class='ocrx_word' id='word_1_349' title='bbox 923 2608 1058 2650; x_wconf 87' lang='lat' dir='ltr'><strong>crimen</strong></span> <span class='ocrx_word' id='word_1_350' title='bbox 1085 2605 1318 2639; x_wconf 76' lang='lat' dir='ltr'><strong>excusatione</strong></span> <span class='ocrx_word' id='word_1_351' title='bbox 1344 2603 1577 2650; x_wconf 85' lang='lat' dir='ltr'><strong>depellente:</strong></span> <span class='ocrx_word' id='word_1_352' title='bbox 1606 2613 1627 2636; x_wconf 95' lang='lat' dir='ltr'><strong>o</strong></span> <span class='ocrx_word' id='word_1_353' title='bbox 1645 2600 1738 2633; x_wconf 81' lang='lat' dir='ltr'><strong>Ger-</strong></span> 
     </span>
     <span class='ocr_line' id='line_1_40' title="bbox 260 2647 1738 2704; baseline -0.007 -13"><span class='ocrx_word' id='word_1_354' title='bbox 260 2667 380 2698; x_wconf 84' lang='lat' dir='ltr'><strong>mane,</strong></span> <span class='ocrx_word' id='word_1_355' title='bbox 406 2657 529 2704; x_wconf 86' lang='lat' dir='ltr'><strong>inquit</strong></span> <span class='ocrx_word' id='word_1_356' title='bbox 555 2655 776 2697; x_wconf 79' lang='lat' dir='ltr'><strong>Mauricius,</strong></span> <span class='ocrx_word' id='word_1_357' title='bbox 811 2654 1028 2701; x_wconf 85' lang='lat' dir='ltr'><strong>suspicionis</strong></span> <span class='ocrx_word' id='word_1_358' title='bbox 1067 2665 1169 2686; x_wconf 84' lang='lat' dir='ltr'><strong>meae</strong></span> <span class='ocrx_word' id='word_1_359' title='bbox 1195 2652 1268 2686; x_wconf 90' lang='lat' dir='ltr'><strong>duo</strong></span> <span class='ocrx_word' id='word_1_360' title='bbox 1295 2657 1381 2686; x_wconf 88' lang='lat' dir='ltr'><strong>sunt</strong></span> <span class='ocrx_word' id='word_1_361' title='bbox 1408 2655 1617 2696; x_wconf 77' lang='lat' dir='ltr'><strong>argumenta</strong></span> <span class='ocrx_word' id='word_1_362' title='bbox 1642 2647 1738 2681; x_wconf 83' lang='lat' dir='ltr'><strong>vali-</strong></span> 
     </span>
     <span class='ocr_line' id='line_1_41' title="bbox 263 2697 1736 2751; baseline -0.007 -13"><span class='ocrx_word' id='word_1_363' title='bbox 263 2704 434 2739; x_wconf 79' lang='lat' dir='ltr'><strong>dissima:</strong></span> <span class='ocrx_word' id='word_1_364' title='bbox 469 2715 490 2737; x_wconf 88' lang='lat' dir='ltr'><strong>a</strong></span> <span class='ocrx_word' id='word_1_365' title='bbox 513 2704 652 2751; x_wconf 86' lang='lat' dir='ltr'><strong>populo</strong></span> <span class='ocrx_word' id='word_1_366' title='bbox 683 2703 855 2738; x_wconf 89' lang='lat' dir='ltr'><strong>nimirum</strong></span> <span class='ocrx_word' id='word_1_367' title='bbox 879 2703 925 2736; x_wconf 88' lang='lat' dir='ltr'><strong>ad</strong></span> <span class='ocrx_word' id='word_1_368' title='bbox 949 2708 985 2736; x_wconf 84' lang='lat' dir='ltr'><strong>te</strong></span> <span class='ocrx_word' id='word_1_369' title='bbox 1010 2702 1138 2736; x_wconf 85' lang='lat' dir='ltr'><strong>missae</strong></span> <span class='ocrx_word' id='word_1_370' title='bbox 1168 2701 1337 2741; x_wconf 82' lang='lat' dir='ltr'><strong>litterae,</strong></span> <span class='ocrx_word' id='word_1_371' title='bbox 1372 2705 1409 2733; x_wconf 85' lang='lat' dir='ltr'><strong>et</strong></span> <span class='ocrx_word' id='word_1_372' title='bbox 1433 2697 1533 2745; x_wconf 79' lang='lat' dir='ltr'><strong>quod</strong></span> <span class='ocrx_word' id='word_1_373' title='bbox 1562 2706 1736 2743; x_wconf 81' lang='lat' dir='ltr'><strong>equarum</strong></span> 
     </span>
     <span class='ocr_line' id='line_1_42' title="bbox 261 2743 1735 2799; baseline -0.007 -14"><span class='ocrx_word' id='word_1_374' title='bbox 261 2758 404 2786; x_wconf 83' lang='lat' dir='ltr'><strong>tuarum</strong></span> <span class='ocrx_word' id='word_1_375' title='bbox 437 2754 535 2799; x_wconf 87' lang='lat' dir='ltr'><strong>gregi</strong></span> <span class='ocrx_word' id='word_1_376' title='bbox 570 2751 617 2785; x_wconf 85' lang='lat' dir='ltr'><strong>ad</strong></span> <span class='ocrx_word' id='word_1_377' title='bbox 645 2751 747 2786; x_wconf 88' lang='lat' dir='ltr'><strong>urbis</strong></span> <span class='ocrx_word' id='word_1_378' title='bbox 781 2752 901 2788; x_wconf 78' lang='lat' dir='ltr'><strong>vicina</strong></span> <span class='ocrx_word' id='word_1_379' title='bbox 940 2751 1017 2784; x_wconf 79' lang='lat' dir='ltr'><strong>loca</strong></span> <span class='ocrx_word' id='word_1_380' title='bbox 1046 2749 1207 2796; x_wconf 83' lang='lat' dir='ltr'><strong>pascenti</strong></span> <span class='ocrx_word' id='word_1_381' title='bbox 1246 2748 1403 2795; x_wconf 87' lang='lat' dir='ltr'><strong>populus</strong></span> <span class='ocrx_word' id='word_1_382' title='bbox 1438 2746 1535 2780; x_wconf 86' lang='lat' dir='ltr'><strong>idem</strong></span> <span class='ocrx_word' id='word_1_383' title='bbox 1560 2743 1735 2792; x_wconf 79' lang='lat' dir='ltr'><strong>pepercit.</strong></span> 
     </span>
     <span class='ocr_line' id='line_1_43' title="bbox 262 2796 1735 2847; baseline -0.008 -12"><span class='ocrx_word' id='word_1_384' title='bbox 262 2801 413 2835; x_wconf 80' lang='lat' dir='ltr'><strong>caeteris</strong></span> <span class='ocrx_word' id='word_1_385' title='bbox 455 2801 550 2836; x_wconf 85' lang='lat' dir='ltr'><strong>enim</strong></span> <span class='ocrx_word' id='word_1_386' title='bbox 584 2799 759 2847; x_wconf 86' lang='lat' dir='ltr'><strong>direptis,</strong></span> <span class='ocrx_word' id='word_1_387' title='bbox 785 2811 829 2834; x_wconf 83' lang='lat' dir='ltr'><strong>ex</strong></span> <span class='ocrx_word' id='word_1_388' title='bbox 867 2799 996 2846; x_wconf 85' lang='lat' dir='ltr'><strong>populi</strong></span> <span class='ocrx_word' id='word_1_389' title='bbox 1022 2799 1060 2832; x_wconf 88' lang='lat' dir='ltr'><strong>in</strong></span> <span class='ocrx_word' id='word_1_390' title='bbox 1086 2803 1122 2832; x_wconf 86' lang='lat' dir='ltr'><strong>te</strong></span> <span class='ocrx_word' id='word_1_391' title='bbox 1162 2797 1387 2831; x_wconf 72' lang='lat' dir='ltr'><strong>humanitate</strong></span> <span class='ocrx_word' id='word_1_392' title='bbox 1428 2806 1484 2829; x_wconf 82' lang='lat' dir='ltr'><strong>res</strong></span> <span class='ocrx_word' id='word_1_393' title='bbox 1506 2799 1591 2828; x_wconf 81' lang='lat' dir='ltr'><strong>tuae</strong></span> <span class='ocrx_word' id='word_1_394' title='bbox 1617 2796 1735 2826; x_wconf 76' lang='lat' dir='ltr'><strong>tectae</strong></span> 
     </span>
    </p>
   </div>
  </div>
 </body>
</html>
