1768 3106
282 139 313 195 5
327 161 345 195 1
359 140 393 196 8
845 160 1190 202 THEOPHANis

269 257 437 318 Δταλοὶβῃ
467 260 513 303 ἐν
541 260 662 314 τάχει
687 258 795 314 μετὰ
827 261 904 303 τοῦ
942 256 1103 303 ἑαυτοῦ
1130 262 1323 315 στρατοῦ·
1343 263 1403 311 εἰς
1427 259 1637 318 βοήθειαν
1665 262 1744 304 αὖ·

235 328 376 383 (Στοῦ,
420 325 492 370 διὰ
536 326 582 370 τὸ
627 329 790 383 πλῆθος
836 323 948 370 εἶναι
979 326 1080 378 τοὺς
1098 322 1305 381 ”Αραβας.
1361 330 1592 383 κατέλαβεν
1635 329 1682 371 δὲ
1719 328 1744 370 ὅ

271 391 548 448 σακελλοὶριος
594 393 697 449 πρὸς
744 394 952 450 Βαάνην·
1025 393 1099 435 καί
1132 391 1372 449 α’πάραντες
1427 393 1510 438 α’πὸ
1548 394 1744 450 Ἐδέσσης

269 463 511 504 συνανταῖσι
551 467 638 510 τοῖς
659 456 855 517 ΝΑραψι,
897 461 972 502 καί
1005 461 1223 515 συμβολῆς
1265 463 1488 516 γενομένης
1521 463 1571 519 τῇ
1597 462 1741 517 πρώτῃ

269 525 422 586 ἧμέρᾳ,
451 522 545 583 ἥτις
576 523 628 583 ἧν
657 529 788 583 τρίτη
807 530 880 583 τῆς
909 525 1160 584 ἑβδομάδος,
1204 527 1262 582 κγ’
1293 530 1369 570 τοῦ
1395 526 1571 572 Ἰουλίου
1598 528 1768 584 μηνός,ξ

267 591 477 649 ἦτταῖνται
505 592 546 636 οἱ
583 596 682 650 περὶ
713 593 788 636 τὸν
815 591 1106 650 σακελλάριον.
1175 595 1485 644 στασιάσαντες
1515 596 1562 638 δὲ
1594 593 1634 637 οἱ
1663 596 1742 637 τοῦ

269 661 492 717 Βαάνους,
533 660 707 717 Βαὰνην
751 663 1096 716 προχειρίζονται
1133 663 1337 718 βασιλέα,
1373 664 1447 704 καί
1483 661 1742 717 ἽΙράκλειον

269 727 547 784 (ἐπεκήρυξαν.
603 728 696 771 τότε
727 728 766 770 οἱ
795 730 895 782 περὶ
928 727 998 770 τὸν
1027 726 1306 784 σακελλάριον
1346 727 1640 786 ὑπεχώρησαν,
1669 731 1743 771 καί

269 794 309 838 οἱ
338 793 580 851 Σαρακηνοί
608 794 806 850 εὑρόντες
845 791 1017 851 ἄδειαν,
1058 793 1356 848 συμβάλλουσι
1393 794 1587 849 πόλεμον.
1644 796 1740 838 α’νέ-

267 878 352 916 μου
380 864 427 904 δὲ
458 861 712 911 πνεύσαντος
740 860 846 904 κατὰ
870 859 1092 916 Ῥωμαίων
1128 866 1267 919 νότου,
1296 862 1356 919 μὴ
1387 864 1636 920 δυνηθέντες
1666 863 1768 906 οἷν-1

266 930 459 983 τωπῆσαι
501 931 676 984 ἐχθροῖς
716 928 789 971 διὰ
818 927 889 972 τόν
922 928 1133 984 κονιορτὸν
1171 929 1400 985 ἡττῶνται.
1458 932 1534 972 καὶ
1558 927 1742 980 ἑαυτούς

269 994 495 1049 βάλλοντες
538 998 599 1046 εἰς
640 994 718 1047 τὰς
756 993 979 1046 στενόδους
1017 998 1096 1039 τοῦ
1134 997 1392 1052 Ἰερμοχθοῦ
1424 1000 1619 1051 ποταμοῦ
1655 998 1747 1040 ἐκεῖ

228 1060 489 1121 Βᾶπαᾷλοντο
519 1058 666 1119 ἄρδην.
744 1058 855 1119 ἦσαν
901 1065 947 1106 δὲ
977 1065 1233 1120 α’μφοτέρων
1271 1064 1521 1120 στρατηγῶν
1546 1061 1742 1118 χιλιάδες

269 1129 592 1186 τεσσαράκοντα.
659 1129 753 1174 τότε
798 1130 838 1172 οἱ
867 1133 1111 1186 Σαρακηνοί
1145 1134 1352 1186 λαμπρῶς
1390 1128 1632 1187 νικήσαντες
1666 1131 1742 1174 ἐπὶ

267 1196 346 1252 τήν
375 1195 606 1250 Δαμασκὸν
633 1195 834 1252 ἔρχονται
855 1198 927 1240 καί
956 1197 1117 1253 ταύτην
1137 1195 1538 1255 παραλαμβάνουσι,
1566 1199 1642 1240 καί
1665 1196 1768 1247 τὰς]

265 1261 412 1319 χώρας
441 1267 514 1319 τῆς
543 1265 767 1322 Φοινίκης,
808 1268 881 1307 καί
910 1266 1141 1316 οἰκίζονται
1171 1266 1264 1307 ἐκεῖ
1280 1282 1292 1294 ·
1351 1266 1426 1308 καί
1453 1263 1741 1320 στρατεύουσι

267 1333 360 1387 κατ’
387 1329 622 1385 Αἰγύπτου.
679 1338 971 1387 κατηγορεῖται
1000 1334 1047 1374 δὲ
1075 1331 1096 1374 ὃ
1128 1335 1278 1388 Κῦρος
1309 1333 1382 1376 ἐπὶ
1410 1335 1488 1379 τοῦ
1515 1335 1739 1387 βασιλέως,

269 1395 329 1447 ὥς
353 1395 397 1439 τὸ
424 1396 606 1452 χρυσίον
633 1399 706 1453 τῆς
731 1396 954 1452 Αἰγύπτου
979 1404 1065 1447 τοῖς
1080 1401 1341 1454 Σαρακηνοῖς
1368 1397 1480 1449 δούς.
1536 1398 1610 1442 καί
1633 1398 1740 1443 α’πο-

268 1467 432 1515 στείλας
458 1468 552 1521 μετ’
589 1465 716 1522 ὀργῆς
753 1469 906 1509 τοῦτον
941 1468 1255 1520 μετεπέμψατο.
1321 1465 1540 1523 ,Μανουὴλ
1569 1468 1617 1510 δέ
1642 1483 1739 1511 τινα

368 1615 396 1636 ι.
423 1603 465 1638 ἐν
488 1601 593 1648 τάχει
617 1615 687 1637 om.
711 1604 753 1637 A.
871 1601 1008 1638 ἑαυτοῦ
1030 1601 1116 1636 add.
1145 1614 1189 1636 ex
1211 1602 1252 1636 A.
1381 1604 1417 1638 6.
1446 1602 1488 1638 δὲ
1511 1603 1594 1637 add.
1622 1614 1666 1636 ex
1693 1604 1734 1636 A.

366 1662 418 1684 10.
443 1649 667 1693 ἄντωπῆσαι
691 1652 719 1684 Α
746 1663 765 1684 a
790 1651 816 1692 f,
842 1648 1182 1698 ἄντιπροσωπῆσαι
1217 1650 1314 1695 vulg.
1453 1661 1503 1684 12.
1524 1650 1737 1698 Ἐρμσυχθᾶ

361 1700 390 1731 Α
416 1699 440 1738 f,
464 1694 656 1745 Ἑρμουθιὶ
681 1711 712 1732 a.
792 1701 842 1743 ¹4·
870 1700 1054 1747 λαμπρῶς
1078 1697 1295 1742 νικήσαντες
1318 1697 1360 1739 Α,
1384 1697 1613 1742 κινήσαντες,
1639 1700 1736 1746 λαμ-

361 1745 468 1790 πρῶς
490 1747 586 1791 vulg.
690 1758 741 1792 ¹7.
765 1748 968 1792 ,Αἴγυπτον
994 1749 1024 1780 A
1052 1746 1076 1779 f.
1190 1748 1243 1781 18.
1273 1740 1365 1785 δοὺς
1386 1746 1416 1780 Α
1441 1757 1462 1780 a
1486 1747 1512 1790 f,
1541 1747 1558 1764 '²
1582 1747 1735 1785 διαδόν-

361 1805 424 1833 τος
447 1794 542 1840 vulg.
669 1805 720 1840 ¹9·
744 1796 823 1842 μετ’
849 1793 962 1842 ὀργῆς
991 1805 1061 1828 om.
1087 1794 1130 1828 A.

270 1916 459 1949 exercitus.
523 1915 629 1950 ambo
654 1916 785 1949 Edessa
824 1917 1018 1958 solventes,
1045 1916 1222 1950 Arabibns
1249 1922 1460 1958 occurrunt,
1486 1917 1736 1963 praeliumque

270 1965 494 1996 commissum
514 1971 568 1998 est
592 1966 671 2010 ipso
698 1965 811 2009 primo
830 1965 902 2005 die,
928 1966 990 2010 qui
1016 1965 1086 1998 fuit
1109 1964 1350 1998 hebdomadis
1375 1966 1513 2005 tertius,
1539 1965 1622 1998 Iulii
1652 1976 1735 1997 vero

268 2012 400 2044 mensis
436 2012 566 2045 tertius
602 2023 642 2045 ac
666 2013 881 2054 vicesimus,
916 2024 989 2057 quo
1020 2012 1199 2045 sacellarii
1232 2012 1326 2045 acies
1362 2013 1509 2045 omnino
1535 2012 1734 2057 profligata.

268 2059 396 2092 Baanis
421 2071 504 2092 vero
533 2060 688 2100 milites,
727 2061 841 2093 Baane
876 2061 915 2093 in
948 2061 1201 2105 imperatorem
1224 2058 1419 2100 subvecto,
1448 2059 1647 2092 Heraclium
1676 2071 1735 2092 re-

268 2112 415 2151 spuunt.
466 2107 530 2139 sub
555 2107 593 2140 id
617 2114 759 2152 tempus
779 2108 963 2141 sacellarii.
992 2108 1120 2152 copiae
1147 2107 1270 2140 castris
1297 2106 1507 2145 discessere,
1534 2118 1607 2152 qua
1633 2119 1737 2140 ocea-

269 2156 373 2187 sione
391 2154 576 2187 Saracenis
602 2154 738 2196 oblata,
763 2156 941 2200 praelium
965 2155 1009 2188 ab
1038 2156 1088 2188 eis
1107 2154 1318 2188 conseritur.
1367 2153 1495 2187 validis
1523 2160 1644 2188 autem
1669 2155 1736 2187 ssa-

253 2201 367 2234 -tibus
393 2201 431 2234 in
457 2202 696 2235 Romanorum
735 2203 865 2236 faciem
903 2209 1013 2236 vento
1047 2207 1135 2235 noto
1162 2202 1337 2246 spirante,
1372 2207 1547 2248 motoque
1573 2207 1611 2235 et
1636 2202 1734 2236 elato

268 2261 335 2294 per
358 2253 475 2283 aerem
503 2250 664 2294 pulvere,
692 2250 807 2294 ipsam
834 2250 999 2284 hostibus
1027 2250 1064 2282 in
1080 2249 1217 2294 praelio
1238 2249 1322 2282 dare
1345 2260 1421 2282 non
1446 2249 1627 2291 valebant,
1652 2262 1734 2283 suc-

269 2297 445 2330 cumbunt
483 2308 559 2329 eam
598 2297 644 2329 ob
670 2308 766 2338 rem,
803 2303 840 2331 et
864 2298 1003 2343 praelio
1031 2297 1182 2338 cedunt,
1216 2303 1293 2330 turn
1317 2307 1401 2330 vero
1427 2298 1565 2342 seipsos
1590 2298 1629 2331 in
1658 2299 1733 2331 Ier-

267 2344 460 2378 mochthae
485 2344 644 2377 fluminis
669 2345 848 2389 angustias
883 2345 1184 2391 praecipitantes,
1222 2344 1300 2376 iilic
1325 2355 1450 2378 omnes
1479 2346 1556 2378 fere
1581 2345 1733 2390 periere.

267 2391 420 2426 aderant
445 2391 587 2437 utrique
621 2391 704 2424 duci
733 2393 858 2437 copiae
882 2392 1069 2426 hominum
1094 2390 1331 2436 quadraginta
1360 2393 1514 2426 millium
1543 2404 1733 2426 numerum

266 2439 475 2474 conflantes.
504 2439 672 2472 Saraceni
697 2440 804 2472 motis
828 2439 915 2473 inde
941 2441 1076 2481 castris,
1094 2440 1307 2472 Damascum
1333 2439 1428 2473 bene
1444 2441 1644 2485 composito
1669 2452 1734 2473 ex-

265 2488 377 2521 ercitu
395 2486 661 2532 aggrediuntur,
679 2492 715 2520 et
731 2487 891 2533 capiunt,
908 2499 974 2521 nec
991 2499 1065 2521 non
1084 2487 1297 2521 phoeniciae
1313 2488 1524 2532 provincias,
1546 2489 1586 2521 in
1603 2487 1736 2534 quibus

264 2535 430 2580 proprias
457 2535 526 2568 sibi
563 2533 665 2567 sedes
702 2535 949 2575 constituunt,
986 2541 1022 2568 et
1054 2545 1139 2567 mox
1174 2535 1211 2567 in
1235 2536 1438 2580 Aegyptum
1464 2535 1734 2581 expeditionem

265 2583 477 2616 moliuntur.
527 2582 672 2615 interim
699 2582 808 2624 Cyrus
837 2581 935 2626 apud
957 2582 1209 2627 imperatorem
1229 2588 1427 2624 accusatur,
1456 2582 1555 2629 quod
1579 2583 1734 2627 Aegypti

265 2641 352 2675 opes
382 2630 567 2663 Saracenis
593 2628 764 2663 dedisset.
814 2629 861 2662 im
893 2635 1012 2663 erator
1036 2631 1089 2663 ira
1109 2631 1289 2671 incensus,
1315 2631 1415 2664 misit
1441 2631 1503 2677 qui
1527 2631 1646 2676 ipsum
1671 2642 1733 2663 ac-

264 2683 438 2718 cerseret,
465 2683 501 2711 et
526 2677 730 2711 Manuelem
753 2688 851 2722 quen
880 2688 937 2711 am
963 2678 1168 2711 Armenium
1197 2689 1326 2722 genere
1352 2677 1534 2722 delegavit
1561 2683 1731 2722 augusta-

264 2723 350 2758 lem.
401 2725 548 2758 evoluto
578 2725 748 2771 temporis
777 2725 907 2771 spatio,
924 2725 1183 2759 Saracenorum
1204 2732 1391 2760 exactores
1418 2725 1623 2769 colligendo
1651 2725 1730 2757 auri

263 2771 445 2819 stipendio
474 2772 642 2815 adfuere,
679 2784 769 2819 quos
795 2772 943 2807 Manuel
969 2785 1004 2807 re
1040 2773 1176 2808 infecta
1214 2785 1294 2807 cum
1321 2772 1531 2808 huiusmodi
1558 2772 1675 2807 verbis
1707 2784 1726 2805 a
