<?xml version="1.0" encoding="UTF-8"?>
<!DOCTYPE html PUBLIC "-//W3C//DTD XHTML 1.0 Transitional//EN"
    "http://www.w3.org/TR/xhtml1/DTD/xhtml1-transitional.dtd">
<html xmlns="http://www.w3.org/1999/xhtml" xml:lang="en" lang="en">
 <head>
  <title>
</title>
<meta http-equiv="Content-Type" content="text/html;charset=utf-8" />
  <meta name='ocr-system' content='tesseract 3.04.00' />
  <meta name='ocr-capabilities' content='ocr_page ocr_carea ocr_par ocr_line ocrx_word'/>
</head>
<body>
  <div class='ocr_page' id='page_1' title='image "./corpusscriptorum46niebuoft_0764.png"; bbox 0 0 1768 3106; ppageno 0'>
   <div class='ocr_carea' id='block_1_1' title="bbox 262 139 1180 217">
    <p class='ocr_par' dir='ltr' id='par_1_1' title="bbox 262 139 1180 217">
     <span class='ocr_line' id='line_1_1' title="bbox 262 139 1180 217; baseline 0.003 -15"><span class='ocrx_word' id='word_1_1' title='bbox 262 139 374 217; x_wconf 72' lang='lat'><strong>704</strong></span> <span class='ocrx_word' id='word_1_2' title='bbox 829 161 1180 206; x_wconf 73' lang='lat' dir='ltr'><strong>TimoPnANis</strong></span> 
     </span>
    </p>
   </div>
   <div class='ocr_carea' id='block_1_2' title="bbox 125 260 1768 1610">
    <p class='ocr_par' dir='ltr' id='par_1_2' title="bbox 125 260 1768 1610">
     <span class='ocr_line' id='line_1_2' title="bbox 257 260 1752 322; baseline 0.003 -18"><span class='ocrx_word' id='word_1_3' title='bbox 257 261 483 305; x_wconf 74' lang='grc' dir='ltr'><em>ἀπέδωκαν</em></span> <span class='ocrx_word' id='word_1_4' title='bbox 500 260 631 306; x_wconf 69' lang='grc' dir='ltr'><em>αὐτὸν</em></span> <span class='ocrx_word' id='word_1_5' title='bbox 650 260 691 305; x_wconf 83' lang='grc' dir='ltr'><strong>οἱ</strong></span> <span class='ocrx_word' id='word_1_6' title='bbox 709 263 888 307; x_wconf 77' lang='grc' dir='ltr'><em>Σικελοί.</em></span> <span class='ocrx_word' id='word_1_7' title='bbox 919 265 946 320; x_wconf 81' lang='grc' dir='ltr'><em>ἦ</em></span> <span class='ocrx_word' id='word_1_8' title='bbox 978 266 1026 307; x_wconf 77' lang='grc' dir='ltr'><strong>δὲ</strong></span> <span class='ocrx_word' id='word_1_9' title='bbox 1042 264 1118 320; x_wconf 73' lang='grc' dir='ltr'><em>την</em></span> <span class='ocrx_word' id='word_1_10' title='bbox 1132 270 1313 321; x_wconf 78' lang='grc' dir='ltr'><em>γυναῖκα</em></span> <span class='ocrx_word' id='word_1_11' title='bbox 1331 266 1465 309; x_wconf 74' lang='grc' dir='ltr'><em>αὕτοῦ</em></span> <span class='ocrx_word' id='word_1_12' title='bbox 1483 266 1662 322; x_wconf 76' lang='grc' dir='ltr'><em>δείρασα</em></span> <span class='ocrx_word' id='word_1_13' title='bbox 1680 263 1752 308; x_wconf 81' lang='grc' dir='ltr'><em>καὶ</em></span> 
     </span>
     <span class='ocr_line' id='line_1_3' title="bbox 259 329 1750 393; baseline 0.003 -24"><span class='ocrx_word' id='word_1_14' title='bbox 259 329 532 384; x_wconf 76' lang='grc' dir='ltr'><em>κουρεύσασα</em></span> <span class='ocrx_word' id='word_1_15' title='bbox 571 329 654 373; x_wconf 85' lang='grc' dir='ltr'><em>σύν</em></span> <span class='ocrx_word' id='word_1_16' title='bbox 694 335 785 380; x_wconf 86' lang='grc' dir='ltr'><em>τοῖς</em></span> <span class='ocrx_word' id='word_1_17' title='bbox 823 331 934 382; x_wconf 82' lang='grc' dir='ltr'><em>υἱοῖς</em></span> <span class='ocrx_word' id='word_1_18' title='bbox 966 335 1028 391; x_wconf 74' lang='grc' dir='ltr'><strong>τῷ</strong></span> <span class='ocrx_word' id='word_1_19' title='bbox 1066 335 1317 393; x_wconf 74' lang='grc' dir='ltr'><em>πραιτωρίῳ</em></span> <span class='ocrx_word' id='word_1_20' title='bbox 1354 336 1636 389; x_wconf 81' lang='grc' dir='ltr'><strong><em>παρέπεμψεν</em></strong></span> <span class='ocrx_word' id='word_1_21' title='bbox 1665 349 1750 390; x_wconf 84' lang='grc' dir='ltr'><strong>φυ-</strong></span> 
     </span>
     <span class='ocr_line' id='line_1_4' title="bbox 258 396 1750 458; baseline 0.002 -19"><span class='ocrx_word' id='word_1_22' title='bbox 258 396 500 440; x_wconf 71' lang='grc' dir='ltr'><em>λάττεσθαι.</em></span> <span class='ocrx_word' id='word_1_23' title='bbox 530 397 589 456; x_wconf 73' lang='grc' dir='ltr'><strong>τῷ</strong></span> <span class='ocrx_word' id='word_1_24' title='bbox 620 399 668 440; x_wconf 72' lang='grc' dir='ltr'><strong>δὲ</strong></span> <span class='ocrx_word' id='word_1_25' title='bbox 700 398 859 458; x_wconf 73' lang='grc' dir='ltr'><em>’[ουνίῳ</em></span> <span class='ocrx_word' id='word_1_26' title='bbox 889 402 995 455; x_wconf 69' lang='grc' dir='ltr'><em>μηνί</em></span> <span class='ocrx_word' id='word_1_27' title='bbox 1021 400 1270 443; x_wconf 72' lang='grc' dir='ltr'><em>ἀπέστειλεν</em></span> <span class='ocrx_word' id='word_1_28' title='bbox 1293 398 1431 444; x_wconf 78' lang='grc' dir='ltr'><em>πάντα</em></span> <span class='ocrx_word' id='word_1_29' title='bbox 1460 399 1511 444; x_wconf 75' lang='grc' dir='ltr'><strong>τὰ</strong></span> <span class='ocrx_word' id='word_1_30' title='bbox 1542 399 1750 456; x_wconf 79' lang='grc' dir='ltr'><em>περατικιὶ</em></span> 
     </span>
     <span class='ocr_line' id='line_1_5' title="bbox 257 463 1750 526; baseline 0.001 -20"><span class='ocrx_word' id='word_1_31' title='bbox 257 467 431 518; x_wconf 73' lang='grc' dir='ltr'><em>θέματα</em></span> <span class='ocrx_word' id='word_1_32' title='bbox 458 466 519 515; x_wconf 86' lang='grc' dir='ltr'><em>εἰς</em></span> <span class='ocrx_word' id='word_1_33' title='bbox 544 466 623 514; x_wconf 82' lang='grc' dir='ltr'><em>τοὶς</em></span> <span class='ocrx_word' id='word_1_34' title='bbox 650 463 904 521; x_wconf 75' lang='grc' dir='ltr'><em>κλεισοῦρας</em></span> <span class='ocrx_word' id='word_1_35' title='bbox 937 467 1170 524; x_wconf 77' lang='grc' dir='ltr'><em>φυλάττειν</em></span> <span class='ocrx_word' id='word_1_36' title='bbox 1207 468 1280 511; x_wconf 75' lang='grc' dir='ltr'><em>καί</em></span> <span class='ocrx_word' id='word_1_37' title='bbox 1306 470 1521 526; x_wconf 80' lang='grc' dir='ltr'><em>ἐπιτηρεῖν</em></span> <span class='ocrx_word' id='word_1_38' title='bbox 1551 467 1629 525; x_wconf 70' lang='grc' dir='ltr'><em>τὴν</em></span> <span class='ocrx_word' id='word_1_39' title='bbox 1654 466 1750 519; x_wconf 71' lang='grc' dir='ltr'><em>ἔξο-</em></span> 
     </span>
     <span class='ocr_line' id='line_1_6' title="bbox 260 527 1768 593; baseline 0.003 -20"><span class='ocrx_word' id='word_1_40' title='bbox 260 534 334 575; x_wconf 77' lang='grc' dir='ltr'><em>δον</em></span> <span class='ocrx_word' id='word_1_41' title='bbox 363 536 448 575; x_wconf 78' lang='grc' dir='ltr'><em>τῶν</em></span> <span class='ocrx_word' id='word_1_42' title='bbox 471 527 697 587; x_wconf 79' lang='grc' dir='ltr'><em>Ἀράβων,</em></span> <span class='ocrx_word' id='word_1_43' title='bbox 737 532 1009 589; x_wconf 80' lang='grc' dir='ltr'><em>έπιστήσασα</em></span> <span class='ocrx_word' id='word_1_44' title='bbox 1052 534 1199 586; x_wconf 73' lang='grc' dir='ltr'><em>αὐτοῖς</em></span> <span class='ocrx_word' id='word_1_45' title='bbox 1237 534 1429 593; x_wconf 77' lang='grc' dir='ltr'><em>κεφαλήν</em></span> <span class='ocrx_word' id='word_1_46' title='bbox 1454 535 1648 591; x_wconf 73' lang='grc' dir='ltr'><em>Ἰωάννην</em></span> <span class='ocrx_word' id='word_1_47' title='bbox 1677 534 1768 582; x_wconf 70' lang='grc' dir='ltr'><em>τὸνε</em></span> 
     </span>
     <span class='ocr_line' id='line_1_7' title="bbox 212 595 1754 662; baseline 0.003 -18"><span class='ocrx_word' id='word_1_48' title='bbox 212 598 537 657; x_wconf 79' lang='grc' dir='ltr'><em>Βσακελλάριον</em></span> <span class='ocrx_word' id='word_1_49' title='bbox 575 601 783 656; x_wconf 75' lang='grc' dir='ltr'><em>ειῖνοῦχον</em></span> <span class='ocrx_word' id='word_1_50' title='bbox 812 595 915 645; x_wconf 76' lang='grc' dir='ltr'><em>ὄντα</em></span> <span class='ocrx_word' id='word_1_51' title='bbox 942 604 1016 645; x_wconf 87' lang='grc' dir='ltr'><em>καί</em></span> <span class='ocrx_word' id='word_1_52' title='bbox 1055 602 1263 647; x_wconf 84' lang='grc' dir='ltr'><em>οἰκειακὸν</em></span> <span class='ocrx_word' id='word_1_53' title='bbox 1289 604 1433 662; x_wconf 74' lang='grc' dir='ltr'><em>αὐτῆς.</em></span> <span class='ocrx_word' id='word_1_54' title='bbox 1493 603 1516 647; x_wconf 84' lang='grc' dir='ltr'><strong><em>ὅ</em></strong></span> <span class='ocrx_word' id='word_1_55' title='bbox 1546 606 1594 647; x_wconf 77' lang='grc' dir='ltr'><strong>δὲ</strong></span> <span class='ocrx_word' id='word_1_56' title='bbox 1622 606 1754 648; x_wconf 65' lang='lat' dir='ltr'><strong>Made</strong></span> 
     </span>
     <span class='ocr_line' id='line_1_8' title="bbox 259 666 1753 728; baseline 0.003 -18"><span class='ocrx_word' id='word_1_57' title='bbox 259 668 508 711; x_wconf 83' lang='grc' dir='ltr'><em>α’πέστειλεν</em></span> <span class='ocrx_word' id='word_1_58' title='bbox 547 666 698 723; x_wconf 71' lang='grc' dir='ltr'><em>Κεβὴρ</em></span> <span class='ocrx_word' id='word_1_59' title='bbox 737 667 849 722; x_wconf 79' lang='grc' dir='ltr'><em>μετά</em></span> <span class='ocrx_word' id='word_1_60' title='bbox 893 668 1117 724; x_wconf 77' lang='grc' dir='ltr'><em>δυνάμεως</em></span> <span class='ocrx_word' id='word_1_61' title='bbox 1158 672 1342 728; x_wconf 79' lang='grc' dir='ltr'><em>πολλῆς,</em></span> <span class='ocrx_word' id='word_1_62' title='bbox 1381 671 1457 715; x_wconf 83' lang='grc' dir='ltr'>καί</span> <span class='ocrx_word' id='word_1_63' title='bbox 1487 673 1753 715; x_wconf 76' lang='grc' dir='ltr'><em>συναντῶσιν</em></span> 
     </span>
     <span class='ocr_line' id='line_1_9' title="bbox 258 733 1753 797; baseline 0.001 -20"><span class='ocrx_word' id='word_1_64' title='bbox 258 733 456 791; x_wconf 83' lang='grc' dir='ltr'><em>α’λλὴλοις</em></span> <span class='ocrx_word' id='word_1_65' title='bbox 498 736 545 779; x_wconf 87' lang='grc' dir='ltr'><em>έν</em></span> <span class='ocrx_word' id='word_1_66' title='bbox 585 735 698 794; x_wconf 78' lang='grc' dir='ltr'><em>τόπῳ</em></span> <span class='ocrx_word' id='word_1_67' title='bbox 741 738 951 796; x_wconf 77' lang='grc' dir='ltr'><strong>λεγομένῳ</strong></span> <span class='ocrx_word' id='word_1_68' title='bbox 988 739 1145 797; x_wconf 78' lang='grc' dir='ltr'><em>Μήλῳ.</em></span> <span class='ocrx_word' id='word_1_69' title='bbox 1217 741 1293 782; x_wconf 78' lang='grc' dir='ltr'>καί</span> <span class='ocrx_word' id='word_1_70' title='bbox 1318 742 1596 796; x_wconf 72' lang='grc' dir='ltr'><em>κροτηθέντος</em></span> <span class='ocrx_word' id='word_1_71' title='bbox 1624 744 1753 783; x_wconf 83' lang='grc' dir='ltr'><em>πολέ-</em></span> 
     </span>
     <span class='ocr_line' id='line_1_10' title="bbox 258 799 1753 862; baseline 0.003 -17"><span class='ocrx_word' id='word_1_72' title='bbox 258 818 369 857; x_wconf 86' lang='grc' dir='ltr'><em>μου,</em></span> <span class='ocrx_word' id='word_1_73' title='bbox 396 802 610 859; x_wconf 79' lang='grc' dir='ltr'><strong>ἡττῶνται</strong></span> <span class='ocrx_word' id='word_1_74' title='bbox 645 803 683 846; x_wconf 88' lang='grc' dir='ltr'><strong>οὶ</strong></span> <span class='ocrx_word' id='word_1_75' title='bbox 703 799 920 862; x_wconf 72' lang='grc' dir='ltr'><em>”Αραβες,</em></span> <span class='ocrx_word' id='word_1_76' title='bbox 969 808 1043 849; x_wconf 83' lang='grc' dir='ltr'>καί</span> <span class='ocrx_word' id='word_1_77' title='bbox 1079 808 1309 850; x_wconf 78' lang='grc' dir='ltr'>κτείνονται</span> <span class='ocrx_word' id='word_1_78' title='bbox 1344 808 1390 859; x_wconf 79' lang='grc' dir='ltr'><strong>ἐξ</strong></span> <span class='ocrx_word' id='word_1_79' title='bbox 1421 808 1563 850; x_wconf 63' lang='grc' dir='ltr'><em>αὐτῶν</em></span> <span class='ocrx_word' id='word_1_80' title='bbox 1589 811 1753 861; x_wconf 71' lang='grc' dir='ltr'><em>πολλοί,</em></span> 
     </span>
     <span class='ocr_line' id='line_1_11' title="bbox 260 868 1751 930; baseline 0.003 -17"><span class='ocrx_word' id='word_1_81' title='bbox 260 871 335 914; x_wconf 82' lang='grc' dir='ltr'>καί</span> <span class='ocrx_word' id='word_1_82' title='bbox 363 870 641 927; x_wconf 73' lang='grc' dir='ltr'><strong>ὑπέστρεψαν</strong></span> <span class='ocrx_word' id='word_1_83' title='bbox 667 875 762 925; x_wconf 84' lang='grc' dir='ltr'><em>μετ’</em></span> <span class='ocrx_word' id='word_1_84' title='bbox 793 871 1014 929; x_wconf 78' lang='grc' dir='ltr'><em>αἰσχύνης.</em></span> <span class='ocrx_word' id='word_1_85' title='bbox 1073 868 1256 930; x_wconf 72' lang='grc' dir='ltr'><em>ἤρξαντο</em></span> <span class='ocrx_word' id='word_1_86' title='bbox 1278 876 1326 918; x_wconf 81' lang='grc' dir='ltr'><strong>δὲ</strong></span> <span class='ocrx_word' id='word_1_87' title='bbox 1353 873 1393 918; x_wconf 81' lang='grc' dir='ltr'><strong>οἱ</strong></span> <span class='ocrx_word' id='word_1_88' title='bbox 1423 874 1614 929; x_wconf 72' lang='grc' dir='ltr'><strong>εὐσεβεῖς</strong></span> <span class='ocrx_word' id='word_1_89' title='bbox 1642 892 1751 930; x_wconf 81' lang='grc' dir='ltr'><em>παρ-</em></span> 
     </span>
     <span class='ocr_line' id='line_1_12' title="bbox 260 937 1750 999; baseline 0.003 -18"><span class='ocrx_word' id='word_1_90' title='bbox 260 937 573 996; x_wconf 77' lang='grc' dir='ltr'><em>ρησιάζεσθαι,</em></span> <span class='ocrx_word' id='word_1_91' title='bbox 603 940 679 982; x_wconf 81' lang='grc' dir='ltr'><strong><em>καί</em></strong></span> <span class='ocrx_word' id='word_1_92' title='bbox 705 939 728 981; x_wconf 81' lang='grc' dir='ltr'><strong><em>ὖ</em></strong></span> <span class='ocrx_word' id='word_1_93' title='bbox 760 939 883 996; x_wconf 78' lang='grc' dir='ltr'><em>λόγος</em></span> <span class='ocrx_word' id='word_1_94' title='bbox 911 944 989 984; x_wconf 83' lang='grc' dir='ltr'><strong>τοῦ</strong></span> <span class='ocrx_word' id='word_1_95' title='bbox 1019 945 1128 985; x_wconf 80' lang='grc' dir='ltr'><em>θεοῦ</em></span> <span class='ocrx_word' id='word_1_96' title='bbox 1154 941 1467 999; x_wconf 72' lang='grc' dir='ltr'><em>πλατύνεσθαι,</em></span> <span class='ocrx_word' id='word_1_97' title='bbox 1497 945 1570 986; x_wconf 85' lang='grc' dir='ltr'>καί</span> <span class='ocrx_word' id='word_1_98' title='bbox 1601 940 1642 986; x_wconf 82' lang='grc' dir='ltr'><strong>οἱ</strong></span> <span class='ocrx_word' id='word_1_99' title='bbox 1672 945 1750 986; x_wconf 76' lang='grc' dir='ltr'><strong>θέ-</strong></span> 
     </span>
     <span class='ocr_line' id='line_1_13' title="bbox 260 1007 1751 1067; baseline 0.003 -18"><span class='ocrx_word' id='word_1_100' title='bbox 260 1011 403 1058; x_wconf 82' lang='grc' dir='ltr'><em>λοντες</em></span> <span class='ocrx_word' id='word_1_101' title='bbox 438 1009 636 1063; x_wconf 74' lang='grc' dir='ltr'><em>σωθῆναι</em></span> <span class='ocrx_word' id='word_1_102' title='bbox 676 1007 1022 1066; x_wconf 80' lang='grc' dir='ltr'><em>α’ποτοὶσσεσθαι,</em></span> <span class='ocrx_word' id='word_1_103' title='bbox 1075 1012 1152 1054; x_wconf 83' lang='grc' dir='ltr'><strong><em>καί</em></strong></span> <span class='ocrx_word' id='word_1_104' title='bbox 1190 1008 1218 1067; x_wconf 83' lang='grc' dir='ltr'><em>ἦ</em></span> <span class='ocrx_word' id='word_1_105' title='bbox 1271 1012 1492 1066; x_wconf 80' lang='grc' dir='ltr'><em>δοξολογιά</em></span> <span class='ocrx_word' id='word_1_106' title='bbox 1526 1012 1604 1053; x_wconf 83' lang='grc' dir='ltr'><strong>τοῦ</strong></span> <span class='ocrx_word' id='word_1_107' title='bbox 1643 1012 1751 1053; x_wconf 80' lang='grc' dir='ltr'><em>θεοῦ</em></span> 
     </span>
     <span class='ocr_line' id='line_1_14' title="bbox 259 1074 1751 1134; baseline 0.004 -18"><span class='ocrx_word' id='word_1_108' title='bbox 259 1074 500 1130; x_wconf 75' lang='grc' dir='ltr'><em>ὑψοῦσθαι,</em></span> <span class='ocrx_word' id='word_1_109' title='bbox 530 1078 605 1117; x_wconf 76' lang='grc' dir='ltr'><em>καί</em></span> <span class='ocrx_word' id='word_1_110' title='bbox 630 1074 684 1118; x_wconf 77' lang='grc' dir='ltr'><strong>τὰ</strong></span> <span class='ocrx_word' id='word_1_111' title='bbox 722 1078 994 1132; x_wconf 83' lang='grc' dir='ltr'><em>μοναστὴρια</em></span> <span class='ocrx_word' id='word_1_112' title='bbox 1030 1077 1344 1134; x_wconf 77' lang='grc' dir='ltr'><em>α’ναρρύεσθαι,</em></span> <span class='ocrx_word' id='word_1_113' title='bbox 1375 1080 1448 1121; x_wconf 83' lang='grc' dir='ltr'>καί</span> <span class='ocrx_word' id='word_1_114' title='bbox 1470 1080 1555 1121; x_wconf 81' lang='grc' dir='ltr'><em>πᾶν</em></span> <span class='ocrx_word' id='word_1_115' title='bbox 1583 1077 1751 1133; x_wconf 79' lang='grc' dir='ltr'><em>α’γαθὸν</em></span> 
     </span>
     <span class='ocr_line' id='line_1_15' title="bbox 260 1144 1748 1205; baseline 0.003 -21"><span class='ocrx_word' id='word_1_116' title='bbox 260 1144 578 1199; x_wconf 79' lang='grc' dir='ltr'><em>φανεροῦσθαι.</em></span> <span class='ocrx_word' id='word_1_117' title='bbox 619 1144 666 1186; x_wconf 81' lang='grc' dir='ltr'><em>έν</em></span> <span class='ocrx_word' id='word_1_118' title='bbox 694 1146 796 1199; x_wconf 84' lang='grc' dir='ltr'><em>γοῦν</em></span> <span class='ocrx_word' id='word_1_119' title='bbox 818 1144 961 1204; x_wconf 61' lang='grc' dir='ltr'><strong>1’τούτῳ</strong></span> <span class='ocrx_word' id='word_1_120' title='bbox 992 1147 1051 1204; x_wconf 75' lang='grc' dir='ltr'><strong>τῷ</strong></span> <span class='ocrx_word' id='word_1_121' title='bbox 1078 1144 1218 1205; x_wconf 78' lang='grc' dir='ltr'><em>χρόνῳ</em></span> <span class='ocrx_word' id='word_1_122' title='bbox 1249 1148 1294 1189; x_wconf 87' lang='grc' dir='ltr'><em>έν</em></span> <span class='ocrx_word' id='word_1_123' title='bbox 1323 1152 1411 1197; x_wconf 80' lang='grc' dir='ltr'><em>τοῖς</em></span> <span class='ocrx_word' id='word_1_124' title='bbox 1435 1148 1637 1201; x_wconf 68' lang='grc' dir='ltr'><em>ΠΙακροῖς</em></span> <span class='ocrx_word' id='word_1_125' title='bbox 1665 1149 1748 1189; x_wconf 83' lang='grc' dir='ltr'><em>τεί-</em></span> 
     </span>
     <span class='ocr_line' id='line_1_16' title="bbox 125 1207 1768 1271; baseline 0.004 -20"><span class='ocrx_word' id='word_1_126' title='bbox 125 1224 159 1257; x_wconf 73' lang='lat' dir='ltr'><strong>p,</strong></span> <span class='ocrx_word' id='word_1_127' title='bbox 178 1224 245 1270; x_wconf 68' lang='lat'><strong>384</strong></span> <span class='ocrx_word' id='word_1_128' title='bbox 259 1225 356 1265; x_wconf 83' lang='grc' dir='ltr'><em>χεσι</em></span> <span class='ocrx_word' id='word_1_129' title='bbox 380 1212 456 1266; x_wconf 75' lang='grc' dir='ltr'><strong>τῆς</strong></span> <span class='ocrx_word' id='word_1_130' title='bbox 486 1208 658 1269; x_wconf 73' lang='grc' dir='ltr'><em>Θρᾴκης</em></span> <span class='ocrx_word' id='word_1_131' title='bbox 688 1207 919 1268; x_wconf 70' lang='grc' dir='ltr'><em>ἄνθρωπός</em></span> <span class='ocrx_word' id='word_1_132' title='bbox 948 1229 1014 1263; x_wconf 84' lang='grc' dir='ltr'><strong>τις</strong></span> <span class='ocrx_word' id='word_1_133' title='bbox 1045 1214 1240 1268; x_wconf 78' lang='grc' dir='ltr'><em>ὀρύττων</em></span> <span class='ocrx_word' id='word_1_134' title='bbox 1277 1209 1401 1271; x_wconf 78' lang='grc' dir='ltr'><em>εὗρεν</em></span> <span class='ocrx_word' id='word_1_135' title='bbox 1427 1212 1646 1270; x_wconf 77' lang='grc' dir='ltr'><em>λάρνακα,</em></span> <span class='ocrx_word' id='word_1_136' title='bbox 1675 1216 1768 1257; x_wconf 71' lang='grc' dir='ltr'><em>καί]</em></span> 
     </span>
     <span class='ocr_line' id='line_1_17' title="bbox 259 1276 1749 1338; baseline 0.002 -17"><span class='ocrx_word' id='word_1_137' title='bbox 259 1280 408 1322; x_wconf 80' lang='grc' dir='ltr'><em>τοῦτον</em></span> <span class='ocrx_word' id='word_1_138' title='bbox 443 1278 728 1336; x_wconf 78' lang='grc' dir='ltr'><em>α’ποκαθάρας</em></span> <span class='ocrx_word' id='word_1_139' title='bbox 757 1280 831 1323; x_wconf 82' lang='grc' dir='ltr'><em>καί</em></span> <span class='ocrx_word' id='word_1_140' title='bbox 860 1282 1176 1337; x_wconf 78' lang='grc' dir='ltr'><em>αἠοσκεπάσας,</em></span> <span class='ocrx_word' id='word_1_141' title='bbox 1208 1276 1334 1338; x_wconf 68' lang='grc' dir='ltr'><em>εὗρεν</em></span> <span class='ocrx_word' id='word_1_142' title='bbox 1371 1277 1509 1338; x_wconf 70' lang='grc' dir='ltr'><em>ἄνδρα</em></span> <span class='ocrx_word' id='word_1_143' title='bbox 1544 1283 1749 1336; x_wconf 64' lang='grc' dir='ltr'><em>κειζιιενον,</em></span> 
     </span>
     <span class='ocr_line' id='line_1_18' title="bbox 260 1345 1748 1410; baseline 0.003 -22"><span class='ocrx_word' id='word_1_144' title='bbox 260 1345 336 1388; x_wconf 78' lang='grc' dir='ltr'><em>καὶ</em></span> <span class='ocrx_word' id='word_1_145' title='bbox 373 1346 606 1403; x_wconf 79' lang='grc' dir='ltr'><em>γράμματα</em></span> <span class='ocrx_word' id='word_1_146' title='bbox 637 1351 932 1403; x_wconf 86' lang='grc' dir='ltr'><em>κεκολαμμένα</em></span> <span class='ocrx_word' id='word_1_147' title='bbox 961 1351 1007 1392; x_wconf 86' lang='grc' dir='ltr'><em>έν</em></span> <span class='ocrx_word' id='word_1_148' title='bbox 1045 1351 1106 1410; x_wconf 69' lang='grc' dir='ltr'><strong>τῷ</strong></span> <span class='ocrx_word' id='word_1_149' title='bbox 1134 1351 1311 1407; x_wconf 82' lang='grc' dir='ltr'><em>λάρνακι</em></span> <span class='ocrx_word' id='word_1_150' title='bbox 1340 1353 1595 1405; x_wconf 86' lang='grc' dir='ltr'><em>περιέχοντα</em></span> <span class='ocrx_word' id='word_1_151' title='bbox 1623 1349 1748 1392; x_wconf 72' lang='grc' dir='ltr'><em>τάδε·</em></span> 
     </span>
     <span class='ocr_line' id='line_1_19' title="bbox 262 1414 1747 1475; baseline 0 -18"><span class='ocrx_word' id='word_1_152' title='bbox 262 1414 451 1471; x_wconf 83' lang='grc' dir='ltr'><em>Χριστὸς</em></span> <span class='ocrx_word' id='word_1_153' title='bbox 488 1417 633 1470; x_wconf 83' lang='grc' dir='ltr'><em>μέλλει</em></span> <span class='ocrx_word' id='word_1_154' title='bbox 660 1419 896 1472; x_wconf 77' lang='grc' dir='ltr'><em>γεννᾶσθαι</em></span> <span class='ocrx_word' id='word_1_155' title='bbox 930 1420 975 1461; x_wconf 88' lang='grc' dir='ltr'><strong>έκ</strong></span> <span class='ocrx_word' id='word_1_156' title='bbox 1005 1418 1189 1475; x_wconf 71' lang='grc' dir='ltr'><em>ΙΙΊαρίας</em></span> <span class='ocrx_word' id='word_1_157' title='bbox 1218 1421 1290 1475; x_wconf 77' lang='grc' dir='ltr'><strong>τῆς</strong></span> <span class='ocrx_word' id='word_1_158' title='bbox 1310 1420 1543 1473; x_wconf 73' lang='grc' dir='ltr'><em>παρθένου,</em></span> <span class='ocrx_word' id='word_1_159' title='bbox 1571 1419 1648 1460; x_wconf 84' lang='grc' dir='ltr'><em>καί</em></span> <span class='ocrx_word' id='word_1_160' title='bbox 1675 1434 1747 1459; x_wconf 81' lang='lat' dir='ltr'><strong>m-</strong></span> 
     </span>
     <span class='ocr_line' id='line_1_20' title="bbox 202 1479 1746 1543; baseline 0.003 -19"><span class='ocrx_word' id='word_1_161' title='bbox 202 1479 207 1486; x_wconf 77' lang='grc'>’</span> <span class='ocrx_word' id='word_1_162' title='bbox 259 1482 397 1525; x_wconf 52' lang='lat' dir='ltr'><strong>‹nebo›</strong></span> <span class='ocrx_word' id='word_1_163' title='bbox 424 1485 485 1534; x_wconf 82' lang='grc' dir='ltr'><em>εἰς</em></span> <span class='ocrx_word' id='word_1_164' title='bbox 518 1484 661 1527; x_wconf 74' lang='grc' dir='ltr'><em>αὐτόν.</em></span> <span class='ocrx_word' id='word_1_165' title='bbox 711 1487 784 1528; x_wconf 72' lang='grc' dir='ltr'><strong>ἐπὶ</strong></span> <span class='ocrx_word' id='word_1_166' title='bbox 813 1487 860 1528; x_wconf 78' lang='grc' dir='ltr'><strong>δὲ</strong></span> <span class='ocrx_word' id='word_1_167' title='bbox 885 1489 1211 1530; x_wconf 84' lang='grc' dir='ltr'><em>Κωνσταντιίὀυ</em></span> <span class='ocrx_word' id='word_1_168' title='bbox 1240 1489 1315 1530; x_wconf 78' lang='grc' dir='ltr'><em>καί</em></span> <span class='ocrx_word' id='word_1_169' title='bbox 1339 1485 1522 1543; x_wconf 66' lang='grc' dir='ltr'><em>Εἰρήνης</em></span> <span class='ocrx_word' id='word_1_170' title='bbox 1552 1488 1634 1530; x_wconf 77' lang='grc' dir='ltr'><em>τῶν</em></span> <span class='ocrx_word' id='word_1_171' title='bbox 1661 1490 1746 1542; x_wconf 83' lang='grc' dir='ltr'><em>βα-</em></span> 
     </span>
     <span class='ocr_line' id='line_1_21' title="bbox 255 1546 999 1610; baseline 0.005 -17"><span class='ocrx_word' id='word_1_172' title='bbox 255 1552 426 1606; x_wconf 79' lang='grc' dir='ltr'><em>-σιλέων,</em></span> <span class='ocrx_word' id='word_1_173' title='bbox 454 1546 489 1594; x_wconf 73' lang='grc' dir='ltr'><em>ὦ</em></span> <span class='ocrx_word' id='word_1_174' title='bbox 517 1547 622 1610; x_wconf 73' lang='grc' dir='ltr'><em>ἥλιε,</em></span> <span class='ocrx_word' id='word_1_175' title='bbox 642 1553 770 1596; x_wconf 75' lang='grc' dir='ltr'><em>πάλιν</em></span> <span class='ocrx_word' id='word_1_176' title='bbox 797 1569 851 1608; x_wconf 84' lang='grc' dir='ltr'><em>με</em></span> <span class='ocrx_word' id='word_1_177' title='bbox 882 1549 999 1609; x_wconf 79' lang='grc' dir='ltr'><em>ὄψει.</em></span> 
     </span>
    </p>
   </div>
   <div class='ocr_carea' id='block_1_3' title="bbox 354 1701 1742 1848">
    <p class='ocr_par' dir='ltr' id='par_1_3' title="bbox 354 1701 1742 1848">
     <span class='ocr_line' id='line_1_22' title="bbox 355 1701 1742 1750; baseline 0.003 -15"><span class='ocrx_word' id='word_1_178' title='bbox 355 1713 390 1735; x_wconf 80' lang='lat'><strong>2.</strong></span> <span class='ocrx_word' id='word_1_179' title='bbox 418 1703 516 1743; x_wconf 81' lang='grc' dir='ltr'>υἱοῖς</span> <span class='ocrx_word' id='word_1_180' title='bbox 542 1701 586 1746; x_wconf 80' lang='grc' dir='ltr'><strong>Α,</strong></span> <span class='ocrx_word' id='word_1_181' title='bbox 613 1704 711 1743; x_wconf 77' lang='grc' dir='ltr'>υἱοῖς</span> <span class='ocrx_word' id='word_1_182' title='bbox 736 1701 854 1740; x_wconf 73' lang='grc' dir='ltr'><em>αὐτοῦ</em></span> <span class='ocrx_word' id='word_1_183' title='bbox 878 1704 975 1750; x_wconf 85' lang='lat' dir='ltr'>vulg.</span> <span class='ocrx_word' id='word_1_184' title='bbox 1098 1707 1130 1741; x_wconf 84' lang='lat'><strong>5.</strong></span> <span class='ocrx_word' id='word_1_185' title='bbox 1156 1701 1224 1743; x_wconf 82' lang='grc' dir='ltr'><em>τὸν</em></span> <span class='ocrx_word' id='word_1_186' title='bbox 1247 1705 1333 1739; x_wconf 86' lang='lat' dir='ltr'><strong>add.</strong></span> <span class='ocrx_word' id='word_1_187' title='bbox 1365 1717 1406 1739; x_wconf 85' lang='lat' dir='ltr'><strong>ex</strong></span> <span class='ocrx_word' id='word_1_188' title='bbox 1436 1706 1477 1739; x_wconf 84' lang='lat' dir='ltr'><strong>A.</strong></span> <span class='ocrx_word' id='word_1_189' title='bbox 1595 1707 1629 1740; x_wconf 92' lang='grc'><strong>8.</strong></span> <span class='ocrx_word' id='word_1_190' title='bbox 1657 1704 1742 1739; x_wconf 83' lang='grc' dir='ltr'><strong>Μύ-</strong></span> 
     </span>
     <span class='ocr_line' id='line_1_23' title="bbox 354 1752 1739 1802; baseline 0.001 -17"><span class='ocrx_word' id='word_1_191' title='bbox 354 1752 405 1798; x_wconf 84' lang='grc' dir='ltr'><strong>λῳ</strong></span> <span class='ocrx_word' id='word_1_192' title='bbox 432 1753 473 1788; x_wconf 85' lang='grc' dir='ltr'><strong>Α.</strong></span> <span class='ocrx_word' id='word_1_193' title='bbox 579 1763 630 1785; x_wconf 87' lang='grc' dir='ltr'><strong>ιι.</strong></span> <span class='ocrx_word' id='word_1_194' title='bbox 656 1754 728 1787; x_wconf 71' lang='grc' dir='ltr'><em>καὶ</em></span> <span class='ocrx_word' id='word_1_195' title='bbox 747 1754 786 1788; x_wconf 80' lang='grc' dir='ltr'><strong>οἱ</strong></span> <span class='ocrx_word' id='word_1_196' title='bbox 810 1754 981 1794; x_wconf 75' lang='grc' dir='ltr'><em>θέλοντες</em></span> <span class='ocrx_word' id='word_1_197' title='bbox 1005 1774 1052 1781; x_wconf 92' lang='grc'><strong>-</strong></span> <span class='ocrx_word' id='word_1_198' title='bbox 1080 1775 1123 1782; x_wconf 84' lang='lat'><em>—</em></span> <span class='ocrx_word' id='word_1_199' title='bbox 1151 1774 1199 1781; x_wconf 93' lang='lat'><strong>-—-</strong></span> <span class='ocrx_word' id='word_1_200' title='bbox 1225 1754 1498 1802; x_wconf 72' lang='grc' dir='ltr'><em>φανεροῦσθαι</em></span> <span class='ocrx_word' id='word_1_201' title='bbox 1525 1765 1594 1788; x_wconf 87' lang='lat' dir='ltr'><strong>om.</strong></span> <span class='ocrx_word' id='word_1_202' title='bbox 1615 1755 1640 1789; x_wconf 85' lang='grc' dir='ltr'>Α</span> <span class='ocrx_word' id='word_1_203' title='bbox 1669 1765 1688 1787; x_wconf 86' lang='lat' dir='ltr'><strong>e</strong></span> <span class='ocrx_word' id='word_1_204' title='bbox 1715 1753 1739 1787; x_wconf 87' lang='lat' dir='ltr'><strong>f.</strong></span> 
     </span>
     <span class='ocr_line' id='line_1_24' title="bbox 355 1798 848 1848; baseline 0.002 -15"><span class='ocrx_word' id='word_1_205' title='bbox 355 1810 414 1833; x_wconf 85' lang='lat'><strong>20.</strong></span> <span class='ocrx_word' id='word_1_206' title='bbox 442 1798 531 1847; x_wconf 82' lang='grc' dir='ltr'><em>ὄψει</em></span> <span class='ocrx_word' id='word_1_207' title='bbox 554 1801 596 1844; x_wconf 85' lang='grc' dir='ltr'><strong>Δ,</strong></span> <span class='ocrx_word' id='word_1_208' title='bbox 621 1799 727 1848; x_wconf 80' lang='grc' dir='ltr'><em>ὄψεις</em></span> <span class='ocrx_word' id='word_1_209' title='bbox 752 1801 848 1847; x_wconf 81' lang='lat' dir='ltr'><strong>vulg.</strong></span> 
     </span>
    </p>
   </div>
   <div class='ocr_carea' id='block_1_4' title="bbox 253 1939 1763 2852">
    <p class='ocr_par' dir='ltr' id='par_1_4' title="bbox 253 1939 1763 2852">
     <span class='ocr_line' id='line_1_25' title="bbox 258 1939 1739 1987; baseline 0.001 -16"><span class='ocrx_word' id='word_1_210' title='bbox 258 1948 441 1972; x_wconf 84' lang='lat' dir='ltr'><strong>caesarum</strong></span> <span class='ocrx_word' id='word_1_211' title='bbox 471 1944 630 1973; x_wconf 83' lang='lat' dir='ltr'><strong>mentem</strong></span> <span class='ocrx_word' id='word_1_212' title='bbox 656 1940 893 1975; x_wconf 70' lang='lat' dir='ltr'>inclinantem</span> <span class='ocrx_word' id='word_1_213' title='bbox 920 1946 1140 1984; x_wconf 87' lang='lat' dir='ltr'><strong>accusatum,</strong></span> <span class='ocrx_word' id='word_1_214' title='bbox 1167 1942 1278 1976; x_wconf 86' lang='lat' dir='ltr'><strong>misso</strong></span> <span class='ocrx_word' id='word_1_215' title='bbox 1304 1940 1515 1987; x_wconf 85' lang='lat' dir='ltr'><strong>Theophilo</strong></span> <span class='ocrx_word' id='word_1_216' title='bbox 1542 1939 1739 1986; x_wconf 84' lang='lat' dir='ltr'><strong>spathario,</strong></span> 
     </span>
     <span class='ocr_line' id='line_1_26' title="bbox 257 1988 1737 2036; baseline 0.001 -17"><span class='ocrx_word' id='word_1_217' title='bbox 257 1988 478 2032; x_wconf 85' lang='lat' dir='ltr'><strong>quantocius</strong></span> <span class='ocrx_word' id='word_1_218' title='bbox 506 1988 583 2033; x_wconf 86' lang='lat' dir='ltr'><strong>rapi</strong></span> <span class='ocrx_word' id='word_1_219' title='bbox 612 1994 649 2022; x_wconf 93' lang='lat' dir='ltr'><strong>et</strong></span> <span class='ocrx_word' id='word_1_220' title='bbox 674 1988 719 2022; x_wconf 90' lang='lat' dir='ltr'><strong>ad</strong></span> <span class='ocrx_word' id='word_1_221' title='bbox 740 2001 778 2023; x_wconf 90' lang='lat' dir='ltr'><strong>se</strong></span> <span class='ocrx_word' id='word_1_222' title='bbox 805 1989 937 2023; x_wconf 86' lang='lat' dir='ltr'>adduci</span> <span class='ocrx_word' id='word_1_223' title='bbox 958 1990 1082 2024; x_wconf 79' lang='lat' dir='ltr'><strong>iussit.</strong></span> <span class='ocrx_word' id='word_1_224' title='bbox 1132 1990 1197 2024; x_wconf 90' lang='lat' dir='ltr'><strong>sed</strong></span> <span class='ocrx_word' id='word_1_225' title='bbox 1221 2002 1301 2024; x_wconf 83' lang='lat' dir='ltr'><strong>cum</strong></span> <span class='ocrx_word' id='word_1_226' title='bbox 1329 1989 1561 2036; x_wconf 84' lang='lat' dir='ltr'><strong>Theophilus</strong></span> <span class='ocrx_word' id='word_1_227' title='bbox 1586 1988 1625 2022; x_wconf 90' lang='lat' dir='ltr'><strong>in</strong></span> <span class='ocrx_word' id='word_1_228' title='bbox 1651 2000 1737 2034; x_wconf 88' lang='lat' dir='ltr'><strong>pro-</strong></span> 
     </span>
     <span class='ocr_line' id='line_1_27' title="bbox 254 2036 1738 2083; baseline 0.002 -15"><span class='ocrx_word' id='word_1_229' title='bbox 254 2036 411 2069; x_wconf 77' lang='lat' dir='ltr'>vinciam</span> <span class='ocrx_word' id='word_1_230' title='bbox 437 2037 652 2082; x_wconf 81' lang='lat' dir='ltr'><strong>appulisset,</strong></span> <span class='ocrx_word' id='word_1_231' title='bbox 681 2037 793 2071; x_wconf 88' lang='lat' dir='ltr'><strong>Siculi</strong></span> <span class='ocrx_word' id='word_1_232' title='bbox 822 2038 950 2071; x_wconf 89' lang='lat' dir='ltr'><strong>ducem</strong></span> <span class='ocrx_word' id='word_1_233' title='bbox 991 2039 1025 2072; x_wconf 89' lang='lat' dir='ltr'><strong>ei</strong></span> <span class='ocrx_word' id='word_1_234' title='bbox 1060 2037 1206 2072; x_wconf 82' lang='lat' dir='ltr'><strong>tradere</strong></span> <span class='ocrx_word' id='word_1_235' title='bbox 1232 2043 1453 2072; x_wconf 77' lang='lat' dir='ltr'><strong>recusarunt.</strong></span> <span class='ocrx_word' id='word_1_236' title='bbox 1512 2048 1624 2083; x_wconf 86' lang='lat' dir='ltr'><strong>quare</strong></span> <span class='ocrx_word' id='word_1_237' title='bbox 1650 2048 1738 2071; x_wconf 88' lang='lat' dir='ltr'><strong>con-</strong></span> 
     </span>
     <span class='ocr_line' id='line_1_28' title="bbox 254 2083 1738 2132; baseline 0.002 -17"><span class='ocrx_word' id='word_1_238' title='bbox 254 2083 375 2127; x_wconf 80' lang='lat' dir='ltr'><strong>iugem</strong></span> <span class='ocrx_word' id='word_1_239' title='bbox 404 2083 483 2117; x_wconf 91' lang='lat' dir='ltr'><strong>eius</strong></span> <span class='ocrx_word' id='word_1_240' title='bbox 513 2096 650 2118; x_wconf 80' lang='lat' dir='ltr'><strong>caesam</strong></span> <span class='ocrx_word' id='word_1_241' title='bbox 679 2091 716 2119; x_wconf 85' lang='lat' dir='ltr'><strong>et</strong></span> <span class='ocrx_word' id='word_1_242' title='bbox 739 2086 858 2132; x_wconf 84' lang='lat' dir='ltr'><strong>capite</strong></span> <span class='ocrx_word' id='word_1_243' title='bbox 884 2092 1026 2120; x_wconf 81' lang='lat' dir='ltr'><strong>tonsam</strong></span> <span class='ocrx_word' id='word_1_244' title='bbox 1051 2098 1123 2120; x_wconf 86' lang='lat' dir='ltr'><strong>una</strong></span> <span class='ocrx_word' id='word_1_245' title='bbox 1161 2099 1241 2120; x_wconf 87' lang='lat' dir='ltr'><strong>cum</strong></span> <span class='ocrx_word' id='word_1_246' title='bbox 1268 2087 1353 2121; x_wconf 80' lang='lat' dir='ltr'><strong>filiis</strong></span> <span class='ocrx_word' id='word_1_247' title='bbox 1381 2086 1449 2120; x_wconf 84' lang='lat' dir='ltr'><strong>sub</strong></span> <span class='ocrx_word' id='word_1_248' title='bbox 1477 2085 1643 2119; x_wconf 84' lang='lat' dir='ltr'><strong>custodia</strong></span> <span class='ocrx_word' id='word_1_249' title='bbox 1673 2085 1738 2118; x_wconf 87' lang='lat' dir='ltr'><strong>de-</strong></span> 
     </span>
     <span class='ocr_line' id='line_1_29' title="bbox 254 2131 1737 2181; baseline 0.003 -18"><span class='ocrx_word' id='word_1_250' title='bbox 254 2131 443 2164; x_wconf 83' lang='lat' dir='ltr'><strong>tinendam</strong></span> <span class='ocrx_word' id='word_1_251' title='bbox 487 2133 525 2165; x_wconf 88' lang='lat' dir='ltr'><strong>in</strong></span> <span class='ocrx_word' id='word_1_252' title='bbox 562 2135 783 2178; x_wconf 86' lang='lat' dir='ltr'><strong>praetorium</strong></span> <span class='ocrx_word' id='word_1_253' title='bbox 809 2135 1018 2170; x_wconf 83' lang='lat' dir='ltr'><strong>transmisit.</strong></span> <span class='ocrx_word' id='word_1_254' title='bbox 1078 2147 1187 2181; x_wconf 87' lang='lat' dir='ltr'><strong>porro</strong></span> <span class='ocrx_word' id='word_1_255' title='bbox 1212 2136 1319 2169; x_wconf 82' lang='lat' dir='ltr'><strong>Iunio</strong></span> <span class='ocrx_word' id='word_1_256' title='bbox 1344 2145 1467 2168; x_wconf 87' lang='lat' dir='ltr'><strong>mense</strong></span> <span class='ocrx_word' id='word_1_257' title='bbox 1496 2133 1648 2167; x_wconf 88' lang='lat' dir='ltr'><strong>clusuris</strong></span> <span class='ocrx_word' id='word_1_258' title='bbox 1673 2146 1737 2167; x_wconf 89' lang='lat' dir='ltr'><strong>cu-</strong></span> 
     </span>
     <span class='ocr_line' id='line_1_30' title="bbox 257 2179 1737 2228; baseline 0.002 -16"><span class='ocrx_word' id='word_1_259' title='bbox 257 2179 477 2219; x_wconf 81' lang='lat' dir='ltr'><strong>stodiendis,</strong></span> <span class='ocrx_word' id='word_1_260' title='bbox 515 2186 552 2213; x_wconf 82' lang='lat' dir='ltr'><strong>et</strong></span> <span class='ocrx_word' id='word_1_261' title='bbox 584 2181 803 2216; x_wconf 86' lang='lat' dir='ltr'><strong>cohibendis</strong></span> <span class='ocrx_word' id='word_1_262' title='bbox 832 2183 991 2216; x_wconf 84' lang='lat' dir='ltr'><strong>Arabum</strong></span> <span class='ocrx_word' id='word_1_263' title='bbox 1024 2184 1237 2217; x_wconf 85' lang='lat' dir='ltr'><strong>excursibus</strong></span> <span class='ocrx_word' id='word_1_264' title='bbox 1261 2184 1383 2228; x_wconf 84' lang='lat' dir='ltr'><strong>copias</strong></span> <span class='ocrx_word' id='word_1_265' title='bbox 1410 2193 1533 2216; x_wconf 86' lang='lat' dir='ltr'><strong>omnes</strong></span> <span class='ocrx_word' id='word_1_266' title='bbox 1561 2182 1737 2216; x_wconf 79' lang='lat' dir='ltr'><strong>transfre-</strong></span> 
     </span>
     <span class='ocr_line' id='line_1_31' title="bbox 258 2227 1735 2277; baseline 0.002 -16"><span class='ocrx_word' id='word_1_267' title='bbox 258 2233 360 2261; x_wconf 71' lang='lat' dir='ltr'><strong>tanus</strong></span> <span class='ocrx_word' id='word_1_268' title='bbox 385 2227 583 2273; x_wconf 83' lang='lat' dir='ltr'><strong>expedivit,</strong></span> <span class='ocrx_word' id='word_1_269' title='bbox 612 2230 749 2264; x_wconf 81' lang='lat' dir='ltr'><strong>Ioanne</strong></span> <span class='ocrx_word' id='word_1_270' title='bbox 784 2231 975 2265; x_wconf 87' lang='lat' dir='ltr'><strong>sacellario</strong></span> <span class='ocrx_word' id='word_1_271' title='bbox 1004 2231 1170 2266; x_wconf 84' lang='lat' dir='ltr'><strong>eunucho</strong></span> <span class='ocrx_word' id='word_1_272' title='bbox 1201 2231 1351 2277; x_wconf 88' lang='lat' dir='ltr'><strong>proprio</strong></span> <span class='ocrx_word' id='word_1_273' title='bbox 1376 2230 1574 2264; x_wconf 81' lang='lat' dir='ltr'><strong>domestico</strong></span> <span class='ocrx_word' id='word_1_274' title='bbox 1600 2230 1735 2264; x_wconf 86' lang='lat' dir='ltr'><strong>eisdem</strong></span> 
     </span>
     <span class='ocr_line' id='line_1_32' title="bbox 257 2276 1763 2324; baseline 0.001 -15"><span class='ocrx_word' id='word_1_275' title='bbox 257 2276 294 2309; x_wconf 92' lang='lat' dir='ltr'><strong>in</strong></span> <span class='ocrx_word' id='word_1_276' title='bbox 321 2280 431 2321; x_wconf 85' lang='lat' dir='ltr'><strong>caput</strong></span> <span class='ocrx_word' id='word_1_277' title='bbox 458 2281 496 2309; x_wconf 87' lang='lat' dir='ltr'><strong>et</strong></span> <span class='ocrx_word' id='word_1_278' title='bbox 531 2277 754 2321; x_wconf 85' lang='lat' dir='ltr'><strong>praefectum</strong></span> <span class='ocrx_word' id='word_1_279' title='bbox 773 2280 970 2324; x_wconf 85' lang='lat' dir='ltr'><strong>assignato.</strong></span> <span class='ocrx_word' id='word_1_280' title='bbox 1000 2291 1043 2313; x_wconf 84' lang='lat' dir='ltr'><strong>ex</strong></span> <span class='ocrx_word' id='word_1_281' title='bbox 1069 2280 1221 2313; x_wconf 82' lang='lat' dir='ltr'><strong>adverso</strong></span> <span class='ocrx_word' id='word_1_282' title='bbox 1242 2279 1342 2312; x_wconf 85' lang='lat' dir='ltr'><strong>Madi</strong></span> <span class='ocrx_word' id='word_1_283' title='bbox 1368 2279 1536 2312; x_wconf 80' lang='lat' dir='ltr'><strong>militiam</strong></span> <span class='ocrx_word' id='word_1_284' title='bbox 1564 2277 1735 2312; x_wconf 87' lang='lat' dir='ltr'><strong>hostilem</strong></span> <span class='ocrx_word' id='word_1_285' title='bbox 1760 2302 1763 2303; x_wconf 15' lang='grc' dir='ltr'><em>γ</em></span> 
     </span>
     <span class='ocr_line' id='line_1_33' title="bbox 257 2323 1734 2373; baseline 0.001 -16"><span class='ocrx_word' id='word_1_286' title='bbox 257 2323 375 2358; x_wconf 87' lang='lat' dir='ltr'><strong>Ceber</strong></span> <span class='ocrx_word' id='word_1_287' title='bbox 393 2323 484 2357; x_wconf 87' lang='lat' dir='ltr'><strong>duce</strong></span> <span class='ocrx_word' id='word_1_288' title='bbox 500 2327 722 2369; x_wconf 82' lang='lat' dir='ltr'><strong>comparavit</strong></span> <span class='ocrx_word' id='word_1_289' title='bbox 744 2332 780 2360; x_wconf 89' lang='lat' dir='ltr'><strong>et</strong></span> <span class='ocrx_word' id='word_1_290' title='bbox 806 2327 988 2361; x_wconf 82' lang='lat' dir='ltr'><strong>instruxit.</strong></span> <span class='ocrx_word' id='word_1_291' title='bbox 1016 2333 1212 2361; x_wconf 89' lang='lat' dir='ltr'><strong>occurrunt</strong></span> <span class='ocrx_word' id='word_1_292' title='bbox 1227 2328 1352 2373; x_wconf 84' lang='lat' dir='ltr'><strong>itaque</strong></span> <span class='ocrx_word' id='word_1_293' title='bbox 1372 2328 1525 2361; x_wconf 87' lang='lat' dir='ltr'><strong>invicem</strong></span> <span class='ocrx_word' id='word_1_294' title='bbox 1541 2328 1734 2373; x_wconf 84' lang='lat' dir='ltr'><strong>oppositae</strong></span> 
     </span>
     <span class='ocr_line' id='line_1_34' title="bbox 257 2371 1736 2417; baseline 0.001 -12"><span class='ocrx_word' id='word_1_295' title='bbox 257 2372 327 2406; x_wconf 69' lang='lat' dir='ltr'><strong>sibi</strong></span> <span class='ocrx_word' id='word_1_296' title='bbox 355 2373 451 2406; x_wconf 86' lang='lat' dir='ltr'><strong>acies</strong></span> <span class='ocrx_word' id='word_1_297' title='bbox 477 2371 523 2405; x_wconf 89' lang='lat' dir='ltr'><strong>ad</strong></span> <span class='ocrx_word' id='word_1_298' title='bbox 550 2372 692 2414; x_wconf 89' lang='lat' dir='ltr'><strong>locum,</strong></span> <span class='ocrx_word' id='word_1_299' title='bbox 718 2375 776 2407; x_wconf 88' lang='lat' dir='ltr'><strong>cui</strong></span> <span class='ocrx_word' id='word_1_300' title='bbox 802 2386 939 2409; x_wconf 84' lang='lat' dir='ltr'><strong>nomen</strong></span> <span class='ocrx_word' id='word_1_301' title='bbox 964 2376 1095 2416; x_wconf 88' lang='lat' dir='ltr'><strong>Melus,</strong></span> <span class='ocrx_word' id='word_1_302' title='bbox 1134 2381 1172 2409; x_wconf 88' lang='lat' dir='ltr'><strong>et</strong></span> <span class='ocrx_word' id='word_1_303' title='bbox 1197 2375 1290 2413; x_wconf 84' lang='lat' dir='ltr'><strong>inito</strong></span> <span class='ocrx_word' id='word_1_304' title='bbox 1315 2376 1512 2410; x_wconf 84' lang='lat' dir='ltr'><strong>certamine</strong></span> <span class='ocrx_word' id='word_1_305' title='bbox 1539 2376 1736 2417; x_wconf 83' lang='lat' dir='ltr'><strong>vincuntur</strong></span> 
     </span>
     <span class='ocr_line' id='line_1_35' title="bbox 254 2420 1735 2469; baseline 0.001 -15"><span class='ocrx_word' id='word_1_306' title='bbox 254 2421 405 2462; x_wconf 86' lang='lat' dir='ltr'><strong>Arabes,</strong></span> <span class='ocrx_word' id='word_1_307' title='bbox 432 2426 470 2454; x_wconf 83' lang='lat' dir='ltr'><strong>et</strong></span> <span class='ocrx_word' id='word_1_308' title='bbox 496 2420 662 2466; x_wconf 86' lang='lat' dir='ltr'><strong>plurimis</strong></span> <span class='ocrx_word' id='word_1_309' title='bbox 688 2433 811 2455; x_wconf 89' lang='lat' dir='ltr'><strong>eorum</strong></span> <span class='ocrx_word' id='word_1_310' title='bbox 846 2424 980 2464; x_wconf 81' lang='lat' dir='ltr'><strong>caesis,</strong></span> <span class='ocrx_word' id='word_1_311' title='bbox 1008 2436 1086 2457; x_wconf 88' lang='lat' dir='ltr'><strong>cum</strong></span> <span class='ocrx_word' id='word_1_312' title='bbox 1120 2424 1318 2469; x_wconf 81' lang='lat' dir='ltr'><strong>ignominia</strong></span> <span class='ocrx_word' id='word_1_313' title='bbox 1346 2425 1477 2458; x_wconf 87' lang='lat' dir='ltr'><strong>reversi</strong></span> <span class='ocrx_word' id='word_1_314' title='bbox 1501 2429 1598 2458; x_wconf 85' lang='lat' dir='ltr'><strong>sunt.</strong></span> <span class='ocrx_word' id='word_1_315' title='bbox 1648 2429 1735 2457; x_wconf 86' lang='lat' dir='ltr'><strong>tunc</strong></span> 
     </span>
     <span class='ocr_line' id='line_1_36' title="bbox 255 2467 1734 2518; baseline 0.002 -17"><span class='ocrx_word' id='word_1_316' title='bbox 255 2469 431 2515; x_wconf 83' lang='lat' dir='ltr'><strong>temporis</strong></span> <span class='ocrx_word' id='word_1_317' title='bbox 459 2467 528 2502; x_wconf 91' lang='lat' dir='ltr'><strong>deo</strong></span> <span class='ocrx_word' id='word_1_318' title='bbox 553 2469 692 2515; x_wconf 84' lang='lat' dir='ltr'><strong>quique</strong></span> <span class='ocrx_word' id='word_1_319' title='bbox 716 2469 840 2504; x_wconf 86' lang='lat' dir='ltr'><strong>devoti</strong></span> <span class='ocrx_word' id='word_1_320' title='bbox 866 2471 1018 2505; x_wconf 87' lang='lat' dir='ltr'><strong>liberius</strong></span> <span class='ocrx_word' id='word_1_321' title='bbox 1050 2484 1132 2505; x_wconf 87' lang='lat' dir='ltr'><strong>eum</strong></span> <span class='ocrx_word' id='word_1_322' title='bbox 1163 2472 1297 2513; x_wconf 84' lang='lat' dir='ltr'><strong>colere,</strong></span> <span class='ocrx_word' id='word_1_323' title='bbox 1334 2472 1482 2506; x_wconf 88' lang='lat' dir='ltr'><strong>verbum</strong></span> <span class='ocrx_word' id='word_1_324' title='bbox 1512 2471 1571 2505; x_wconf 85' lang='lat' dir='ltr'><strong>dei</strong></span> <span class='ocrx_word' id='word_1_325' title='bbox 1598 2483 1734 2518; x_wconf 82' lang='lat' dir='ltr'><strong>propa·</strong></span> 
     </span>
     <span class='ocr_line' id='line_1_37' title="bbox 257 2517 1735 2563; baseline 0.002 -14"><span class='ocrx_word' id='word_1_326' title='bbox 257 2518 345 2561; x_wconf 84' lang='lat' dir='ltr'><strong>gari,</strong></span> <span class='ocrx_word' id='word_1_327' title='bbox 373 2517 436 2563; x_wconf 90' lang='lat' dir='ltr'><strong>qui</strong></span> <span class='ocrx_word' id='word_1_328' title='bbox 462 2517 617 2552; x_wconf 86' lang='lat' dir='ltr'><strong>salutem</strong></span> <span class='ocrx_word' id='word_1_329' title='bbox 642 2524 870 2563; x_wconf 86' lang='lat' dir='ltr'><strong>quaererent,</strong></span> <span class='ocrx_word' id='word_1_330' title='bbox 898 2519 1107 2553; x_wconf 79' lang='lat' dir='ltr'><strong>haeresibus</strong></span> <span class='ocrx_word' id='word_1_331' title='bbox 1139 2520 1311 2553; x_wconf 87' lang='lat' dir='ltr'><strong>nuncium</strong></span> <span class='ocrx_word' id='word_1_332' title='bbox 1337 2522 1496 2561; x_wconf 87' lang='lat' dir='ltr'><strong>mittere,</strong></span> <span class='ocrx_word' id='word_1_333' title='bbox 1521 2519 1580 2553; x_wconf 90' lang='lat' dir='ltr'><strong>dei</strong></span> <span class='ocrx_word' id='word_1_334' title='bbox 1607 2518 1735 2553; x_wconf 72' lang='lat' dir='ltr'><strong>laudes</strong></span> 
     </span>
     <span class='ocr_line' id='line_1_38' title="bbox 256 2565 1735 2614; baseline 0.003 -17"><span class='ocrx_word' id='word_1_335' title='bbox 256 2565 390 2607; x_wconf 75' lang='lat' dir='ltr'><strong>efferri,</strong></span> <span class='ocrx_word' id='word_1_336' title='bbox 415 2565 527 2599; x_wconf 87' lang='lat' dir='ltr'><strong>asseri</strong></span> <span class='ocrx_word' id='word_1_337' title='bbox 563 2566 600 2599; x_wconf 87' lang='lat' dir='ltr'><strong>in</strong></span> <span class='ocrx_word' id='word_1_338' title='bbox 634 2566 842 2600; x_wconf 85' lang='lat' dir='ltr'><strong>libertatem</strong></span> <span class='ocrx_word' id='word_1_339' title='bbox 878 2569 1110 2609; x_wconf 84' lang='lat' dir='ltr'><strong>monasteria,</strong></span> <span class='ocrx_word' id='word_1_340' title='bbox 1148 2568 1284 2602; x_wconf 86' lang='lat' dir='ltr'><strong>bonum</strong></span> <span class='ocrx_word' id='word_1_341' title='bbox 1311 2581 1418 2603; x_wconf 88' lang='lat' dir='ltr'><strong>omne</strong></span> <span class='ocrx_word' id='word_1_342' title='bbox 1444 2569 1605 2614; x_wconf 87' lang='lat' dir='ltr'><strong>denique</strong></span> <span class='ocrx_word' id='word_1_343' title='bbox 1631 2578 1735 2613; x_wconf 82' lang='lat' dir='ltr'><strong>repa·</strong></span> 
     </span>
     <span class='ocr_line' id='line_1_39' title="bbox 256 2612 1735 2662; baseline 0.001 -16"><span class='ocrx_word' id='word_1_344' title='bbox 256 2614 339 2646; x_wconf 86' lang='lat' dir='ltr'><strong>rari.</strong></span> <span class='ocrx_word' id='word_1_345' title='bbox 390 2612 458 2647; x_wconf 88' lang='lat' dir='ltr'><strong>sub</strong></span> <span class='ocrx_word' id='word_1_346' title='bbox 483 2613 553 2647; x_wconf 88' lang='lat' dir='ltr'><strong>hoc</strong></span> <span class='ocrx_word' id='word_1_347' title='bbox 578 2625 726 2661; x_wconf 79' lang='lat' dir='ltr'><strong>quoque</strong></span> <span class='ocrx_word' id='word_1_348' title='bbox 757 2621 899 2660; x_wconf 77' lang='lat' dir='ltr'><strong>tempus</strong></span> <span class='ocrx_word' id='word_1_349' title='bbox 925 2614 1072 2661; x_wconf 85' lang='lat' dir='ltr'><strong>quidam</strong></span> <span class='ocrx_word' id='word_1_350' title='bbox 1098 2615 1143 2648; x_wconf 86' lang='lat' dir='ltr'><strong>ad</strong></span> <span class='ocrx_word' id='word_1_351' title='bbox 1161 2617 1299 2662; x_wconf 85' lang='lat' dir='ltr'><strong>Longos</strong></span> <span class='ocrx_word' id='word_1_352' title='bbox 1324 2617 1502 2651; x_wconf 87' lang='lat' dir='ltr'><strong>Thraciae</strong></span> <span class='ocrx_word' id='word_1_353' title='bbox 1528 2628 1648 2649; x_wconf 88' lang='lat' dir='ltr'><strong>muros</strong></span> <span class='ocrx_word' id='word_1_354' title='bbox 1675 2615 1735 2648; x_wconf 84' lang='lat' dir='ltr'><strong>fo-</strong></span> 
     </span>
     <span class='ocr_line' id='line_1_40' title="bbox 255 2661 1734 2713; baseline 0.003 -20"><span class='ocrx_word' id='word_1_355' title='bbox 255 2661 360 2695; x_wconf 87' lang='lat' dir='ltr'><strong>diens</strong></span> <span class='ocrx_word' id='word_1_356' title='bbox 384 2662 561 2695; x_wconf 76' lang='lat' dir='ltr'><strong>tumulum</strong></span> <span class='ocrx_word' id='word_1_357' title='bbox 586 2662 754 2703; x_wconf 84' lang='lat' dir='ltr'><strong>offendit,</strong></span> <span class='ocrx_word' id='word_1_358' title='bbox 778 2675 851 2709; x_wconf 81' lang='lat' dir='ltr'><strong>quo</strong></span> <span class='ocrx_word' id='word_1_359' title='bbox 879 2669 974 2697; x_wconf 84' lang='lat' dir='ltr'><strong>terra</strong></span> <span class='ocrx_word' id='word_1_360' title='bbox 1005 2669 1043 2698; x_wconf 84' lang='lat' dir='ltr'><strong>et</strong></span> <span class='ocrx_word' id='word_1_361' title='bbox 1066 2664 1216 2709; x_wconf 83' lang='lat' dir='ltr'><strong>pulvere</strong></span> <span class='ocrx_word' id='word_1_362' title='bbox 1238 2665 1414 2703; x_wconf 75' lang='lat' dir='ltr'><strong>mundato</strong></span> <span class='ocrx_word' id='word_1_363' title='bbox 1443 2671 1553 2713; x_wconf 87' lang='lat' dir='ltr'><strong>atque</strong></span> <span class='ocrx_word' id='word_1_364' title='bbox 1581 2665 1734 2704; x_wconf 77' lang='lat' dir='ltr'><strong>recluso,</strong></span> 
     </span>
     <span class='ocr_line' id='line_1_41' title="bbox 253 2710 1734 2758; baseline 0.001 -16"><span class='ocrx_word' id='word_1_365' title='bbox 253 2711 370 2743; x_wconf 86' lang='lat' dir='ltr'><strong>virum</strong></span> <span class='ocrx_word' id='word_1_366' title='bbox 400 2710 498 2743; x_wconf 83' lang='lat' dir='ltr'><strong>intus</strong></span> <span class='ocrx_word' id='word_1_367' title='bbox 527 2711 706 2744; x_wconf 81' lang='lat' dir='ltr'><strong>iacentem</strong></span> <span class='ocrx_word' id='word_1_368' title='bbox 735 2711 950 2757; x_wconf 82' lang='lat' dir='ltr'><strong>litterasque</strong></span> <span class='ocrx_word' id='word_1_369' title='bbox 970 2723 1081 2745; x_wconf 84' lang='lat' dir='ltr'><strong>urnae</strong></span> <span class='ocrx_word' id='word_1_370' title='bbox 1113 2713 1312 2758; x_wconf 87' lang='lat' dir='ltr'><strong>insculptas</strong></span> <span class='ocrx_word' id='word_1_371' title='bbox 1332 2714 1369 2747; x_wconf 90' lang='lat' dir='ltr'><strong>in</strong></span> <span class='ocrx_word' id='word_1_372' title='bbox 1396 2713 1490 2747; x_wconf 88' lang='lat' dir='ltr'><strong>hanc</strong></span> <span class='ocrx_word' id='word_1_373' title='bbox 1514 2713 1734 2746; x_wconf 76' lang='lat' dir='ltr'><strong>sententiam</strong></span> 
     </span>
     <span class='ocr_line' id='line_1_42' title="bbox 254 2758 1732 2804; baseline 0.001 -14"><span class='ocrx_word' id='word_1_374' title='bbox 254 2758 416 2791; x_wconf 85' lang='lat' dir='ltr'><strong>invenit:</strong></span> <span class='ocrx_word' id='word_1_375' title='bbox 447 2758 612 2792; x_wconf 81' lang='lat' dir='ltr'><strong>Christus</strong></span> <span class='ocrx_word' id='word_1_376' title='bbox 654 2771 697 2792; x_wconf 80' lang='lat' dir='ltr'><strong>ex</strong></span> <span class='ocrx_word' id='word_1_377' title='bbox 728 2760 841 2792; x_wconf 88' lang='lat' dir='ltr'><strong>Maria</strong></span> <span class='ocrx_word' id='word_1_378' title='bbox 869 2760 1005 2804; x_wconf 78' lang='lat' dir='ltr'><strong>virgine</strong></span> <span class='ocrx_word' id='word_1_379' title='bbox 1038 2766 1217 2801; x_wconf 78' lang='lat' dir='ltr'><strong>nascetur,</strong></span> <span class='ocrx_word' id='word_1_380' title='bbox 1251 2767 1288 2796; x_wconf 85' lang='lat' dir='ltr'><strong>et</strong></span> <span class='ocrx_word' id='word_1_381' title='bbox 1312 2761 1419 2796; x_wconf 91' lang='lat' dir='ltr'><strong>credo</strong></span> <span class='ocrx_word' id='word_1_382' title='bbox 1447 2762 1486 2796; x_wconf 87' lang='lat' dir='ltr'><strong>in</strong></span> <span class='ocrx_word' id='word_1_383' title='bbox 1521 2772 1614 2794; x_wconf 72' lang='lat' dir='ltr'><strong>eum.</strong></span> <span class='ocrx_word' id='word_1_384' title='bbox 1667 2759 1732 2793; x_wconf 83' lang='lat' dir='ltr'><strong>sub</strong></span> 
     </span>
     <span class='ocr_line' id='line_1_43' title="bbox 254 2806 1722 2852; baseline 0.002 -12"><span class='ocrx_word' id='word_1_385' title='bbox 254 2806 495 2842; x_wconf 76' lang='lat' dir='ltr'><strong>Constantino</strong></span> <span class='ocrx_word' id='word_1_386' title='bbox 522 2812 558 2841; x_wconf 88' lang='lat' dir='ltr'><strong>et</strong></span> <span class='ocrx_word' id='word_1_387' title='bbox 585 2807 700 2852; x_wconf 85' lang='lat' dir='ltr'><strong>Irene,</strong></span> <span class='ocrx_word' id='word_1_388' title='bbox 730 2820 750 2843; x_wconf 96' lang='lat' dir='ltr'><strong>o</strong></span> <span class='ocrx_word' id='word_1_389' title='bbox 781 2808 847 2851; x_wconf 83' lang='lat' dir='ltr'><strong>sol,</strong></span> <span class='ocrx_word' id='word_1_390' title='bbox 874 2808 1006 2843; x_wconf 72' lang='lat' dir='ltr'><strong>iteruin</strong></span> <span class='ocrx_word' id='word_1_391' title='bbox 1033 2819 1088 2842; x_wconf 85' lang='lat' dir='ltr'><strong>me</strong></span> <span class='ocrx_word' id='word_1_392' title='bbox 1107 2807 1261 2844; x_wconf 85' lang='lat' dir='ltr'><strong>videbis.</strong></span> <span class='ocrx_word' id='word_1_393' title='bbox 1720 2822 1722 2824; x_wconf 53' lang='lat'><strong><em>¹</em></strong></span> 
     </span>
    </p>
   </div>
   <div class='ocr_carea' id='block_1_5' title="bbox 1747 2845 1764 2852">
    <p class='ocr_par' dir='ltr' id='par_1_5' title="bbox 1747 2845 1764 2852">
     <span class='ocr_line' id='line_1_44' title="bbox 1747 2845 1764 2852; baseline 0 -2"><span class='ocrx_word' id='word_1_394' title='bbox 1747 2845 1764 2852; x_wconf 44' lang='grc' dir='ltr'><em>μ</em></span> 
     </span>
    </p>
   </div>
  </div>
 </body>
</html>
