1786 3204
258 129 374 185 226
817 144 1167 189 THEOPHANIS

251 265 382 305 πτιος,
411 245 609 305 ὕπαρχος
637 247 734 293 τότε
762 251 842 292 τοιῗ
869 247 1190 306 στρατεύματος
1218 242 1278 290 (δν
1322 247 1396 288 καί
1426 245 1501 300 τῆς
1532 241 1734 300 δαπάνης,

249 321 325 362 καί
355 320 428 375 τῆς
459 320 644 373 ἑποψίας
675 317 846 360 πάντων
877 315 1170 373 προεστηκιός,
1198 315 1380 369 ἐπέσχεν
1409 311 1541 357 αὐτὸν
1571 313 1616 355 ἐν
1644 318 1734 360 τοῖς

247 385 410 436 τόποις.
474 380 797 443 διαφερομένὼν
835 386 883 428 δὲ
922 387 1006 427 ταῖν
1046 383 1296 438 στρατηγῶν
1345 378 1452 435 πρὸς
1497 379 1731 435 ἀλλήλους,

248 452 460 510 Καβάδης
486 453 547 504 εἰς
563 456 750 509 Νισίβην
775 451 915 495 ἐλθών
943 453 1018 494 καί
1058 449 1110 492 τοὶ
1134 452 1210 505 τῆς
1241 451 1458 503 διχονοίας
1489 448 1573 491 τῶν
1600 463 1733 503 στρα-

244 523 382 578 τηγῶν
408 522 563 575 μαθών
581 554 594 575 ,
627 520 755 571 αὐτὸς
781 536 825 563 τε
862 521 996 570 πολύς
1026 516 1086 561 (ὃν
1129 519 1185 576 τῷ
1215 518 1371 572 πλήθει
1411 515 1486 558 καί
1514 517 1772 570 πολλαχοῦὄ

243 587 320 644 τήν
349 586 506 631 ἑαυτοῦ
535 586 746 644 στρατιάν
774 587 1171 640 κατακερματίζων,
1202 587 1361 639 πᾶσαν,
1392 583 1450 634 ὥς
1479 585 1626 637 εἰπεῖν,
1654 581 1733 638 τήν

203 654 483 712 ΒῬωμαϊκήν
509 657 774 711 κατέδραμεν
794 656 872 710 γῆν
890 656 964 697 καί
991 655 1195 710 ἑδηῖωσεν
1224 655 1354 708 μέχρι
1366 654 1539 708 Συριῶν
1568 652 1730 705 αὐτῶν,

100 724 145 759 V·
164 737 223 760 10¹
242 721 598 777 πολλοὺςμεταξύ
622 720 731 778 πρὸς
759 723 1026 779 Ἀρεόβινδον
1052 719 1160 777 ὑπὲρ
1185 719 1354 777 εἰρήνης
1374 721 1600 775 ἐκπέμψας
1629 720 1733 773 πρέ-

239 795 357 846 σβεις
385 793 461 833 καί
486 790 557 833 ἐπὶ
585 788 807 846 χρήμασιν
836 786 1060 832 καταλύειν
1097 787 1170 832 τὸν
1198 789 1382 842 πόλεμον
1411 789 1558 842 λέγων.
1619 782 1729 828 οὕτω

238 860 381 902 τοίνυν
411 860 487 900 καί
516 856 565 900 τὰ
599 857 701 913 περὶ
724 856 800 914 τήν
819 852 1027 900 ’Ἔδεσσαν
1058 858 1244 910 μάλιστα
1275 854 1598 911 καταδραμών,
1629 856 1786 897 καθ’ῐε

238 924 292 982 ἦν
316 926 588 981 Ἀρεόβινδος
615 921 690 982 ἦν·
747 923 857 980 πλήν
896 925 947 966 ου’
976 926 1142 979 πράξας
1172 925 1266 966 ἐκεῖ
1293 925 1453 978 δεξιαῖς,
1484 923 1592 966 ἄλλα
1629 927 1729 978 παρ’

237 995 415 1043 ἐλπίδας
457 995 708 1036 ἐλαττοῦται
746 995 821 1048 τῆς
866 993 1139 1048 Ἀρεοβίνδου
1175 991 1332 1048 μάχης.
1405 989 1534 1046 γνούς
1577 991 1626 1034 δὲ
1656 992 1730 1033 καί

234 1060 311 1104 τὸν
334 1061 513 1117 Ἀμίδης
562 1061 732 1118 φύλακα
761 1062 804 1104 Γ
803 1059 906 1117 λόην
934 1059 1010 1103 τὸν
1037 1058 1270 1117 στρατηγὸν
1310 1058 1449 1102 αὐτοῦ
1477 1061 1731 1116 διαφθαρῆ-

234 1145 306 1171 ναι
331 1126 656 1184 μηχανώμενον,
686 1130 965 1184 ἐπανέρχεται
993 1129 1203 1178 naum-‘hig
1234 1129 1290 1170 δι’
1317 1123 1465 1184 ἑτέρας
1499 1125 1620 1181 ὁδοῦ,
1652 1143 1728 1169 κα-

234 1195 512 1254 ταφρονήσας
539 1199 624 1238 τῶν
663 1194 860 1252 ὁμήρων,
899 1190 960 1238 ὧν
996 1193 1196 1238 ἐδεδώκει
1237 1195 1297 1254 τῷ
1321 1194 1595 1253 Ἀρεοβίνδῳ,
1626 1191 1786 1243 τούςιᾶ

234 1265 403 1320 εἰρήνης
433 1263 585 1318 λόγους
604 1280 616 1292 ·
676 1265 752 1305 καί
779 1265 988 1318 κατέσχον
1024 1262 1142 1319 παρὰ
1172 1261 1250 1314 τὰς
1282 1259 1501 1318 συνθήκας
1524 1259 1729 1305 Ἀλύπιόν

234 1347 282 1373 τε
310 1331 383 1375 τὸν
408 1330 594 1387 χρηστὸν
636 1332 794 1373 ἐκεῖνον
823 1333 898 1374 καί
928 1332 1157 1373 Βασίλειον
1184 1329 1257 1373 τὸν
1281 1326 1557 1385 Ἐδεσσηνόν·
1615 1324 1727 1371 ὥστε

196 1398 346 1453 Cicero?
376 1398 452 1455 τήν
483 1397 760 1455 ἀναχώρησιν
789 1400 926 1442 αὐτοῦ
954 1397 1033 1454 τήν
1051 1399 1124 1441 ἐπὶ
1145 1397 1194 1441 τὰ
1219 1399 1371 1451 οἰκεῖα,
1401 1399 1615 1452 χειμῶνος
1643 1390 1726 1452 ἤδη

235 1465 567 1523 καταλαβόντος,
611 1465 712 1517 τούς
754 1469 834 1522 μὲν
865 1464 1128 1523 στρατηγούς
1164 1466 1390 1520 Ῥωμαίων
1418 1466 1464 1508 ἐν
1493 1461 1726 1522 διαφόροις

335 1625 364 1649 ι.
393 1615 475 1651 τότε
499 1615 541 1657 Α,
568 1627 609 1651 τε
633 1615 729 1660 vulg.
829 1624 862 1647 2.
888 1607 1132 1662 προεστηκὼς
1157 1614 1199 1655 A,
1223 1609 1468 1663 προεσχηκώς
1490 1613 1588 1659 vulg.
1686 1613 1722 1646 6.

329 1666 662 1711 κατακερματίζων
684 1665 727 1706 A,
754 1665 1088 1720 καταχερματίζωγ
1110 1663 1207 1707 vulg.
1329 1675 1362 1708 7.
1389 1661 1585 1710 ἐδηΐωσεν]
1611 1660 1723 1697 ἐδίω-

329 1713 392 1753 ξεν
416 1712 446 1745 Α
469 1723 501 1745 e.
620 1715 766 1759 Συρίας
789 1711 903 1755 αὐτην
927 1712 969 1745 Α.
1096 1722 1149 1745 ιο.
1167 1709 1357 1746 Ἔδεσσαν
1376 1712 1416 1753 Α,
1438 1709 1723 1755 ''Ed'wav-vulg.

330 1760 474 1806 passim.
529 1801 547 1808 ,
630 1766 680 1804 ¹4·
712 1759 1022 1808 ιιηχανευόμενον
1048 1760 1087 1793 A.
1216 1760 1267 1792 15.
1295 1757 1360 1800 οὓς
1385 1759 1544 1794 δεδώκει
1569 1761 1611 1801 A,
1637 1759 1722 1792 fort.

329 1807 401 1853 leg.
441 1808 489 1843 δι’
517 1810 571 1845 ὡν
596 1819 622 1842 s.
653 1803 709 1848 οἷς
736 1808 912 1844 ἐδεδώκει
935 1808 986 1855 τῷ
1008 1807 1087 1854 Ἀρ.
1113 1803 1199 1846 τούς
1223 1805 1370 1854 εἰρήνης
1392 1807 1539 1855 λόγους.
1670 1816 1721 1854 ¹7·

330 1857 470 1893 ἐκεῖνοι
480 1858 521 1891 Α.
623 1868 676 1903 ¹9·
703 1856 898 1905 Ῥωμαίων
923 1858 965 1898 A,
987 1855 1195 1904 Ῥωμαίους
1217 1856 1314 1901 vulg.

235 2001 433 2046 Aegyptius
468 2001 614 2047 Appio,
654 2002 768 2036 totius
808 2002 988 2036 exercitus
1027 2001 1236 2047 praefectus
1273 2005 1309 2033 et
1345 2010 1515 2033 annonae
1542 1998 1726 2044 rebusque

235 2049 390 2093 singulis
427 2049 667 2095 inspiciendis
707 2050 915 2094 invigilans,
952 2062 1032 2083 euni
1063 2050 1152 2083 locis
1187 2050 1224 2081 in
1250 2049 1324 2081 illis
1352 2048 1550 2081 consistere
1575 2059 1726 2092 compu-

236 2098 350 2130 lisset.
403 2097 454 2130 ita
480 2097 742 2131 dissidentibus
772 2098 816 2131 ab
847 2098 1004 2132 invicem
1032 2098 1199 2137 ducibus,
1242 2095 1407 2130 cabades
1434 2094 1581 2128 Nisibin
1605 2095 1727 2140 ingre-

235 2145 347 2186 ditur,
376 2143 576 2192 habitaque
604 2145 824 2179 discriminis
853 2146 951 2179 inter
976 2145 1086 2179 duces
1115 2145 1186 2178 orti
1212 2144 1358 2184 notitia,
1386 2156 1465 2176 cum
1494 2143 1635 2189 alioqui
1661 2155 1727 2177 co-

235 2195 363 2239 piosae
388 2192 558 2227 adessent
598 2194 655 2226 illi
682 2194 774 2227 vires
791 2220 800 2235 ,
827 2199 906 2227 toto
934 2194 1096 2228 exercitu
1130 2204 1195 2239 per
1220 2198 1355 2225 turmas
1381 2197 1418 2225 et
1442 2190 1569 2236 globos
1594 2191 1724 2232 diviso,

236 2243 274 2275 in
289 2242 504 2282 universam,
519 2242 570 2275 ita
599 2242 742 2287 loquar,
760 2243 919 2275 excurrit
932 2243 1128 2275 Romanam
1151 2240 1343 2281 ditionem,
1370 2245 1407 2273 et
1434 2240 1562 2274 abacta
1588 2251 1608 2273 a
1628 2239 1726 2283 Syris

236 2290 346 2334 louge
374 2289 503 2334 positis
523 2290 670 2335 praeda,
690 2290 810 2334 plures
832 2290 975 2323 interim
1003 2290 1049 2323 ad
1062 2288 1309 2323 Areobindum
1335 2287 1380 2322 de
1396 2299 1484 2333 pace
1500 2299 1726 2335 componen-

236 2337 284 2371 da
311 2339 450 2382 legatos
478 2337 643 2372 decernit
677 2337 893 2384 bellumque
919 2339 1074 2383 pecunia
1106 2335 1350 2370 dirimendum
1388 2336 1598 2370 denunciat,
1646 2336 1727 2369 loca

237 2387 349 2431 igitur
368 2387 462 2418 circa
486 2385 667 2427 Edessam,
695 2387 733 2418 in
749 2397 819 2432 qua
833 2386 1061 2419 Areobindus
1088 2385 1305 2427 metabatur,
1331 2384 1539 2426 devastans,
1560 2385 1615 2418 nil
1639 2395 1727 2430 pro-

240 2445 385 2481 sperum
413 2434 465 2467 ihi
491 2435 652 2480 peregit:
683 2435 772 2479 quin
795 2434 904 2468 immo
932 2445 976 2467 ex
1002 2445 1122 2480 pugna
1150 2445 1230 2466 cuni
1257 2432 1467 2467 Areobindo
1492 2438 1638 2479 praeter
1662 2443 1729 2465 ex·-

238 2482 487 2530 pectationem
527 2483 715 2516 commissa
753 2482 891 2515 viribus
927 2481 1089 2515 deterior
1127 2483 1286 2515 recessit.
1349 2493 1428 2516 cum
1465 2492 1552 2515 vero
1579 2481 1731 2526 insuper

240 2531 371 2565 Glo'em
404 2531 558 2571 ducem,
597 2541 705 2576 quem
744 2530 895 2563 Amidae
928 2529 1113 2575 praesidio
1150 2530 1375 2576 reliquerat,
1407 2529 1527 2575 perire
1564 2534 1730 2574 paratum

240 2579 399 2619 rescivit,
423 2590 490 2625 per
516 2579 623 2612 aliam
650 2579 744 2611 viam
770 2590 848 2612 cum
872 2590 1002 2623 magna
1030 2578 1135 2612 clade
1155 2584 1303 2624 accepta
1328 2578 1488 2620 recessit,
1515 2577 1637 2618 fidem,
1664 2586 1732 2622 per

241 2627 387 2661 obsides
426 2639 517 2673 quos
555 2626 767 2660 Areobindo
797 2626 962 2668 dederat,
991 2628 1282 2672 oppignoratam,
1313 2632 1351 2660 et
1377 2626 1424 2660 de
1449 2636 1539 2671 pace
1566 2625 1731 2658 collocu-

240 2676 380 2709 tionem
407 2676 506 2721 parvi
536 2674 718 2721 pendens:
757 2676 847 2721 quin
866 2676 976 2709 etiam
999 2675 1173 2720 Alypium
1206 2675 1320 2707 virum
1346 2675 1454 2707 illum
1490 2674 1668 2719 optimum
1693 2677 1732 2706 et

240 2723 411 2758 Basiliam
447 2723 669 2757 Edessenum
706 2730 851 2769 praeter
892 2724 981 2758 ictas
1024 2723 1256 2757 conditiones
1285 2734 1398 2768 penes
1423 2733 1462 2756 se
1489 2721 1729 2755 detinuerunt

240 2771 391 2807 Persae:
419 2772 470 2806 ita
499 2779 540 2806 ut
564 2771 711 2806 cabade
738 2771 776 2806 in
803 2771 956 2806 ditionis
993 2783 1080 2806 suae
1101 2772 1190 2806 fines
1220 2781 1395 2816 regresso,
1434 2770 1587 2804 Romani
1616 2768 1727 2802 duces
