1768 3106
255 144 373 215 640
832 164 1182 209 THEOPHANIS

253 265 479 323 θεμάτων,
511 268 763 327 Θρᾳκησίων
792 283 857 323 τε,
899 268 1033 326 φημί,
1071 267 1144 310 καί
1173 268 1456 324 ἀνατολικῶν,
1497 273 1573 314 κατ’
1604 274 1740 329 μηδὲν

253 332 438 388 ἰσχύσας
467 333 758 391 ὑπέστρεψεν,
818 337 892 378 καί
919 338 1146 391 ἐχεᾲιασεν
1175 337 1236 386 εἰς
1267 336 1312 379 τὸ
1339 336 1568 394 Ἀμώριον.
1630 337 1650 381 ὁ
1690 342 1737 382 δὲ

249 400 545 457 Ἀρτάβασδος
570 401 676 444 κατὰ
712 405 853 446 πᾶσαν
884 401 958 458 τὴν
987 400 1111 445 πόλιν
1130 403 1207 454 τοὶς
1237 401 1357 459 ἱεράς
1387 403 1548 456 εἰκόνας
1563 406 1738 462 ἀνεστή-

252 472 398 512 λωσεν.
456 468 495 512 οἱ
527 471 573 512 δὲ
605 465 798 526 ’Ἄραβες
826 468 1078 525 αἰσθόμενοι
1106 468 1185 526 τήν
1227 472 1387 515 τούτων
1424 477 1515 515 κατ’
1545 473 1737 529 ἀλλήλων

208 535 413 592 Βμοίχην,
444 535 603 592 πολλὴν
643 538 942 592 αἰχμαλωσίαν
984 538 1234 592 ἐποιήσαντο
1270 540 1331 588 εἷς
1362 536 1619 596 Ῥωμανίαν,
1658 542 1768 586 τοῦδ

252 602 492 658 Σουλεὶζιιάν
518 605 846 661 στρατηγοῦντος
867 606 1026 653 αὐτοῖς.
1085 604 1362 656 Ἀναστάσιος
1388 607 1435 649 δὲ
1457 605 1479 648 ὅ
1508 605 1736 661 ψευδώνυ-

247 687 328 725 μος
362 670 630 728 πατριάρχης
655 670 870 729 κρατήσας
900 669 954 714 τά
979 674 1100 726 τιζιιια
1138 675 1213 715 καί
1243 672 1430 725 ζωοποιιὶ
1455 675 1562 726 ξύλα
1592 668 1737 728 α’)’μοσε

247 741 307 796 τῷ
347 741 458 796 λαῷ,
501 736 570 781 ὅτι
605 737 668 792 μοὶ
709 738 785 782 τὸν
828 741 1159 796 προσηλωθέντα
1205 741 1250 782 ἑν
1295 742 1464 798 αὐτοῖς,
1493 739 1632 792 οὕτως
1660 757 1735 795 μοι

247 803 364 849 εἶπεν
393 809 718 858 Κωνσταντῖνος
746 805 769 849 ὅ
797 806 1016 864 βασιλεύς,
1060 804 1124 850 ὅτι
1151 807 1211 864 μὴ
1243 809 1388 865 λογίσῃ
1419 807 1515 851 υἱὸν
1543 810 1648 851 θεοῦ
1677 804 1735 851 εἶ-

246 890 318 917 ναι
347 872 394 916 ὃν
423 872 559 917 ἔτεκεν
591 874 619 931 ἦ
651 875 827 932 Μαρία,
859 873 933 918 τόν
958 872 1182 930 λεγόμενον
1210 874 1418 931 Χριστόν,
1448 878 1489 919 εἰ
1514 875 1572 933 μὴ
1602 876 1765 930 ψιλὸνῐ

246 935 484 998 ἄνθρωπον.
553 941 580 999 ἢ
623 941 704 999 γὰρ
752 942 913 999 Μαρία
953 941 1089 986 αὐτὸν
1131 939 1294 1000 ἔτεκεν,
1342 941 1400 993 ὥς
1429 939 1571 986 ἔτεκεν
1600 943 1733 1000 ἐμὲῆ

243 1007 384 1065 μήτηρ
414 1024 500 1063 μου
529 1009 555 1066 ἦ
586 1012 759 1067 Μαρία.
817 1012 891 1054 καί
917 1011 1043 1053 τοῦτο
1074 1008 1329 1061 ἀκούσαντες
1355 1008 1395 1053 οἱ
1422 1013 1523 1053 λαοί
1549 1010 1732 1054 ἀνέσκα-

244 1087 336 1131 ψαν
366 1076 510 1120 αὐτόν.
1715 1073 1718 1076 ’

32 1152 230 1199 Α.Μ.6234
353 1146 620 1200 Ἀντιοχείας
660 1142 893 1188 ἐπισκόπου
926 1142 1150 1201 Στεφάνου
1174 1142 1268 1196 ἔτος
1297 1144 1349 1189 α’.

110 1219 230 1266 Ρ.349
360 1213 503 1271 Τούτῳ
540 1214 598 1272 τῷ
628 1210 714 1254 ἔτει
741 1215 944 1269 τέθνηκεν
970 1210 1095 1266 'Incipe
1126 1209 1148 1254 ὅ
1180 1215 1263 1256 τῶν
1305 1210 1499 1270 Ἀράβων
1527 1210 1727 1269 ἀρχηγός.
1748 1236 1762 1262 1

240 1274 362 1330 οὗτος
389 1278 466 1336 τὴν
505 1277 746 1337 ἁγιωτάτην
784 1278 1010 1336 ἐκκλησίαν
1037 1280 1110 1334 τῆς
1141 1279 1410 1335 Ἀντιοχείας
1439 1282 1511 1323 ἐπὶ
1552 1280 1593 1334 μ’
1622 1279 1731 1336 χρό-

239 1363 341 1396 νους
368 1347 656 1404 χηρεύουσαν,
685 1349 935 1390 κωλυόντων
964 1349 1048 1390 τῶν
1072 1345 1272 1404 Ἀράβων
1288 1350 1489 1403 γενέσθαι
1518 1346 1730 1404 πατριάρ-

201 1422 322 1471 Βχην
353 1417 399 1457 ἐν
427 1416 551 1471 αὔτῇ,
583 1413 695 1470 ἔχων
727 1413 820 1458 τινὰ
855 1418 1077 1472 προσφιλῆ
1103 1413 1339 1469 μονάζοντα
1368 1415 1520 1472 Σύρον,
1551 1413 1731 1468 ὀνόματι

237 1485 469 1539 Στέφανον,
500 1482 797 1539 ἀγροικότερον
825 1484 916 1539 μέν,
950 1479 1116 1539 εὐλαβῆ
1148 1484 1207 1540 δέ,
1239 1481 1340 1532 τούς
1370 1481 1476 1525 κατὰ
1510 1482 1588 1538 τὴν
1619 1480 1731 1542 ἑῴαν

237 1548 545 1606 Χριστιανούς,
560 1549 677 1607 εἴπερ
699 1553 866 1593 θέλοιεν
887 1551 1224 1607 συγχωρηθῆναι
1245 1551 1391 1601 αὐτοῖς
1409 1550 1682 1607 πατριάρχην
1697 1553 1764 1607 *,2

238 1621 522 1676 ψηφίσασθαι
567 1614 698 1661 αὐτὸν
737 1620 974 1675 Στέφανον.
1043 1618 1083 1661 οἱ
1113 1620 1159 1662 δὲ
1184 1619 1339 1662 θεόθεν
1368 1621 1492 1662 τοῦτο
1527 1621 1728 1673 νομίσαν-

334 1745 367 1789 4.
392 1743 620 1788 κατάλληλον
644 1744 685 1778 A.
764 1755 816 1789 ¹9·
843 1741 910 1788 τὴν
936 1743 1020 1778 add.
1043 1755 1086 1778 ex
1104 1744 1146 1778 A.
1221 1755 1278 1779 21.
1307 1739 1423 1781 αὐτὸν
1449 1747 1511 1780 Στ.
1538 1764 1586 1770 -
1609 1763 1655 1770 --
1681 1764 1726 1769 ——

331 1796 516 1838 γενέσθαι
546 1804 615 1826 om.
646 1804 666 1826 e
696 1793 721 1826 f.

244 1891 451 1936 proficeret,
478 1896 573 1925 retro
599 1891 728 1925 cedere
756 1897 913 1933 coactus,
949 1892 995 1925 ad
1017 1892 1199 1926 Amorium
1231 1890 1386 1924 hiberna
1413 1889 1527 1923 duxit.
1579 1889 1726 1922 interim

243 1939 464 1973 Artabasdus
491 1951 607 1973 sacras
640 1940 812 1984 imagines
852 1952 917 1985 per
953 1941 1114 1985 singulas
1153 1940 1316 1972 civitates
1354 1938 1481 1971 erexit.
1535 1939 1724 1971 occasione

241 1998 327 2020 vero
353 1987 507 2021 duorum
535 1989 741 2033 principum
768 1987 812 2021 de
840 1999 957 2021 rerum
992 2000 1130 2022 sumina
1157 1987 1203 2020 ad
1230 1987 1384 2020 invicem
1414 1986 1724 2026 contendentium,

241 2034 398 2077 Arabes,
424 2036 611 2069 Sulimane
637 2036 750 2076 duce,
773 2034 954 2069 infinitam
988 2037 1212 2082 captivorum
1240 2034 1411 2081 praedam
1438 2045 1456 2067 e
1482 2036 1724 2067 Romanorum

240 2083 344 2116 terris
372 2083 614 2118 abduxerunt.
666 2089 848 2117 caeterum
874 2085 1084 2118 Anastasius
1108 2084 1200 2117 falso
1223 2083 1370 2117 nomine
1406 2081 1628 2127 patriarcha,
1658 2093 1724 2114 ve·-

239 2130 401 2164 nen-anda
421 2143 462 2164 ac
486 2132 629 2165 vivifica
656 2132 770 2165 crucis
789 2132 886 2177 ligna
904 2132 1072 2165 manibus
1098 2137 1239 2171 tenens,
1267 2130 1482 2174 interposito
1508 2129 1722 2162 iusiurando

240 2189 358 2212 coram
386 2178 495 2225 plebe
522 2180 710 2213 disseruit:
740 2191 805 2225 per
829 2191 924 2222 eum,
952 2181 1015 2227 qui
1043 2180 1150 2224 lignis
1179 2180 1255 2213 istis
1282 2178 1427 2211 suffixus
1455 2183 1520 2218 est,
1548 2178 1598 2210 ita
1632 2178 1722 2210 mihi

240 2226 334 2260 dixit
361 2227 581 2273 imperator,
608 2239 654 2260 ne
683 2227 742 2260 dei
780 2228 908 2270 filium,
949 2240 1057 2275 quem
1087 2227 1213 2272 genuit
1242 2227 1368 2264 Maria,
1394 2225 1530 2271 quique
1558 2225 1721 2258 Christus

238 2275 393 2316 dicitur,
436 2275 579 2320 uspiam
614 2276 863 2321 reputaveris,
903 2288 1011 2322 quam
1048 2276 1250 2321 simplicem
1285 2285 1326 2307 ac
1351 2273 1488 2306 nudum
1519 2273 1719 2306 hominem.

236 2333 319 2355 eum
344 2323 481 2356 etenim
511 2324 550 2356 in
577 2323 695 2357 lucem
721 2324 836 2357 Maria
866 2325 1031 2369 protulit,
1073 2324 1111 2356 in
1136 2334 1217 2355 euin
1243 2321 1401 2362 modum,
1429 2333 1500 2367 quo
1526 2333 1581 2354 me
1606 2327 1722 2354 mater

232 2381 314 2403 mea
340 2371 456 2404 Maria
483 2371 621 2415 genuit.
671 2370 728 2404 his
758 2371 893 2406 auditis
921 2372 1079 2418 populus
1106 2372 1292 2404 universus
1324 2381 1406 2403 cum
1431 2370 1584 2415 imperio
1610 2369 1719 2403 abdi-

231 2424 351 2453 catum
375 2420 643 2464 pronunciavit.

49 2470 219 2518 A.C.734
325 2467 543 2500 Antiochiae
570 2467 735 2512 episcopi
762 2466 939 2512 Stephani
967 2478 1082 2500 annus
1108 2466 1259 2511 primus.

328 2516 407 2548 Hoc
436 2527 530 2549 anno
555 2514 821 2548 lsamArab·u1n
848 2514 922 2547 dux
947 2521 1110 2548 mortuus
1137 2519 1203 2547 est.
1238 2513 1286 2547 -is
1313 2518 1472 2547 sanctam
1500 2511 1716 2546 Antiochiae

231 2562 422 2596 ecclesiam
448 2569 592 2609 pastore
620 2563 692 2596 iam
719 2573 832 2595 annos
857 2562 902 2604 4ο
927 2562 1124 2602 viduatam,
1150 2561 1330 2595 Arabibus
1362 2562 1531 2594 nimirum
1559 2561 1716 2606 patriar-

229 2610 332 2643 cham
355 2610 748 2657 eligiprohibentibus,
774 2611 812 2643 in
825 2611 984 2655 priorem
1000 2615 1134 2644 statum
1151 2610 1326 2656 reposuit.
1355 2610 1560 2655 quempiam
1579 2609 1715 2642 etenim

228 2659 419 2692 monastici
451 2660 613 2694 instituti
637 2659 776 2702 Syrum,
801 2658 949 2691 nomine
978 2657 1214 2703 Stephanum,
1241 2658 1310 2691 sibi
1336 2658 1577 2697 familiarem,
1605 2656 1715 2689 rusti-

229 2718 308 2739 cum
351 2706 523 2753 quidem,
572 2713 610 2741 at
645 2708 785 2753 pietate
813 2706 967 2747 clarum,
992 2705 1204 2740 Christianis
1245 2707 1283 2739 in
1319 2706 1460 2739 oriente
1493 2704 1640 2750 positis,
1682 2704 1713 2736 si

227 2754 336 2788 modo
367 2755 465 2789 hunc
493 2754 749 2794 admitterent,
780 2754 1022 2800 patriarcham
1056 2754 1217 2798 eligendi
1255 2753 1409 2787 liberam
1436 2753 1523 2786 fecit
1546 2757 1711 2798 potesta-

228 2807 314 2836 tem.
364 2803 419 2837 illi
450 2802 624 2841 divinitus
649 2803 718 2838 hoc
745 2803 822 2837 fieri
839 2802 1018 2845 arbitrati,
1046 2802 1162 2850 ipsum
1181 2801 1407 2850 Stephanum
1431 2801 1469 2835 in
1488 2798 1711 2834 Antiochen·
