1768 3106
211 107 325 183 726
775 123 1126 169 ‘mmm-muts

201 225 296 287 αἵρᾳ
325 227 378 272 θ’.
406 228 501 271 ἀλλ’
534 227 613 288 οὐκ
641 229 703 278 εἰς
730 229 903 283 μακράν
931 229 957 284 ἦ
988 228 1090 271 θεία
1123 230 1219 285 δίκη
1250 227 1521 286 ἀνεκδίκητον
1551 229 1696 274 εἴασεν

159 294 276 352 (ἔτην
322 292 467 339 ἄδικον
498 293 660 352 ταύτην
700 298 868 352 πρᾶξιν.
940 295 1048 350 μετὰ
1091 297 1174 352 γάρ
1217 298 1420 353 πενταετῆ
1454 295 1608 353 χρόνον
1637 301 1694 355 τῷ

0 504 186 541 i.M.6285

151 781 183 815 D

63 1523 337 1581 Ρ.396,ιιήσας
378 1522 561 1588 αὐτούς,
604 1526 715 1587 δόλῳ
754 1530 839 1570 ταῖν
882 1525 964 1570 οὑν
1013 1527 1158 1577 αὐτοῖς
1199 1526 1434 1582 Ἀρμενίων
1473 1528 1763 1583 nondecim-20

5 2156 181 2205 A.C.785

199 365 321 423 αὐτῷ
347 366 463 421 μηνί,
493 366 566 406 καί
592 366 643 422 τῇ
672 364 786 422 αὐτῇ
818 364 956 424 ἡμέρᾳ
984 365 1061 407 τοῦ
1091 363 1311 420 σαββάτου
1341 367 1583 422 τυφλοῦται
1609 365 1691 408 ὑπὸ

198 434 273 488 τῆς
305 432 419 483 ἰδίας
441 430 606 488 μητρὸς
636 427 657 474 ὅ
687 431 821 481 αὕτὸς
851 435 1193 484 Κωνσταντῖνος.

318 499 466 559 Τούτῳ
495 502 553 558 τῷ
593 498 681 543 ἔτει
721 496 979 552 ἀκούσαντες
1010 498 1049 543 οἱ
1074 500 1351 557 Ἀρμενιακοί
1381 504 1484 557 περὶ
1510 504 1586 545 τοῦ
1613 505 1735 548 ποι-5

197 566 366 626 τρικίου
395 568 611 621 Ἀλεξίου,
656 565 725 611 ὅτι
767 569 998 626 ἐτυφλώθη
1009 605 1020 626 ,
1052 568 1320 626 ε’φυλάκισαν
1355 567 1428 612 τὸν
1457 568 1695 626 στρατηγὸν

198 638 344 680 αὐτῶν
377 633 604 692 Θεόδωρον
645 637 721 679 καί
759 640 984 694 πατρίκιον
1025 636 1100 680 τὸν
1128 636 1449 690 Καμουλιανύν.
1509 639 1585 679 καί
1608 655 1694 691 μα-

196 704 291 748 θών
320 703 343 747 ὅ
370 703 575 758 βασιλευς
601 704 816 748 ἀπέλυσεν
843 704 914 748 τὸν
948 704 1342 762 πρωτοσπαθάριον
1368 708 1694 749 Κωνσταντῖνον

196 773 269 817 τὸν
294 771 526 830 Ἀρτασήρ,
556 775 633 817 καί
657 771 730 816 τὸν
757 776 1044 830 Χρυσοχέρην
1074 772 1313 830 στρατηγὸν
1339 777 1422 816 τῶν
1449 778 1693 817 Bouana-

196 840 301 896 ρίων
319 840 430 896 μετὰ
450 843 527 885 τοῦ
556 844 667 885 λαοῦ
696 844 780 884 τῶν
813 845 972 885 λοιπῶν
991 840 1205 897 θεμάτων,
1238 844 1314 884 τοῦ
1344 848 1491 885 πεῖσαι
1519 841 1691 893 αύτούς.

196 908 237 952 οἱ
265 911 314 953 δὲ
342 908 626 967 κροτήσαντες
656 911 841 965 πόλεμον
870 909 976 966 πρὸς
1010 906 1184 967 αὐτούς,
1210 912 1396 954 ἐπίασαν
1422 911 1694 968 α’μφοτέρους

196 980 270 1020 καί
296 980 569 1036 ἑτύφλωσαν,
597 982 672 1022 καί
699 979 951 1036 ἐσφάγησαν
987 981 1139 1021 πολλοὶ
1168 981 1214 1031 ἐξ
1256 980 1518 1036 ἀμφοτέρων
1544 981 1693 1034 μερῶν

193 1045 298 1103 μήνι’
325 1050 557 1106 Νοεμβρίῳ
592 1049 665 1104 τῆς
684 1045 723 1089 α’
754 1049 1032 1097 ἰνδικτιῶνος·
1060 1050 1118 1106 τῷ
1141 1048 1189 1090 δὲ
1206 1046 1458 1107 Δεκεμβρίῳ
1481 1048 1588 1104 μηνὶ
1624 1046 1692 1104 κε’,

194 1112 290 1173 ὥρᾳ
318 1117 499 1175 δευτέρᾳ
525 1116 600 1172 τῆς
639 1114 811 1173 νυκτός,
860 1117 1046 1173 βροντῆς
1087 1116 1163 1158 καί
1203 1116 1429 1172 α’στραπῆς
1456 1117 1694 1172 γενομένης,

194 1182 371 1241 α’νήφθη
414 1187 546 1240 μέρος
587 1185 668 1227 τοῦ
711 1187 939 1239 βασιλικοῦ
981 1186 1233 1241 ἑργοὸοσιόυ
1278 1187 1363 1228 τῶν
1388 1188 1694 1241 χρυσοκλαβα-

194 1252 299 1306 ρι’ων
329 1251 437 1295 κατὰ
471 1251 546 1296 τὸν
571 1256 814 1310 χρυσίωνα.
871 1252 978 1308 μετὰ
1005 1255 1052 1296 δὲ
1074 1252 1122 1296 τὸ
1153 1249 1273 1310 ἅγιον
1303 1252 1452 1309 πάσχα
1479 1254 1696 1308 «ἐπεστρά-

193 1335 343 1363 τευσεν
389 1318 410 1364 ὃ
452 1320 659 1375 βασιλεῦς
698 1321 807 1365 κατὰ
839 1325 926 1365 τῶν
965 1322 1258 1378 Ἀρμενιακῶν
1280 1320 1389 1376 μετὰ
1421 1323 1496 1364 καί
1523 1322 1696 1364 πάντων

192 1390 276 1431 τῶν
319 1390 480 1432 λοιπῶν
521 1388 740 1444 θεμάτων.
824 1390 899 1434 καί
933 1392 983 1449 τῇ
1022 1388 1081 1443 κζ’
1123 1393 1203 1434 τοῦ
1243 1390 1398 1434 Μαΐου
1449 1388 1580 1447 μηνὸς
1622 1391 1697 1445 τῆς

196 1458 369 1514 πρώτης
414 1459 699 1516 ι’νὸικτιῶνος,
737 1459 879 1516 ἡμέρα
917 1461 1103 1517 κυριακῇ
1137 1461 1213 1515 τῆς
1248 1460 1528 1515 πεντηκοστῆς
1570 1461 1696 1500 πολε-

195 1593 336 1653 κὸτων,
368 1594 545 1652 νικήσας
576 1595 868 1651 συλλαμβάνει
906 1593 1089 1651 αὐτούς,
1119 1598 1193 1639 καί
1223 1596 1401 1653 ιίναιρεϊ
1417 1592 1694 1653 Ἀνδρόνικον

297 1703 364 1748 ι.ἧ
393 1707 458 1741 τοῦ
481 1705 575 1742 θεοῦ
605 1706 639 1742 ὃ.
671 1708 714 1741 A.
839 1704 1003 1743 ἅνεκδίκ.
1029 1707 1076 1747 Α,
1115 1702 1319 1747 ἄνεξεκδίκ.
1349 1706 1446 1751 vulg.
1572 1716 1625 1740 ια.
1655 1707 1694 1746 ἐξ

294 1753 395 1800 τῖιιᾳ
423 1755 474 1795 Α,
499 1755 579 1791 τῶν
612 1755 713 1802 α’μφ.
747 1755 844 1800 vulg.
979 1756 1028 1788 13.
1066 1755 1119 1802 τῷ
1154 1755 1194 1790 δὲ
1218 1757 1436 1803 Δεκεμβρίῳ
1458 1755 1552 1803 μηνὶ
1580 1755 1622 1797 A,
1651 1756 1700 1803 τῇ,

292 1802 333 1837 de
359 1804 594 1859 Δεκεαβρίου
622 1804 722 1848 vulg.
810 1805 861 1839 16.
888 1807 1091 1849 χρυσίωνα
1115 1804 1146 1838 Α
1175 1815 1195 1836 a
1225 1804 1250 1844 f,
1269 1814 1408 1851 χρουσ.
1437 1803 1533 1847 vulg.
1639 1815 1691 1847 ¹7·

291 1850 421 1887 πάντα
447 1849 491 1886 τιὶ
518 1847 634 1887 loma
658 1855 809 1901 θέματα
834 1853 862 1886 Α
889 1863 910 1885 a
940 1852 965 1886 f.
1071 1863 1128 1887 αι.
1154 1851 1313 1896 νικήσας
1338 1852 1380 1895 A,
1405 1850 1571 1896 Νικήτας
1592 1851 1689 1897 vulg.

197 1964 408 2008 irrogatum.
473 1963 513 1996 in
542 1964 703 2010 spatium
740 1968 864 1997 tamen
899 1962 1000 1997 haud
1035 1963 1220 1998 diutinum
1261 1964 1438 1997 iniustum
1479 1962 1692 1997 huiusmodi

196 2011 338 2044 facinus
380 2012 540 2045 inultum
582 2012 707 2046 divina
742 2008 881 2045 iustitia
920 2012 1078 2046 distulit.
1140 2012 1250 2046 solius
1277 2013 1413 2046 etenim
1440 2012 1690 2058 quinquennii

195 2065 324 2093 exacto
352 2060 549 2094 intervallo
577 2060 742 2094 eiusdem
769 2061 904 2094 mensis
925 2066 964 2095 et
986 2060 1131 2094 sabbati
1159 2060 1220 2094 die
1240 2072 1260 2094 a
1286 2061 1434 2107 propria
1460 2065 1576 2094 matre
1593 2060 1692 2095 Con-

195 2109 380 2142 stantinus
405 2108 482 2153 ipse
509 2109 625 2142 oculis
651 2109 801 2142 orbatus
830 2115 898 2143 est.

290 2156 371 2190 Hoc
395 2167 491 2190 anno
508 2156 710 2190 Armeniaci
737 2158 924 2191 caecitatis
941 2157 1072 2191 Alexio
1098 2157 1253 2203 patricio
1275 2156 1402 2191 illatae
1423 2159 1572 2201 accepto
1593 2166 1692 2189 nun-

196 2204 251 2238 cio
288 2203 526 2238 Theodorum
562 2206 755 2251 patricium
791 2205 1046 2239 camulianum
1094 2205 1224 2240 ducem
1266 2217 1373 2238 suum
1411 2205 1451 2238 in
1487 2203 1692 2238 custodiam

194 2253 446 2287 coniecerunt.
510 2264 553 2286 ea
580 2264 617 2287 re
645 2254 771 2287 audita
805 2254 1086 2288 Constantinum
1112 2256 1258 2288 Artaser
1286 2252 1625 2299 protospatharium
1654 2258 1692 2286 et

195 2301 481 2346 Chrysocherem
507 2302 797 2335 Bucellariorum
823 2302 950 2336 ducem
978 2314 1059 2336 cum
1089 2303 1319 2349 reliquorum
1347 2301 1551 2336 thematum
1576 2301 1691 2347 copiis

194 2349 241 2382 ad
270 2350 505 2384 Armeniacus
531 2350 571 2383 in
598 2350 716 2384 officio
746 2351 990 2385 continendos
1018 2351 1126 2385 misit.
1187 2350 1246 2383 illi
1284 2349 1385 2384 bello
1426 2351 1464 2384 in
1493 2356 1692 2395 utrumque

193 2399 387 2440 instructo,
415 2404 614 2445 utrumque
635 2399 744 2432 etiam
761 2400 801 2432 in
827 2405 1047 2444 potestatem
1071 2404 1257 2444 acceptum
1286 2398 1475 2432 oculorum
1499 2410 1568 2432 usu
1593 2397 1692 2431 mul-

194 2452 298 2489 tant,
327 2447 487 2494 plurima
526 2447 753 2481 exercituum
789 2453 894 2492 parte
931 2449 1103 2494 utrinque
1142 2458 1265 2488 caesa,
1300 2446 1515 2481 indictionis
1551 2447 1691 2492 primae

193 2507 320 2530 mense
354 2495 564 2531 Novembri.
626 2494 836 2529 Decembris
869 2507 977 2542 porro
1002 2496 1062 2529 die
1097 2496 1270 2529 vicesimo
1297 2496 1428 2541 quinto
1455 2496 1545 2530 hora
1571 2495 1691 2529 noctis

194 2544 376 2586 secunda,
405 2556 489 2578 aere
522 2544 657 2578 crebris
696 2543 915 2578 fulminibus
944 2550 982 2578 et
1013 2544 1221 2588 fulguribus
1249 2544 1409 2586 turbato,
1435 2544 1691 2590 imperatoria-

193 2604 272 2625 rum
299 2593 525 2626 officinarum
552 2604 595 2627 ea
621 2604 725 2638 pars,
753 2603 849 2639 quae
891 2592 937 2626 ad
963 2592 1188 2626 aurificinam
1213 2592 1480 2639 phrygionibus
1508 2592 1690 2637 assignata

193 2645 261 2681 est,
288 2641 536 2686 conflagravit.
600 2641 798 2675 celebratis
834 2646 957 2674 autem
984 2640 1167 2686 paschatis
1197 2641 1438 2682 solemnibus,
1464 2639 1690 2675 thematibus

193 2689 371 2723 universis
413 2701 486 2723 una
513 2701 635 2723 secum
661 2689 823 2731 eductis,
850 2691 1051 2735 imperator
1086 2691 1123 2724 in
1152 2690 1387 2724 Armeniacos
1427 2690 1519 2723 vires
1545 2688 1691 2734 imperii

192 2738 385 2771 convertit.
436 2738 570 2772 mensis
598 2749 685 2772 vero
724 2739 814 2772 Maii
840 2737 899 2771 die
927 2739 1100 2772 vicesimo
1137 2739 1306 2785 septimo,
1332 2737 1537 2772 indictione
1563 2738 1690 2783 prima,

193 2785 272 2832 ipsa
310 2792 543 2833 pentecostes
580 2787 712 2822 festiva
751 2786 956 2829 dominica,
999 2787 1142 2835 praelio
1182 2799 1262 2822 cum
1287 2786 1343 2822 eis
1373 2787 1480 2830 inito,
1506 2786 1690 2821 sociorum

1714 861 1760 888 10

1713 1186 1762 1228 15
