1786 3204
246 164 353 222 180
804 181 1152 227 THEoPnANJs

201 293 313 328 Βνου
342 286 487 340 τοῦτο,
518 283 765 340 ἠγωνίζοντο
791 287 1066 343 διαστρέφειν
1094 285 1146 328 τὰ
1175 283 1250 326 ὑπ’
1281 284 1418 326 αὐτοῦ
1435 285 1590 333 καλως,
1603 285 1707 326 ‹5201-

237 353 443 411 κούμενα,
476 357 552 398 καί
575 359 820 415 Βασιλίσκω
864 359 1088 399 συνέθεντο
1128 355 1278 395 δοῦναι
1306 351 1379 408 τὴν
1407 353 1640 408 βασιλείαν,
1668 352 1710 394 εἶ

237 424 416 479 προδοιή
454 421 527 466 τὸν
569 438 645 465 του
673 412 898 478 βασιλέως
921 422 1070 465 στόλον
1097 437 1144 464 τε
1182 422 1256 462 καί
1286 417 1388 462 λαὸν
1414 421 1471 477 τῶ
1498 421 1539 462 Γ
1536 419 1708 478 ιζεριχω

237 491 442 549 Ἀρειανῷ
471 506 562 534 οντι
594 507 663 533 και
698 490 909 547 ὁμόφρονι
950 490 1108 532 αὐτῶν.
1165 489 1238 530 καί
1265 486 1420 530 τούτου
1447 483 1577 543 χάριν
1605 502 1711 543 προ-

238 560 468 602 δεδωκέναι
509 557 583 603 τὸν
612 557 871 600 Βασιλίσκον
910 559 1054 614 φασίν.
1124 554 1218 598 τότε
1255 555 1296 598 Γ
1295 555 1478 610 ιζέριχος
1504 551 1747 609 τεχνασά-5

237 641 362 680 μενος
401 624 544 682 σκάφη
572 626 656 667 τῶν
681 626 892 677 πολεμίων
935 621 1048 673 τινὸς
1077 619 1180 678 ὕλης
1220 620 1439 678 ἐμπλήσας
1467 623 1711 678 καυστικῆς,

237 690 387 742 νυκτὸς
406 690 578 742 ἐπιστὰς
597 690 670 734 καί
700 692 785 733 τῶν
807 690 1030 744 Ῥωμαίων
1048 686 1302 747 ἀφυλάκτως
1329 687 1582 744 ὖπνοὺντων,
1610 687 1713 732 ταύ-

240 776 318 809 τας
350 761 567 815 ἐπαφῆκεν
589 758 670 801 ἀπὸ
690 760 766 814 τῆς
794 760 951 814 χέρσου
981 756 1089 812 μετὰ
1111 755 1347 811 πνεύματος
1377 757 1575 812 ἄπογείου
1604 755 1711 799 κατὰ

240 829 321 869 τοῦ
344 826 588 879 Ῥωμαϊκοῦ
615 823 781 880 στόλου,
811 825 885 868 καί
902 828 1218 883 καταφλέγουσι
1233 827 1312 879 μὲν
1340 823 1474 867 πολλοὶ
1499 828 1585 867 τῶν
1609 840 1714 867 σκα-

242 895 362 951 φῶν·
395 892 447 936 τοὶ
481 895 528 936 δὲ
558 888 667 936 ἄλλα
694 891 767 936 τὸν
795 895 987 936 κίνδυνον
1018 891 1256 950 φεύγοντα,
1284 894 1345 942 εἰς
1373 892 1568 934 Σικελίαν
1609 889 1711 934 ἐπα·
1731 901 1778 927 ¹0

202 964 411 1017 Ονῆλθον.
441 961 536 1004 τότε
564 959 709 1004 λοιπὸν
730 962 805 1003 καί
836 960 859 1003 ὅ
887 962 1148 1004 Βασιλίσκου
1179 961 1302 1011 δόλος
1322 961 1524 1017 ἠλέγχθη,
1549 960 1715 1016 μηδένα

244 1028 394 1073 λαθών
422 1031 502 1072 τοῦ
528 1030 831 1085 στρατοπέδου.

363 1098 430 1155 Τῷ
459 1098 498 1139 δ’
527 1096 641 1155 αὐτῷ
663 1094 744 1139 ἔτει
761 1098 995 1152 Πατρίκιος
1021 1095 1042 1139 ὃ
1064 1094 1157 1146 υἱὸς
1173 1090 1423 1151 ’Ἀσπαρος,
1453 1091 1502 1139 ἃν
1531 1092 1718 1148 καίσαρα

245 1162 267 1207 ὅ
298 1162 501 1220 βασιλευς
532 1166 660 1208 Λέων
690 1164 925 1220 πεποίηκεν,
960 1162 1028 1205 διὰ
1069 1162 1114 1205 τὸ
1145 1160 1320 1205 ἓλκῦσαι
1347 1160 1419 1204 τὸν
1433 1156 1636 1217 ’Ἀσπαρα
1671 1162 1718 1203 ἐκ

243 1233 316 1287 τῆς
349 1233 613 1287 Ἀρειανικῆς
640 1228 762 1287 δόξης
801 1230 875 1272 καί
901 1230 1062 1273 εὐνοεῖν
1101 1231 1160 1289 τῷ
1185 1233 1364 1285 βασιλεῖ’,
1393 1231 1645 1285 παρεγένετο
1672 1229 1717 1270 ἐν
1735 1223 1783 1266 15

244 1299 539 1357 Ἀλεξανδρείᾳ
572 1299 674 1353 μετὰ
717 1301 901 1355 μεγάλης
939 1300 1201 1356 φαντασίας,
1240 1298 1286 1341 ἐν
1314 1291 1349 1357 ᾧ
1390 1298 1629 1354 ἐστερεώθη
1669 1292 1718 1338 τὰ

248 1368 432 1424 Κορεῖον
455 1369 691 1421 βαλανεῖον.
1235 1370 1243 1382 ¹

37 1442 128 1477 ΑΜ.
144 1443 236 1489 5962
352 1432 519 1489 Ῥώμης
548 1432 777 1477 ἐπισκόπου
805 1434 1057 1488 Σιμπλικίου
1089 1431 1180 1485 ε’τος
1208 1435 1260 1478 α’.

205 1515 237 1549 D
368 1499 507 1560 Τούτω
545 1502 604 1561 τῶ
637 1499 720 1545 ἐτει
749 1504 877 1545 Λέων
923 1500 947 1543 ὁ
975 1501 1177 1556 βασιλευς
1216 1500 1400 1559 Ζήνωνα
1428 1500 1504 1544 τὸν
1537 1516 1721 1557 στρατη-

342 1652 376 1687 3-
402 1650 586 1699 προδοίητ
613 1651 664 1686 sie
688 1650 774 1685 dedi
801 1651 878 1685 sine
909 1650 1012 1685 libris
1037 1662 1101 1697 pro
1126 1651 1220 1695 vulg.
1251 1649 1436 1700 προδόσῃ.
1556 1650 1592 1684 6.
1619 1641 1722 1687 τινὸς

344 1697 428 1733 add.
456 1710 501 1732 ex
525 1700 567 1733 A.
702 1702 735 1735 8.
764 1699 946 1755 ἀπογείου
970 1700 1010 1740 Α,
1040 1699 1220 1747 ὑπογείου
1246 1701 1340 1746 vulg.
1488 1698 1540 1734 16.
1570 1709 1721 1746 φαντα-

346 1751 431 1788 σίας
455 1759 525 1781 om.
550 1748 591 1782 A.
721 1759 771 1795 ¹9·
801 1743 868 1784 τὸν
894 1747 977 1781 add.
1005 1759 1049 1782 ex
1073 1748 1115 1783 A.

253 1892 318 1939 qui
345 1896 431 1925 tunc
457 1903 582 1925 eorum
619 1897 832 1938 procurator
868 1898 957 1934 erat,
987 1892 1033 1927 ad
1060 1894 1252 1939 imperium
1279 1893 1451 1934 evexisse,
1478 1891 1580 1939 quasi
1607 1901 1725 1924 rerum

253 1941 414 1973 omnium
450 1951 622 1973 summam
659 1942 812 1986 posthac
848 1941 1098 1975 administrare
1134 1942 1387 1987 praestolatos.
1439 1941 1484 1974 ab
1512 1951 1635 1973 eorum
1663 1950 1726 1985 spe

254 2000 334 2021 cum
370 1989 529 2021 animum
557 1994 736 2022 averteret
760 1990 979 2035 imperator,
1019 1996 1151 2023 rectam
1193 1991 1268 2023 eius
1298 1988 1524 2034 gubernandi
1550 1988 1727 2021 rationem

254 2036 478 2069 labefactare
519 2041 555 2069 et
578 2038 615 2070 in
641 2037 743 2082 peius
771 2037 913 2071 trahere
948 2038 1222 2071 contendebant
1239 2064 1247 2079 ,
1276 2043 1312 2070 et
1339 2037 1507 2070 Basilisco
1535 2035 1728 2082 imperium

257 2095 294 2117 se
321 2084 591 2129 pollicebantur
613 2084 780 2126 tradere,
823 2086 851 2118 si
878 2086 986 2119 modo
1013 2087 1161 2119 classem
1190 2098 1267 2119 cum
1298 2091 1375 2118 toto
1402 2085 1562 2118 exercitu
1590 2083 1732 2116 Gizeri-

258 2131 339 2173 cho,
364 2132 427 2177 qui
450 2143 522 2164 una
551 2144 629 2165 cuin
653 2134 741 2178 ipsis
767 2134 918 2166 Arianas
948 2134 1141 2179 opiniones
1170 2133 1407 2179 sequebatur
1434 2131 1626 2179 proderet:
1659 2142 1731 2177 qua

260 2180 304 2212 (le
334 2190 439 2212 causa
466 2180 674 2214 Basiliscum
699 2180 744 2213 ad
772 2183 969 2215 exercitum
994 2182 1220 2227 prodendum
1246 2182 1440 2215 inclinasse
1468 2181 1514 2214 di·
1511 2185 1604 2213 :.unt
1653 2185 1729 2212 tum

262 2227 473 2261 Gizerichns
507 2227 611 2261 dolos
646 2228 865 2271 meditatus,
899 2241 1008 2264 naves
1046 2230 1195 2264 bellicas
1233 2230 1383 2262 materia
1410 2229 1456 2262 ad
1482 2230 1600 2273 ignem
1632 2225 1730 2260 ficili

263 2276 445 2320 replevit,
483 2286 629 2322 remque
657 2283 765 2310 noctu
793 2278 953 2319 molitus,
993 2277 1078 2312 dum
1107 2278 1257 2311 Romani
1282 2277 1483 2310 dormirent
1506 2274 1731 2317 incustoditi,

263 2325 358 2369 ipsas
388 2334 406 2356 e
451 2327 545 2356 terra
579 2331 687 2358 vento
718 2326 850 2359 exinde
882 2326 1084 2371 aspirante,
1122 2327 1160 2359 in
1193 2328 1388 2359 Romanam
1423 2325 1571 2358 classem
1601 2324 1732 2364 emisit,

263 2371 355 2405 adeo
382 2376 423 2404 ut
446 2372 558 2404 multa
589 2372 737 2417 quidem
763 2374 903 2419 navigia
938 2375 1020 2418 igne
1061 2379 1272 2419 consumpta
1301 2373 1523 2407 defecerint:
1552 2372 1624 2406 alia
1649 2381 1732 2404 vero

262 2420 427 2466 periculo
455 2419 633 2453 subducta
659 2421 697 2454 in
725 2422 884 2454 Siciliam
915 2427 1199 2455 reverterentur:
1230 2427 1340 2467 atque
1370 2422 1419 2455 ita
1446 2419 1734 2454 ‹lemumBasili-

263 2468 314 2501 sci
339 2467 468 2508 dolus,
507 2478 587 2500 cum
614 2479 661 2502 ne
687 2469 804 2502 ullum
837 2470 992 2516 amplius
1018 2470 1056 2503 in
1077 2475 1156 2503 toto
1183 2471 1344 2503 exercitu
1373 2470 1518 2511 lateret,
1542 2468 1735 2502 manifeste

221 2541 226 2546 s
263 2514 521 2562 deprehensus.

358 2564 436 2596 Hoc
462 2564 571 2597 etiam
589 2574 684 2597 anno
699 2564 868 2597 Patricius
886 2564 1027 2609 Asparis
1048 2564 1164 2604 filius,
1185 2573 1290 2609 quem
1304 2565 1378 2599 Leo
1392 2575 1571 2599 caesarem
1587 2567 1735 2604 crearat,

265 2617 305 2645 ut
329 2611 374 2644 ab
405 2611 476 2644 Arii
501 2612 620 2657 pravis
651 2612 886 2658 opinionibus
913 2615 1080 2657 Asparem
1108 2618 1274 2646 avocaret
1312 2619 1350 2647 et
1390 2612 1435 2647 de
1460 2613 1612 2658 imperio
1641 2611 1736 2644 bene

263 2665 485 2700 mereretur,
508 2671 588 2692 cum
614 2671 741 2705 magna
760 2665 953 2706 apparatus
975 2660 1222 2694 ostentatione
1239 2660 1369 2695 missus
1395 2666 1450 2695 est
1469 2659 1735 2701 Alexandriam,

265 2719 307 2742 ac
332 2713 409 2742 tum
434 2707 607 2741 balneum
635 2708 781 2741 Corium
809 2709 956 2741 nomine
982 2714 1231 2742 restauratum

79 2765 121 2800 Δ,
137 2765 253 2811 0462
362 2757 495 2789 Romae
521 2757 721 2802 episcopi
704 2756 882 2802 Simplicii
910 2767 1025 2790 annus
1052 2757 1200 2801 primus.

362 2804 440 2837 Hoc
464 2815 560 2838 anno
582 2803 655 2838 Leo
680 2805 874 2852 imperator
901 2805 1081 2839 Zenonem
1116 2805 1267 2839 militiae
1296 2805 1336 2839 in
1361 2804 1501 2839 oriente
1530 2801 1734 2848 magistrum
