1708 3172
487 202 834 244 THEOPHANJS
877 202 1022 241 vnTA.
1326 202 1394 242 XX
1401 202 1494 240 Xul

27 310 164 348 θεῖναι
197 307 334 346 πίστιν
361 309 450 352 τοῖς
478 304 757 355 ἐψευσμένοις
787 298 939 355 ἀρετὴν
971 299 1200 354 ἡγούμενος
1218 300 1294 355 την
1322 297 1495 354 α’πάτην,

25 376 99 416 καί
123 369 254 428 ταύτῃ
288 369 394 412 κατὰ
427 372 512 411 τῶν
543 367 810 428 οἰκειοτάτων
834 367 1068 422 χρώμενος·
1097 366 1145 418 ὃς
1173 368 1250 422 τῆς
1277 369 1494 420 ιιιειλιχιόυ

25 442 99 482 καί
124 438 258 480 πολλὰ
289 428 867 490 τιμησιέσηςκατεξαναστὰς
884 436 1118 488 βασιλείας,
1148 432 1303 484 ἐξωθεῖ
1323 434 1403 485 μὲν
1422 436 1496 486 τῆς

26 507 250 561 ἐκκλησίας
295 502 367 546 τὸν
410 502 673 556 παγκόσμιον
711 501 785 543 καί
825 497 984 543 ἄδυτον
1012 499 1154 556 ἥλιον,
1192 503 1427 551 συνεξωθεῖ
1448 504 1496 543 ὸὲ

0 573 157 630 ἱτούτῳ
199 566 285 613 τίῆν
328 570 565 624 ἀρχιερέων
604 571 762 625 μικροῦ
805 570 892 611 δεῖν
920 568 1020 617 τούς
1050 565 1264 616 ἅπαντας·
1324 567 1397 608 καί
1422 567 1496 620 τὴν

24 640 230 682 α’νέκαθεν
269 639 314 689 ἐξ
346 637 594 678 α’ποστόλων
639 635 799 691 ταύτην
838 633 1077 691 παράδοσιν
1116 638 1214 688 παρ’
1244 634 1367 676 οὐδὲν
1398 633 1496 689 ἥγη-

23 707 217 761 σοίμενος,
247 702 457 759 ἐξορύττει
484 705 564 756 μὲν
586 705 780 756 Χριστοῦ
808 704 884 757 τῆς
915 704 1036 750 θείας
1065 699 1223 757 σαρκὸς
1251 699 1298 742 τὸ
1336 701 1495 754 ὅμοίω-

21 790 106 826 μα·
181 770 479 826 συνεξορύττει
521 771 567 812 δὲ
608 772 684 824 τῆς
725 768 878 811 τούτου
920 767 1083 824 μητρὸς
1114 771 1189 811 καί
1216 770 1385 811 πάντων
1412 772 1495 810 τῶν

23 839 155 894 ἁγίων
194 837 250 880 τοὶ
294 837 427 880 σεπτὰ
460 837 755 891 εἷκονίσματα,
784 837 858 878 καί
883 836 960 891 τὴν
988 836 1209 892 ἐκκλησίαν
1235 839 1496 892 ψηλαφητοῦ

0 905 196 956 »σκότους
232 907 520 959 ἐμπιζιιπλησι,
560 906 700 960 πολλῷ
730 907 807 946 τοῦ
843 906 944 957 παρ’
972 903 1225 957 Αἰγυπτίοις
1251 907 1494 958 χαλεπωτέ-

21 989 113 1027 ρου.
189 973 389 1015 ἐντεῦθεν
429 974 479 1029 τῇ
517 973 720 1028 ἑλληνηκῇ
767 974 842 1029 βίᾳ
885 968 960 1026 τὴν
997 968 1248 1024 προγονικὴν
1287 970 1495 1031 α’νμμιξας

23 1039 252 1094 α’πόνοιαν,
279 1039 421 1081 ἐλάλει
461 1041 540 1091 μὲν
569 1040 630 1087 εἰς
658 1036 770 1090 ὕψος
809 1039 991 1090 α’νομίαν
1031 1035 1103 1080 τὸν
1132 1035 1313 1079 παλαιὸν
1339 1041 1495 1080 ἐκεῖνον

15 1104 235 1162 Ῥαψάκην
260 1104 654 1162 ὑπερβαλλόμενος·
684 1103 758 1161 τὴν
788 1105 911 1147 πόλιν
946 1105 993 1146 δὲ
1019 1107 1138 1157 θεοῦ,
1166 1104 1240 1160 τὴν
1270 1105 1494 1159 ἐκκλησίαν

22 1176 148 1229 φημί,
177 1177 347 1222 πολλοῖς
388 1173 624 1215 κατασείειν
665 1174 875 1226 ἐπεχείρει
911 1178 998 1221 τοῖς
1024 1170 1320 1227 μηχανήμασι.
1375 1175 1492 1212 πολι-

0 1244 113 1283 ἰτειά
142 1243 222 1294 μὲν
248 1237 325 1282 οὖν
355 1238 491 1289 εὕθῦς
519 1235 666 1282 ἅπασα
685 1240 744 1297 τῷ
775 1241 849 1293 τῆς
878 1240 1038 1281 ἐκείνου
1057 1240 1155 1292 βίας
1183 1237 1375 1293 ἐνανάγει
1391 1237 1494 1279 κλί-

22 1310 140 1363 δωνι,
170 1309 277 1364 μηδ’
303 1306 520 1361 ἀντισχεῖν
547 1305 831 1362 ἐγχειρήσασα
849 1323 860 1334 ·
923 1305 961 1348 οἱ
989 1308 1035 1348 δὲ
1062 1309 1120 1364 τῷ
1147 1302 1250 1359 ῧψει
1277 1308 1361 1347 ταῖν
1389 1306 1494 1358 α’ρε-

19 1377 101 1417 τῶν
129 1377 488 1430 χειραγωγοῦντες
527 1376 626 1424 τοὺς
665 1369 822 1423 ἄλλους
861 1374 966 1427 πρὸς
1000 1372 1050 1414 τά
1083 1371 1279 1429 οὐράνια,
1307 1378 1392 1420 τοῖς
1419 1375 1492 1426 τῆς

21 1444 222 1498 πονηρίας
250 1443 409 1484 ἐκείνου
441 1440 744 1497 παρεσύρησαν
765 1440 937 1496 κύμασι,
967 1441 1008 1482 εἰ
1034 1442 1106 1483 καί
1130 1440 1386 1498 μεταμελείᾳ
1415 1439 1492 1494 τὴν

21 1503 148 1565 ἧτταν
178 1510 495 1551 α’νεκαλέσαντο·
554 1507 594 1550 οἱ
629 1510 676 1550 δὲ
704 1510 788 1550 τῶν
817 1508 890 1550 ἐπὶ
917 1510 991 1563 γῆς
1020 1507 1094 1550 καί
1118 1505 1277 1550 ἑαυτῶν
1306 1505 1491 1563 ἀφειδή-

0 1593 198 1631 »navt-¹59,
230 1577 306 1618 καί
332 1578 498 1632 φρενῶν
529 1576 722 1633 ἀγχινοίᾳ
757 1576 831 1626 τὴν
873 1579 1077 1630 πονηρίαν
1106 1572 1417 1629 ἐκνικήσαντες,
1451 1573 1492 1616 οἱ

19 1645 97 1695 μὲν
141 1644 250 1701 λιμῷ
287 1647 675 1699 προσεκαρτέρουν,
722 1642 759 1684 οἱ
791 1645 837 1684 δὲ
865 1645 1036 1694 μάστιξι
1076 1643 1261 1698 ἀνηλεῶς
1287 1640 1490 1700 ᾐκίζοντο,

21 1709 113 1754 ἔσθ’
142 1707 211 1752 ὅτε
239 1709 314 1752 καί
343 1710 464 1752 νυκτὶ
491 1707 681 1768 θαλάττῃ
705 1708 1098 1766 παραπεμπόμενοι.

115 1819 148 1851 8.
174 1817 248 1853 τῶν
277 1829 347 1850 om.
374 1818 448 1850 Par.
574 1817 625 1851 13.
651 1817 755 1850 Iesai.
783 1818 839 1850 36.
862 1829 894 1849 ν.
924 1828 957 1849 2.

22 1914 148 1954 dolos,
172 1913 266 1947 dolis
295 1914 473 1947 feritatem
499 1913 686 1947 vincebat:
712 1914 758 1947 ad
782 1913 1028 1947 mentiendum
1047 1919 1244 1958 promptus,
1270 1917 1307 1946 et
1336 1911 1381 1945 ad
1408 1924 1490 1957 per-

22 1961 248 1996 suadendum
275 1973 334 2003 ea,
374 1973 469 2007 quae
497 1962 768 2003 mentiebatur,
808 1962 1024 2006 aptissimus.
1077 1961 1204 1994 fraude
1240 1961 1322 1994 loco
1345 1960 1489 1993 virtutis

22 2009 210 2051 utebatur,
252 2017 405 2055 eamque
439 2009 609 2043 adversus
634 2010 946 2043 coniunctissimos
976 2008 1178 2042 exercebat.
1230 2008 1290 2041 hic
1315 2009 1354 2041 in
1379 2007 1489 2040 blan-

21 2057 104 2090 dum
124 2083 133 2098 ,
162 2068 203 2090 ac
241 2057 307 2103 qui
337 2057 492 2091 muitum
530 2058 563 2089 ei
589 2057 737 2091 honoris
765 2056 943 2090 habuerat
979 2057 1231 2102 imperatorem
1256 2066 1488 2099 consurgens,

21 2105 290 2138 ornatissimum
328 2115 369 2138 ac
393 2105 456 2151 qui
484 2116 670 2150 nunquam
704 2104 845 2138 occidat
871 2105 1044 2137 ecclesiae
1069 2104 1182 2137 solem
1207 2103 1317 2144 eiicit,
1343 2114 1385 2135 ac
1408 2114 1489 2136 cum

20 2153 86 2186 illo
114 2164 238 2186 omnes
261 2152 337 2186 fere
361 2152 528 2186 exturbat
554 2153 745 2186 antistites.
771 2151 866 2185 hanc
894 2152 1020 2198 itaque
1045 2151 1091 2184 ab
1116 2151 1293 2197 apostolis
1322 2161 1386 2196 per
1409 2162 1488 2183 ma-

20 2212 87 2234 nus
114 2200 284 2234 traditam
306 2200 575 2234 institutionem
601 2211 792 2245 spernens,
821 2199 966 2233 divinae
992 2199 1108 2233 camis
1136 2199 1269 2232 Christi
1297 2199 1488 2242 imaginem

21 2247 219 2291 exscindit3
242 2247 415 2293 idemque
439 2248 479 2280 in
502 2248 626 2281 matris
652 2248 742 2289 eins,
766 2258 808 2281 ac
830 2254 1038 2281 sanctorum
1067 2246 1288 2281 venerandas
1313 2246 1487 2290 imagines

21 2296 231 2339 committit3
270 2307 313 2328 ac
350 2295 524 2329 ecclesiae
557 2296 737 2340 graviores
772 2295 881 2340 longe
905 2295 1159 2340 Aegyptiacis,
1184 2294 1487 2339 densissimasque

21 2343 189 2377 tenebras
223 2342 392 2377 offundit.
451 2342 538 2376 hinc
568 2348 799 2387 tyrannorum
837 2354 928 2389 quos
961 2342 1048 2376 tulit
1084 2342 1269 2388 gentilitas
1291 2341 1487 2375 violentiae

20 2392 176 2436 patrium
202 2397 319 2424 astum
343 2390 563 2431 admiscens,
602 2402 644 2424 ac
665 2396 823 2424 veterem
854 2390 961 2423 illum
986 2391 1179 2435 Rapsacem
1205 2399 1390 2435 superans,
1416 2389 1488 2421 ini-

22 2439 197 2483 quitatem
220 2439 260 2472 iu
285 2438 440 2472 sublime
467 2438 709 2484 loquebatur;
741 2444 778 2472 et
802 2439 984 2471 civitatem
1016 2437 1095 2478 dei,
1121 2448 1215 2484 quae
1243 2443 1297 2470 est
1321 2436 1487 2476 ecclesia,

22 2486 143 2519 multis
178 2486 478 2520 machinamentis
515 2486 683 2531 dolisque
722 2491 915 2520 concutere
953 2484 1135 2519 studebat.
1198 2485 1321 2519 statim
1361 2485 1487 2530 itaque

22 2533 135 2567 amnis
159 2545 214 2567 res
234 2533 379 2579 publica
397 2533 498 2567 illius
515 2534 712 2567 violentiae
737 2533 897 2579 procella
923 2532 1149 2578 naufragium
1175 2534 1307 2572 facere,
1330 2541 1411 2565 cum
1440 2542 1487 2564 ne

23 2581 141 2614 obniti
165 2582 312 2627 quidem
336 2586 538 2614 conaretur.
589 2581 652 2626 qui
679 2581 853 2615 virtutum
887 2591 961 2626 quo
986 2580 1221 2626 praestabant
1243 2580 1371 2613 merito
1398 2579 1486 2612 reli-

23 2628 103 2674 quis
144 2628 191 2661 ad
227 2628 396 2663 caelestia
438 2627 548 2662 duces
575 2634 698 2669 erant,
735 2629 837 2662 illius
871 2628 1060 2673 nequitiae
1094 2628 1265 2662 fluctibus
1292 2637 1393 2660 secus
1416 2627 1486 2670 agi,

22 2681 176 2721 astuque
203 2675 334 2722 decipi,
358 2677 504 2709 tametsi
526 2677 777 2721 poenitentiae
803 2676 963 2710 remedio
989 2686 1121 2709 noxam
1146 2675 1373 2709 resarcivere.
1421 2673 1487 2718 qui

23 2729 143 2757 autem
169 2734 222 2757 res
246 2729 425 2765 terrenas,
461 2735 575 2770 seque
601 2724 699 2770 ipsos
731 2729 1003 2758 contemnentes
1039 2723 1170 2756 mentis
1196 2722 1343 2756 solertia
1369 2721 1486 2753 scelus

22 2772 194 2811 vicerant,
221 2782 294 2816 qua
319 2770 412 2804 same
450 2770 758 2812 conficiebantur,
787 2783 858 2817 qua
882 2770 1093 2804 verberibus
1126 2769 1205 2803 dire
1231 2767 1486 2803 excruciaban-

23 2824 99 2852 tur:
126 2829 387 2864 nonnunquam
414 2819 522 2852 etiam
548 2825 657 2853 noctu
683 2818 970 2853 coniiciebantur
994 2820 1032 2852 in
1059 2829 1168 2851 mare.

1299 2886 1350 2900 ιιι·

162 2887 303 2934 Theoph
310 2902 330 2923 a
337 2890 393 2922 nis
425 2889 518 2922 Vita.
