1768 3106
286 165 398 222 562
843 185 1192 228 THEOPHANIS

278 287 356 329 νοῦ
383 289 607 342 τρικλίνων
635 286 867 342 λεγόμενον,
897 285 972 330 καί
999 287 1053 329 τά
1083 288 1160 329 τοῦ
1188 287 1400 329 παλατίου
1429 286 1753 343 περιτειχίσμα-

277 372 353 398 τα·
413 355 488 397 καί
521 356 747 410 ἐπέστησεν
777 356 971 410 ε’πείκτην
1003 356 1219 410 Στέφανον
1260 352 1335 396 τὸν
1363 356 1563 411 Πέρσην,
1602 359 1752 397 σακελ-

280 425 427 478 λάριον
457 423 594 466 αὐτοῦ
627 421 699 464 καί
712 423 1070 478 πρωτοευνοῦχον,
1100 419 1246 475 κύριον
1267 422 1341 464 καί
1357 419 1630 477 ἑξουσιαστὴν
1657 423 1753 464 λιάν

278 485 379 534 ὄντα
405 489 637 546 αἱμοβόρον
666 492 742 532 καί
766 490 926 546 ἀπηνῆ·
997 485 1111 538 ὅστις
1139 488 1326 545 ἀνηλεῶς
1355 487 1458 539 τούς
1483 491 1564 543 μὲν
1593 484 1751 543 ὅπερας

230 559 454 610 Βαίκίζειν
486 558 562 600 οῦκ
591 561 772 614 η’ρκεῖτο,
799 555 908 599 ἀλλὰ
941 557 1014 599 καί
1043 559 1282 610 λιθοβολεῖν
1313 551 1470 605 αὐτούς
1487 572 1531 598 τε
1551 558 1626 599 καί
1651 556 1768 606 τούςέ

275 624 436 668 τούτων
481 625 719 675 ἐπιστάτας.
783 625 861 667 τοῦ
901 626 948 668 δὲ
987 624 1196 680 βασιλέως
1235 621 1597 681 ἀποδημήσαντος,
1626 640 1751 666 κατε-

274 693 482 749 τόλμησεν
502 691 524 735 ὅ
543 687 690 748 ἄγριος
710 690 796 748 θήρ
817 693 972 742 ἐκεῖνος
992 691 1066 734 καί
1089 689 1165 747 τήν
1196 688 1332 733 αὕτοῦ
1353 693 1518 747 μητέρα
1545 692 1751 735 Ἀναστα-

273 763 371 804 σιἀν
384 760 460 818 τὴν
479 762 722 817 αὖγοῦσταν
738 762 945 809 παιδικῶς
964 762 1017 802 δι’
1036 761 1195 813 α’βίνων
1213 760 1496 813 μαστιγῶσαι.
1516 760 1563 802 ἐν
1583 757 1752 809 τούτοις

274 831 321 872 δὲ
342 831 415 872 καί
439 831 501 879 εἰς
529 826 644 871 ἅπαν
674 828 721 871 τὸ
743 827 954 871 πολιτικὸν
970 829 1130 883 πλῆθος
1147 825 1281 868 πολλὰ
1310 823 1418 868 κακά
1449 827 1751 882 ἐνδειξάμενος,

270 895 447 954 μισητὸν
473 895 545 940 τὸν
569 898 750 952 βασιλέα
779 898 1018 952 πεποίηκεν.
1076 895 1232 948 ὁμοίως
1257 894 1331 935 καὶ
1358 894 1418 944 εἷς
1443 892 1496 936 τὰ
1535 895 1611 936 τοῦ
1640 909 1748 949 γενι-

269 967 349 1005 κοῦ
393 968 640 1019 λογοθεσιόυ
690 962 919 1019 πράγματα
968 963 1218 1018 κατέστησεν
1254 962 1392 1015 οἴββᾶν
1428 959 1523 1004 τινοὶ
1570 961 1749 1015 ὀνόματι

276 1030 481 1076 Θεόδοτον
517 1023 751 1087 ἕγκλειστον
786 1033 832 1075 τὸ
865 1030 1071 1086 πρότερον
1100 1026 1201 1072 ὄντα
1233 1030 1276 1071 ἐν
1308 1035 1396 1079 τοῖς
1427 1027 1645 1088 Θρᾳκοροις
1672 1031 1750 1071 τοῦ

137 1104 171 1138 Ρ.
186 1105 251 1152 307
269 1103 421 1142 στενοῦ
456 1102 656 1157 μέρεσιν,
700 1099 776 1142 καί
819 1098 954 1142 αὐτὸν
995 1096 1239 1140 δεινότατον
1279 1098 1351 1138 καί
1389 1092 1624 1139 οἷτίθασσον
1654 1098 1750 1138 λίαν

268 1165 530 1224 ὑπάρχοντα,
564 1164 675 1218 ὅστις
693 1169 914 1217 πλείστους
934 1168 1008 1223 τῆς
1034 1165 1248 1214 πολιτείας
1266 1160 1475 1219 ἄρχοντας
1503 1164 1577 1206 καί
1602 1165 1746 1220 ἐμφα-

265 1240 350 1284 νεῖς
383 1230 542 1290 ἄνδρας
581 1237 659 1277 ov'x
688 1236 733 1278 ἐκ
761 1236 848 1278 τῶν
889 1235 1113 1291 διοικητῶν
1150 1232 1304 1288 μόνον,
1347 1229 1456 1273 α’λλοὶ
1486 1232 1560 1273 καί
1587 1232 1633 1274 ἐκ
1659 1233 1768 1273 mhi

263 1304 337 1356 τῆς
367 1302 528 1352 πόλεως
555 1301 806 1359 οἰκητόρων,
847 1303 940 1358 εἰκῆ
970 1300 1042 1344 καί
1068 1301 1207 1355 μα’την
1239 1299 1584 1356 ἀπροφασίστως,
1612 1299 1745 1340 α’παι..

263 1367 402 1424 τήσεις
426 1372 501 1412 καί
518 1369 693 1425 ε’κταγὰς
721 1369 794 1412 καί
821 1368 1046 1426 δημεύσεις
1061 1368 1325 1422 ποιούμενος,
1356 1367 1542 1420 σχοίνοις
1568 1380 1615 1408 τε
1644 1366 1745 1408 τού·

262 1452 363 1487 τους
395 1440 564 1492 κρεμῶν
586 1437 661 1480 καί
689 1437 868 1494 α’χύροις
907 1433 1226 1487 ὖποκαπνίζων.
1285 1432 1350 1476 ἔτι
1383 1434 1430 1475 δὲ
1461 1431 1536 1475 καὶ
1563 1431 1584 1474 ὃ
1613 1431 1744 1488 ἔπαρ-

261 1518 339 1558 χος
369 1506 572 1562 βασιλικῇ
617 1503 809 1547 κελεύσει
853 1505 1075 1553 πλείστους
1117 1498 1277 1558 ἄνδρας
1319 1501 1364 1544 ἐν
1388 1499 1579 1558 εἱρκταῖς
1609 1516 1741 1542 κατα-

367 1640 394 1662 ι.
419 1629 744 1678 περιτειχίσματα]
769 1632 956 1678 κτίσματα
982 1629 1024 1663 Α.
1132 1628 1165 1670 4.
1192 1623 1279 1666 τοὺς
1301 1625 1546 1674 μενσόπερας
1568 1624 1610 1660 Α.
1706 1625 1739 1659 5.

357 1676 442 1716 τοὺς
471 1678 554 1711 add.
582 1690 625 1711 ex
652 1679 690 1712 A.
799 1679 832 1711 6.
859 1678 1025 1724 ἄποδημ.
1055 1677 1093 1718 Α,
1121 1674 1270 1722 ἔπιδημ.
1295 1675 1391 1719 vulg.
1516 1675 1549 1708 8.
1577 1672 1626 1708 δι’
1652 1670 1740 1717 (ἒβη-

358 1726 439 1762 nav
462 1727 503 1768 A,
532 1720 595 1760 διὰ
623 1725 767 1772 τῖβινῶν
794 1737 826 1768 a,
861 1721 926 1762 διὰ
949 1726 1067 1772 βινῶν
1096 1735 1128 1766 e,
1168 1718 1231 1759 διὰ
1258 1722 1379 1768 βενῶν
1403 1721 1429 1771 s?
1550 1733 1585 1767 9.
1612 1719 1652 1755 δὲ
1676 1722 1740 1773 meg:

359 1775 411 1813 εἰς
435 1774 477 1814 Α,
509 1774 549 1809 δὲ
574 1776 627 1814 εἰς
654 1775 750 1819 vulg.
877 1786 928 1808 ιι.
955 1775 1182 1814 κατέστησεν
1207 1770 1290 1805 add.
1318 1781 1362 1803 ex
1387 1771 1429 1803 A.
1566 1770 1620 1805 15.
1648 1767 1738 1801 ἄλλα

357 1824 420 1856 καὶ
446 1823 486 1857 ἐκ
510 1822 551 1864 A,
580 1817 670 1856 ἀλλὰ
697 1824 736 1858 ἐκ
760 1822 857 1868 vulg.
940 1823 992 1855 18.
1024 1820 1177 1868 κρεμῶν
1202 1822 1242 1861 Α,
1268 1818 1445 1866 κρεμνιῦν
1470 1816 1567 1862 vulg.
1643 1814 1738 1851 ὑπο·

357 1881 470 1906 καπν.
498 1870 540 1912 A,
566 1868 680 1906 ἄποκ.
709 1870 805 1915 vulg.
927 1870 1093 1916 ἔπαρχος
1120 1869 1148 1902 A
1174 1879 1207 1910 e,
1235 1866 1406 1913 ὕπαρχος
1431 1865 1524 1910 vulg.

263 1994 445 2039 erigendis
474 1996 599 2040 palatii
623 1995 800 2031 aedificiis
830 1997 990 2031 studium
1017 1995 1206 2030 adhibuit:
1235 1993 1436 2029 triclinium
1452 1990 1642 2026 Iustiniani
1669 2002 1738 2024 no-

261 2042 358 2075 mine
388 2043 559 2089 deinceps
586 2050 766 2087 vocatum,
797 2051 833 2079 et
858 2045 985 2091 palatii
1001 2045 1145 2078 moenia
1172 2042 1348 2077 condidit.
1400 2040 1487 2074 huic
1501 2039 1602 2085 operi
1628 2050 1738 2084 prae-

260 2090 421 2134 positum
449 2097 485 2125 et
513 2104 593 2126 cum
618 2093 726 2138 plena
751 2099 934 2139 potestate
965 2093 1212 2126 dominantem
1237 2089 1460 2136 Stephanum
1492 2088 1652 2128 Persam,
1678 2097 1737 2119 sa-

262 2138 449 2171 cellarium
477 2151 577 2173 suum
618 2146 655 2174 et
683 2141 933 2175 eunuchorum
967 2141 1256 2185 antesignanum,
1281 2137 1469 2185 praefecit.
1519 2135 1549 2168 is
1575 2134 1627 2168 vir
1652 2146 1737 2168 san·

263 2185 449 2229 guinarius
480 2192 518 2220 et
555 2199 691 2221 summe
716 2189 871 2223 crudelis
897 2194 985 2231 erat,
1010 2189 1068 2222 cui
1092 2199 1167 2222 non
1186 2187 1271 2220 satis
1295 2185 1367 2219 fuit
1381 2185 1479 2230 ipsos
1505 2193 1634 2229 operas
1661 2183 1736 2215 sive

261 2234 468 2267 manum-ios
503 2234 647 2269 iniuriis
683 2248 725 2270 ac
747 2237 960 2271 verberibus
999 2237 1148 2278 afficere,
1172 2233 1236 2268 sed
1261 2234 1356 2279 ipsos
1396 2238 1433 2266 et
1456 2231 1517 2277 qui
1547 2241 1736 2276 operarum

263 2279 374 2315 duces
402 2281 604 2327 lapidabat.
666 2285 756 2331 quin
781 2286 890 2319 etiam
916 2296 995 2318 cum
1021 2281 1220 2330 aliquando
1255 2282 1451 2326 imperator
1477 2289 1625 2325 peregre
1651 2288 1737 2323 pro·

263 2328 379 2363 fectus
407 2335 514 2371 esset,
542 2332 690 2375 agrestis
715 2333 781 2365 illa
807 2333 881 2366 fera
898 2332 1124 2366 Anastasiam
1153 2329 1418 2375 imperatricem
1443 2332 1631 2372 augustam
1657 2336 1736 2358 ma-

262 2381 354 2410 trem
384 2377 472 2411 loris
498 2389 692 2423 puerorum
718 2392 818 2414 more
844 2380 1028 2425 flagellare
1055 2390 1141 2413 ausa
1165 2383 1230 2411 est.
1255 2376 1349 2410 idem
1376 2387 1455 2409 cum
1478 2375 1593 2408 multa
1618 2373 1735 2407 maio-

261 2436 374 2471 raque
400 2426 495 2458 mala
522 2426 560 2460 in
589 2427 792 2461 universam
810 2428 1066 2473 rempublicam
1095 2425 1306 2465 admisisset,
1333 2424 1464 2458 civium
1490 2422 1575 2456 odia
1602 2422 1639 2455 in
1664 2420 1734 2453 im-

260 2478 465 2517 peratorem
493 2474 689 2508 suscitavit.
741 2476 907 2509 similiter
932 2481 969 2509 et
1005 2474 1184 2520 generalis
1224 2471 1432 2517 logothetae
1458 2470 1602 2504 muneri
1627 2479 1735 2514 prae-

260 2519 350 2553 fecit
374 2521 589 2567 monachum
610 2521 791 2568 quendam
817 2528 1056 2567 cognomento
1083 2520 1329 2562 Theodotum,
1356 2520 1419 2566 qui
1439 2518 1538 2564 prius
1557 2517 1595 2551 in
1615 2515 1735 2551 Thra-

260 2567 336 2601 ciae
362 2569 496 2603 finibus
539 2569 585 2602 ad
611 2570 696 2603 freti
736 2571 919 2615 angustias
958 2570 1118 2603 inclusus
1144 2570 1296 2609 vixerat,
1334 2567 1443 2600 homo
1471 2566 1607 2612 pariter
1630 2565 1733 2597 ferox

260 2621 298 2648 et
322 2616 479 2658 immitis,
503 2617 567 2663 qui
593 2618 632 2651 in
657 2618 790 2652 multos
815 2618 957 2663 imperii
974 2618 1121 2651 Romani
1149 2617 1322 2662 primores
1348 2615 1517 2660 virosque
1542 2612 1733 2659 spectatis-

260 2663 379 2705 simos,
395 2676 468 2698 non
486 2665 548 2711 qui
567 2666 741 2699 aerarium
761 2665 867 2700 modo
886 2665 1191 2706 administrarent,
1210 2664 1273 2698 sed
1289 2663 1386 2697 urbis
1404 2662 1544 2695 incolas
1558 2660 1732 2699 insolens,

258 2710 410 2752 tributa,
429 2713 680 2758 impositiones
706 2719 815 2759 atque
834 2714 1129 2760 proscriptiones,
1145 2718 1293 2753 temere,
1317 2712 1394 2745 sine
1411 2710 1487 2743 ulla
1505 2709 1599 2742 iusta
1615 2717 1733 2747 causa,

258 2759 317 2791 vel
344 2759 469 2793 saltem
497 2766 686 2806 praetextu
707 2761 886 2806 exigebat,
913 2761 1004 2795 adeo
1029 2767 1069 2796 ut
1095 2761 1204 2794 etiam
1222 2759 1371 2795 funibus
1399 2767 1592 2804 suspensos
1609 2754 1733 2802 palea-

259 2817 336 2839 rum
361 2806 513 2842 inferius
542 2819 770 2843 accensurum
799 2810 898 2843 fumo
924 2821 1052 2845 vexare
1078 2808 1240 2842 auderet.
1291 2811 1480 2854 praeterea
1509 2803 1607 2838 urbis
1625 2813 1732 2849 prae-
