1786 3204
271 139 344 195 60
821 148 1166 192 THEOPHANIS

273 274 339 308 τες
371 254 699 312 απεστράφησαν
741 254 800 302 εἷς
836 250 889 294 τά
935 248 1069 293 <inloto
1089 280 1100 301 ‚
1145 246 1219 289 καί
1244 242 1349 298 ὑπὲρ
1377 240 1561 295 μυρίους
1589 236 1729 280 αὐτῶν

237 327 444 371 Βὸιιλῐται
472 325 699 365 ἀπέθανον.
755 325 843 370 τοῖς
885 320 932 361 δὲ
959 321 1118 365 λοιποῖς
1154 308 1336 368 σκηπτὸς
1365 305 1603 364 οὐρανόθεν
1630 304 1730 347 ἐπέ-

271 409 373 436 πεσε
393 425 405 448 ,
447 408 516 433 και
545 390 730 445 νεφελῶν
756 386 986 443 γνοφωδῶν
1012 382 1086 426 καὶ
1127 396 1260 423 υετων
1288 375 1458 431 λαύρων
1503 373 1579 416 καί
1602 375 1728 428 βρον-

270 463 352 503 τῶν
381 476 520 516 φωναι
562 453 748 505 ἅπαντας
786 454 1050 508 ἐξέπληττον,
1080 449 1138 498 ὠς
1176 461 1274 495 τους
1313 445 1484 492 πλείους
1522 441 1581 499 τῷ
1608 438 1730 498 φόβω

273 527 578 584 διαφθαρῆναι,
638 520 843 565 πάντοθεν
873 522 920 562 δὲ
950 518 973 560 ὅ
1013 521 1103 566 νέος
1140 512 1300 570 Φαραω
1333 509 1537 567 Σαβώρης
1564 505 1769 552 στενού·5

271 611 394 649 μενος
438 591 587 648 ἡττᾶτο
630 595 714 638 τοῖς
756 590 830 631 τοῦ
862 584 994 644 φόβου
1037 584 1246 637 aei-fleam»
1317 578 1363 630 ὃς
1411 578 1606 628 ἀτενίσας
1647 580 1732 623 τοῖς

273 662 524 739 ὄφθαλμοῖς
554 657 660 715 πρὸς
687 655 733 699 τὸ
770 652 1005 697 καταπεσὸν
1044 654 1118 695 τοῦ
1144 652 1323 704 τείχους,
1355 645 1433 704 δρᾷ
1461 641 1634 701 αγγελον
1662 643 1735 686 ἐπί

272 728 319 771 τό
353 742 480 782 ακρον
508 722 670 768 εστῶτα
699 727 903 777 λαιιπρως
932 721 1237 797 ἐστολισμένον,
1268 732 1338 758 και
1369 711 1487 770 παρὰ
1505 717 1632 768 χεῖρα
1659 708 1734 752 τὸν

273 797 451 850 βασιλέα
471 790 766 836 Κωνστάντιον
796 791 1049 846 κρατοῦντα·
1108 802 1154 835 ος
1176 785 1338 833 εὐθέως
1366 780 1617 838 ταραχθεάς,
1645 782 1734 827 τοῖς

275 861 425 917 μάγοις
453 858 636 903 θάνατον
663 857 841 914 ἠπείλει.
898 853 1111 910 μαθόντες
1145 853 1191 895 δὲ
1218 850 1295 907 τήν
1315 850 1468 903 αἰτιάν,
1499 843 1734 903 ὃιεγνωκει-
1753 862 1786 889 1(

276 946 356 973 σαν
384 931 457 971 τοῦ
500 929 700 984 φανέντος
732 923 807 979 τὴν
837 923 1020 977 δύναμιν
1058 918 1307 976 ἑρμηνεύειν
1342 919 1401 976 τῶ
1427 919 1620 972 βασιλεῖ,
1678 929 1737 964 ως

274 998 443 1050 μείζων,
472 991 501 1049 ἦ
527 996 614 1036 κατ’
647 990 810 1041 αὐτούς.
888 991 962 1048 [δι’
991 984 1062 1046 ἧς]
1096 989 1291 1030 ἐντεῦθεν
1319 981 1514 1040 ἐπιγνοὺς
1543 984 1620 1025 τοῦ
1650 997 1736 1022 κιν-

236 1063 399 1105 Οδύνου
448 1077 522 1118 την
566 1061 729 1114 αιτιάν,
773 1059 848 1101 καί
886 1059 1070 1114 ἔμφοβος
1109 1052 1357 1111 γενόμενος,
1389 1053 1580 1096 ἐκέλευσε
1605 1048 1658 1092 τά
1690 1064 1737 1090 τε

275 1129 468 1185 μα’γγανα
495 1129 675 1183 καῆναι,
704 1143 773 1170 και
801 1123 882 1168 ὃσα
914 1122 1020 1180 πρὸς
1049 1121 1124 1179 τὴν
1151 1125 1229 1165 τοῦ
1246 1122 1432 1174 πολέμου
1462 1114 1739 1174 παρασκευὴν

274 1194 500 1252 ηυτρέπισε
551 1196 817 1250 διαλυθῆναι.
889 1190 1020 1242 αὐτὸς
1073 1193 1120 1234 δὲ
1169 1206 1250 1233 συν
1307 1193 1395 1237 τοῖς
1444 1188 1571 1236 ιὸιόις
1621 1185 1740 1242 φυγῇ
1757 1184 1786 1226 1!

277 1266 424 1307 ἒὸιωκε
442 1261 515 1319 τήν
546 1264 728 1320 πατρίδα
759 1291 955 1305 .....
986 1258 1189 1332 πρότερον
1218 1257 1389 1315 λοιμικῇ
1414 1251 1523 1313 νόσω
1545 1255 1740 1311 διαφθα-

278 1334 430 1387 ρὲντες.

72 1403 265 1448 Α.Μ.5842
392 1398 533 1456 Τούτῳ
576 1400 632 1455 τῷ
669 1395 753 1439 ἔτει
783 1395 1077 1444 Κωνστάντιος
1124 1391 1145 1434 ὅ
1178 1389 1426 1448 Αὔγουστος
1454 1388 1585 1444 μόνος
1612 1392 1739 1444 βασι-

279 1465 423 1521 λεύων,
455 1466 618 1509 Γάλλον
665 1463 841 1519 ἀνεψιὸν
871 1463 981 1508 ἴδιον
1009 1460 1211 1505 κοινωνὸν
1240 1462 1314 1517 τῆς
1338 1457 1497 1503 ἑαυτοῦ
1519 1458 1740 1513 βασιλείας

379 1617 408 1638 ι.
434 1601 477 1639 τὰ
509 1602 630 1640 ὀπίσω
657 1603 706 1642 Α,
732 1602 898 1648 τοῦπίσῳ
918 1601 1012 1646 vulg.
1112 1612 1142 1635 2
1171 1600 1325 1635 ἐνέπεσε
1345 1608 1378 1639 e,
1404 1597 1539 1633 ἔπεσεν
1565 1597 1604 1629 Α.
1703 1594 1737 1627 3.

371 1664 445 1698 req
452 1655 503 1687 ὤν
527 1652 590 1684 alii
616 1628 720 1684 codd.
816 1650 984 1696 λαύρωνε
1017 1648 1110 1681 hanc
1136 1647 1240 1681 codd.
1265 1647 1476 1701 scripturam
1499 1654 1564 1690 pro
1589 1643 1740 1700 λάβςων

372 1699 648 1754 relinquendam
676 1698 774 1733 duxi.
891 1700 924 1731 6.
950 1710 1012 1740 της
1033 1697 1154 1744 φόβου
1180 1696 1256 1729 Par.
1355 1706 1386 1740 7.
1411 1692 1462 1741 τῷ
1485 1691 1741 1728 καταπεσόντι

375 1749 438 1782 alii
468 1747 586 1789 codd.
612 1741 653 1782 τὸ
680 1744 895 1782 καταπεσόν
918 1747 1009 1781 uA.
1106 1757 1139 1790 9.
1165 1727 1448 1779 Κωνστάντιον
1461 1740 1673 1788 κρατοῦντα
1699 1740 1739 1779 Α,

372 1796 578 1841 κρατοῦντα
601 1798 750 1831 Κωνστ.
774 1795 866 1839 vulg
860 1820 889 1836 .‚
915 1797 1213 1829 Κωνστανιῖνον
1239 1791 1313 1824 alii.
1444 1801 1493 1824 12.
1521 1788 1568 1824 δι
1595 1790 1639 1831 ἧς
1667 1799 1737 1820 om.

372 1845 435 1877 alii
461 1843 564 1878 codd.
689 1844 737 1876 13.
763 1844 984 1892 γενόαενος]
1021 1836 1190 1888 γεγονώς
1214 1840 1278 1873 alii
1303 1838 1406 1873 codd.
1502 1837 1548 1872 τά
1573 1848 1611 1871 τε
1640 1837 1740 1883 μα’γ-

372 1895 489 1938 γανα]
515 1906 560 1927 τα
586 1893 792 1938 τεταγμένα
817 1891 856 1925 Α.
995 1891 1047 1922 16.
1082 1890 1210 1921 lacuna
1244 1889 1281 1921 in
1310 1886 1412 1920 codd
1442 1897 1563 1933 neque
1589 1884 1741 1918 adnota-

375 1946 456 1982 tur,
485 1951 604 1987 neque
632 1939 809 1987 expletur.
938 1950 989 1985 ¹9·
1013 1932 1175 1984 ἀνεψιὸν
1199 1936 1297 1973 ἴδιον
1324 1947 1394 1972 om
1421 1933 1458 1968 b.

285 2067 377 2100 versi
402 2071 484 2100 sunt
506 2067 544 2099 in
562 2066 692 2111 fugam,
716 2066 807 2100 adeo
831 2071 870 2100 ut
894 2077 938 2100 ex
963 2077 1084 2100 eorum
1121 2065 1266 2098 armatis
1291 2062 1471 2097 militibus
1488 2072 1596 2107 supra
1617 2059 1742 2093 decem

285 2115 402 2148 millia
431 2125 508 2147 caes
496 2116 521 2147 i
550 2114 856 2148 desiderarentur:
882 2115 1040 2160 reliquos
1058 2114 1195 2146 fulmen
1213 2112 1389 2146 caelitus·
1381 2111 1579 2144 immissum
1599 2109 1744 2154 disper-

287 2164 356 2202 sit,
387 2167 423 2195 et
447 2162 535 2194 (;·ιὶὶΠ
519 2164 662 2207 ὲίῐιοεειθ
696 2161 822 2200 nubes,
847 2168 884 2196 et
910 2165 1101 2196 effusorum
1139 2161 1312 2194 imbrium
1336 2159 1494 2199 diluvia,
1521 2159 1743 2192 tonitruum-

286 2221 359 2255 que
395 2210 534 2243 sonitus
570 2216 715 2243 cunctos
753 2215 856 2244 tanto
886 2215 1019 2244 terrore
1055 2210 1240 2255 perculsit,
1264 2214 1305 2243 ut
1329 2220 1371 2242 eo
1398 2208 1521 2253 plures
1547 2203 1743 2239 exanimati

284 2259 395 2291 vitam
422 2258 567 2303 penitus
593 2258 810 2291 ¹imitterent.
857 2257 991 2291 talibus
1016 2258 1126 2302 igitur
1145 2269 1201 2290 an
1194 2257 1318 2302 gustiis
1334 2256 1488 2290 Sabores
1507 2265 1622 2288 novus
1650 2251 1744 2285 Pha-

287 2317 348 2339 ι·ιιο
380 2309 604 2346 constrictus,
630 2306 775 2339 terroris
800 2305 869 2339 sibi
895 2306 1028 2339 incussi
1053 2306 1219 2339 fluctibus
1248 2303 1524 2339 absorbebatur.
1576 2301 1746 2348 quocirca

285 2354 458 2387 coniectis
484 2353 527 2386 ad
558 2365 633 2386 eam
659 2354 751 2387 muri
788 2359 940 2398 partem,
974 2364 1066 2408 quae
1095 2354 1255 2399 collapsa
1287 2359 1385 2394 erat,
1420 2351 1549 2392 oculis,
1578 2349 1745 2394 angelum

284 2401 477 2446 splendido
517 2401 684 2435 amictum
716 2407 844 2434 ornatu
875 2413 1008 2434 summa
1046 2402 1084 2434 in
1110 2408 1211 2447 parte
1237 2407 1403 2442 stantem,
1429 2406 1466 2433 et
1491 2398 1746 2432 Constantium

283 2450 537 2494 imperatorem
572 2460 679 2482 manu
711 2454 895 2482 tenentem
920 2450 1107 2494 conspicit.
1170 2461 1242 2496 quo
1271 2450 1346 2483 viso
1371 2447 1608 2482 conturbatus
1633 2444 1746 2489 magis

282 2502 433 2530 mortem
459 2497 613 2530 minatus
649 2502 713 2530 est.
763 2497 819 2529 illi
856 2498 1018 2542 portenti
1051 2508 1156 2531 causa
1191 2499 1334 2542 cognita
1366 2497 1437 2529 vim
1469 2496 1547 2530 eius
1572 2493 1746 2528 maiorem

284 2556 372 2585 esse,
399 2556 505 2590 quam
535 2555 626 2590 quae
652 2545 814 2589 superari
840 2551 971 2589 posset,
1010 2546 1081 2589 regi
1108 2547 1279 2579 nunciare
1305 2545 1554 2579 decreverunt.
1604 2551 1748 2575 causam

284 2593 408 2637 itique
435 2592 586 2638 periculi
627 2591 797 2632 edoctus,
832 2593 1033 2637 ιιιιίοιῑεμιε
1065 2599 1163 2626 metu
1193 2594 1361 2635 territus,
1387 2592 1537 2626 bellicas
1561 2589 1746 2624 machinas

283 2639 467 2694 comburi,-
487 2645 740 2685 caeterumque
767 2652 908 2673 omnem
930 2646 1139 2696 appnraturu
1157 2642 1425 2682 c0mmi11ui‚et
1449 2639 1617 2675 inutilem
1645 2635 1747 2670 reddi

284 2688 399 2722 iussit.
457 2687 534 2738 ipse
566 2699 651 2720 vero
683 2700 763 2721 cum
799 2688 871 2720 suis
910 2688 991 2731 fuga
1028 2689 1181 2733 patriam
1214 2689 1607 2735 insequeb.1tur,quo
1643 2690 1748 2718 ante-

284 2746 390 2782 quam
415 2732 669 2781 pervenirent,
698 2735 842 2781 plurimi
873 2736 1103 2780 pestilentiae
1127 2737 1252 2770 morbo
1282 2737 1486 2782 consumpti
1514 2740 1607 2769 sunt.

95 2779 135 2815 A.
150 2781 269 2826 0342
378 2783 455 2817 lloc
479 2794 574 2818 anno
594 2783 825 2818 Constantius
842 2783 1022 2829 Augustus
1043 2795 1121 2818 cuin
1147 2786 1244 2819 solus
1269 2785 1519 2819 moderaretur
1543 2780 1747 2829 imperium.
