1768 3106
202 326 229 359 C

34 393 122 426 AM*
136 394 230 438 6209

196 727 227 759 1)

106 1469 142 1503 P.
155 1471 223 1504 328

50 2006 89 2039 A.
105 2006 141 2039 C.
154 2017 224 2052 7⁰9

243 129 359 184 600
812 149 1159 192 THEOPHANJS

243 266 311 292 κια
340 252 413 304 τῆς
452 252 592 303 δεξιᾶς
629 257 773 308 χεῖρος
815 250 957 294 αὕταῖν
995 254 1266 306 κατὲβαψαυ,
1304 253 1376 292 καί
1406 251 1602 294 §nez-9512
1630 257 1715 300 τοῖς

242 319 416 372 ἐχθροῖς
446 319 758 375 παρεδόθησαν.

345 384 567 437 Ῥωμαίων
597 388 806 440 βασιλέως
837 387 1024 433 Λέοντος
1053 385 1131 426 τοῦ
1158 386 1352 438 Ἰσαύρου
1382 383 1473 434 ἔτος
1501 385 1558 428 α’.

358 451 498 510 Τούτῳ
539 454 594 510 τῷ
637 451 723 494 ἔτει
753 453 881 495 Λέων
926 450 1200 506 ἐβασίλευσεν
1236 454 1282 494 ἐκ
1320 455 1392 507 τῆς
1422 452 1715 506 Γερμανικίων

239 518 550 574 καταγόμενος,
610 522 661 577 τῇ
681 521 725 562 δὲ
758 521 937 577 α’ληθειᾲ
969 521 1014 561 ἐκ
1042 521 1114 574 τῆς
1140 518 1374 574 Ἰσαυρίας.
1431 518 1511 561 ὑπὸ
1542 521 1586 562 δὲ
1613 521 1752 563 ’[ου-5

239 588 456 628 στινιανοῦ
483 589 695 640 βασιλέως
722 585 802 628 σύν
831 592 917 636 τοῖς
945 587 1114 641 γονεῦσι
1147 587 1431 639 μετοικίζεται
1457 587 1501 628 ἐν
1529 590 1714 642 Μεσημ-

238 651 339 710 βρίᾳ
365 655 439 707 τῆς
471 653 641 711 Θρᾴκης
679 655 725 695 ἐν
763 656 810 711 τῇ
852 651 999 711 πρώτῃ
1040 653 1176 696 αὐτοῦ
1209 657 1433 712 βασιλείᾳ·
1487 654 1533 696 ἑν
1575 654 1622 696 δὲ
1665 654 1716 710 τῇ

241 722 415 777 δευτέρᾳ
446 720 578 763 αὐτοῦ
617 723 811 779 βασιλείᾳ
840 723 1073 775 ἐρχομένου
1115 723 1252 764 αὐτοῦ’
1278 719 1383 775 μετὰ
1411 723 1492 764 τῶν
1521 720 1717 774 Βουλγά-

239 804 337 844 ρων,
366 787 606 844 ὑπήντησεν
636 786 751 847 αὐτῷ
763 787 872 842 μετὰ
904 786 1053 843 δώρων
1068 787 1291 843 προβάτων
1319 788 1612 831 πεντακοσίων.
1642 792 1717 828 θε-

239 857 475 909 ραπευθείς
503 857 551 898 δὲ
578 855 601 898 ὅ
627 854 917 905 ’[ουστινιανὸς
944 855 1187 911 σπαθάριον
1215 856 1376 906 εὐθέως
1397 855 1526 899 αὐτὸν
1544 858 1715 911 πεποίη-

237 938 318 975 κεν,
347 921 419 963 καί
447 918 561 977 εἶχεν
594 921 728 966 αὐτὸν
766 923 824 972 ὥς
854 921 1026 978 γνήσιον
1057 926 1198 979 φίλον.
1273 921 1422 982 φθόνῳ
1453 924 1500 966 δὲ
1531 921 1714 979 φερόμε-

236 990 302 1031 νοί
321 1005 431 1039 τινες
463 989 569 1043 πρὸς
587 990 720 1033 αὐτὸν
751 993 974 1044 διέβαλλον
1005 989 1151 1044 αὐτόν,
1183 990 1239 1041 ὥς
1267 993 1340 1046 τῆς
1362 984 1585 1046 βασιλείας
1617 987 1716 1043 ὄρε-

235 1055 427 1112 γόμενον.
487 1057 701 1114 ζητήσεως
742 1059 788 1100 δὲ
820 1059 1046 1114 γενομένης
1083 1060 1184 1112 περὶ
1213 1057 1380 1116 τούτου,
1412 1057 1470 1109 ὥς
1500 1059 1714 1114 συκοφάν-

237 1141 305 1166 ται
336 1124 706 1182 κατῃσχύνθησαν.
780 1124 801 1165 ὁ
835 1127 881 1166 δὲ
909 1128 1101 1174 τοιοῦτος
1130 1122 1250 1179 λόγος
1281 1124 1416 1168 ἔκτοτε
1450 1121 1603 1180 ἤρξατο
1630 1122 1710 1165 ὑπὸ

238 1194 402 1233 πολλῶν
429 1195 672 1234 λαλεῖσθαι.
709 1190 730 1233 ὅ
764 1188 841 1234 οὖν
866 1190 1165 1242 Ἰουστινιανὸς
1197 1193 1238 1234 εἰ
1264 1194 1338 1235 καί
1365 1194 1596 1250 προφανῶς
1620 1194 1716 1234 τοῦ·

236 1273 308 1300 τον
338 1258 507 1311 βλάψαι
548 1258 625 1300 οὐκ
660 1258 895 1315 ἠθέλησεν,
936 1257 1027 1301 ἀλλ’
1068 1254 1145 1302 οὖν
1184 1257 1346 1315 βρόμος
1386 1276 1451 1309 τις
1480 1260 1596 1318 αὐτῷ
1626 1265 1716 1301 κατ’

237 1325 372 1366 αΰτοῦ
405 1328 631 1383 ἐπιτίθεται,
663 1329 737 1368 καί
755 1323 1004 1368 ἀποστέλλει
1025 1324 1160 1368 αὐτὸν
1193 1324 1442 1385 ἐν”Αλανίᾳ
1473 1325 1582 1379 μετὰ
1612 1344 1717 1382 χρη-

236 1390 384 1445 μα’των
426 1393 533 1447 πρὸς
572 1392 618 1435 τὸ
661 1395 910 1448 συγκινῆσαι
953 1391 1052 1443 τούς
1087 1393 1297 1445 ’Λλανοὺς
1345 1393 1450 1436 κατὰ
1480 1394 1717 1448 Ἀβασγίαν

239 1460 311 1501 καί
338 1459 536 1515 Λαζικὴν
565 1461 640 1502 καί
671 1460 870 1515 Ἰβηρίαν.
927 1459 948 1503 ὃ
978 1462 1024 1501 δὲ
1051 1460 1250 1502 α’πελθών
1292 1463 1335 1503 ἐν
1365 1463 1415 1518 τῇ
1448 1462 1633 1517 Λαζικῇ,
1662 1459 1713 1502 τά

1734 872 1768 897 1(

236 1529 314 1579 μὲν
343 1525 547 1581 χρήματα
591 1527 775 1569 ἀπέθετο
803 1530 847 1569 ἐν
884 1530 942 1584 τῷ
976 1527 1162 1584 Φάσιδι,
1197 1526 1361 1582 ὀλίγοι-ς
1391 1531 1437 1570 δὲ
1465 1527 1608 1582 λαβών
1636 1530 1768 1570 τῶνα(

237 1595 437 1635 ἐντοπίων
463 1595 654 1649 α’πῆλθεν
694 1596 755 1643 εἰς
787 1595 1050 1651 Δαφίλειαν,
1078 1595 1150 1636 καί
1179 1594 1371 1649 ὑπερβὰς
1397 1593 1448 1638 τοὶ
1483 1595 1717 1637 Καυκάσιος

332 1737 365 1779 4.
396 1738 684 1783 Γερμανικαίων
712 1738 752 1770 Α.
851 1750 884 1784 7.
910 1738 952 1773 ἐν
976 1737 1018 1787 τῇ
1044 1738 1085 1781 A,
1112 1738 1175 1773 ἐπὶ
1199 1740 1240 1786 τῇ
1268 1739 1365 1784 vulg.
1471 1750 1523 1772 ιι.
1549 1738 1660 1785 ἔσχεν
1674 1738 1713 1771 Α.

333 1795 389 1817 21.
415 1787 615 1831 Λαψηλίαγ
641 1788 679 1819 Α.

235 1917 322 1951 pere
359 1911 647 1951 proposuerant,
673 1917 799 1939 manus
828 1906 1000 1940 dexterae
1033 1907 1193 1940 manicas
1221 1907 1258 1939 in
1282 1905 1497 1940 sacrificium
1522 1907 1616 1940 illud
1645 1907 1714 1940 deo

237 1953 479 1987 execrandum
504 1955 697 1987 intinxere.
748 1966 826 1987 eam
853 1954 899 1987 ob
922 1965 996 1987 rem
1025 1955 1064 1987 in
1091 1954 1248 1988 hostium
1275 1959 1496 2000 potestatem
1521 1967 1665 1989 venere.

333 2003 575 2035 Romanorum
607 2002 836 2047 imperatoris
859 2002 992 2035 Leonis
1015 2003 1128 2035 Isauri
1155 2014 1270 2035 annus
1297 2003 1444 2047 primus.

331 2049 410 2082 Hoc
433 2061 528 2083 anno
554 2050 626 2082 Leo
653 2050 893 2092 Germanicia,
918 2060 983 2082 seu
1010 2052 1129 2083 verius
1155 2050 1292 2083 Isauria
1322 2049 1496 2083 oriundus
1520 2050 1713 2095 imperium

237 2095 411 2129 obtinuit.
461 2096 520 2130 hic
547 2109 619 2130 una
645 2109 724 2130 cum
751 2097 964 2142 parentibus
992 2109 1011 2131 e
1039 2098 1152 2131 natali
1179 2098 1257 2131 solo
1283 2098 1321 2130 in
1346 2098 1524 2131 Thraciae
1555 2098 1714 2132 Mesem-

234 2143 352 2177 briam
381 2144 425 2177 ab
454 2145 672 2190 imperatore
687 2146 893 2186 Iustiniano¹
920 2146 1114 2179 translatus
1131 2146 1201 2178 fuit
1225 2145 1332 2190 primi
1349 2146 1428 2178 eius
1453 2145 1595 2190 imperii
1621 2151 1714 2180 tem—

234 2191 406 2238 poribus,
432 2192 562 2225 eodem
587 2204 671 2226 vero
702 2193 861 2226 secundo
895 2194 1109 2239 imperante,
1137 2192 1284 2238 quando
1312 2204 1392 2226 cum
1418 2193 1581 2237 Bulgaris
1604 2194 1714 2226 nimi-

236 2251 315 2272 rum
342 2250 502 2273 reversus
520 2246 585 2281 est,
611 2241 689 2286 ipse
713 2241 784 2273 Leo
812 2241 952 2275 obviarn
979 2252 1187 2286 progressus
1217 2241 1496 2286 quingentarum
1521 2242 1641 2275 ovium
1667 2241 1713 2274 ad

235 2298 319 2321 eum
342 2298 473 2320 munus
490 2288 608 2320 m1sit:
635 2299 708 2332 quo
726 2289 949 2322 Iustinianus
975 2289 1173 2330 delinitus,
1195 2288 1420 2333 spatharium
1444 2300 1526 2322 mox
1551 2295 1713 2323 creatum

234 2335 275 2368 in
303 2334 538 2368 sinceriorum
567 2336 762 2368 amicorum
778 2348 967 2369 numerum
985 2336 1132 2381 adlegit.
1183 2335 1270 2368 hinc
1296 2336 1434 2370 invidia
1459 2337 1593 2370 conciti
1617 2349 1713 2370 non-

235 2383 331 2416 nulli
356 2383 475 2429 ipsum
502 2385 692 2416 affectatae
722 2383 922 2426 tyrannidis
947 2384 1044 2429 apud
1069 2383 1312 2417 Iustinianum
1342 2390 1621 2426 accusaverunt,
1646 2396 1715 2417 ve-

237 2442 315 2463 rum
341 2431 508 2464 instituta
534 2430 585 2464 rei
610 2430 846 2471 discussione,
874 2432 937 2464 isti
960 2431 1062 2465 velut
1085 2432 1361 2465 calumniatores
1387 2443 1467 2465 cum
1494 2433 1627 2466 rubore
1653 2444 1713 2466 re-

235 2484 291 2512 tro
318 2478 501 2512 amandati
525 2483 619 2512 sunt.
670 2479 699 2512 is
728 2489 815 2511 sane
843 2490 962 2512 rumor
988 2490 1033 2512 ex
1075 2490 1118 2512 eo
1142 2484 1306 2524 tempore
1333 2491 1352 2512 a
1378 2480 1563 2525 plerisque
1590 2480 1713 2513 divul-

236 2527 313 2569 gari
339 2526 473 2572 coepit.
523 2526 743 2560 Iustinianus
780 2531 899 2559 autem
929 2526 1018 2560 licet
1051 2526 1085 2559 ei
1113 2527 1233 2573 palam
1259 2538 1388 2560 nocere
1414 2528 1542 2568 nollet,
1573 2533 1713 2561 secreta

233 2578 358 2607 tamen
383 2574 586 2619 indignatio
611 2574 771 2608 animum
798 2573 876 2607 eius
901 2573 1074 2615 incessit,
1103 2586 1214 2621 quare
1233 2575 1349 2620 ipsum
1376 2587 1464 2612 cum,
1483 2575 1621 2620 ingenti
1647 2586 1713 2620 pe-

235 2622 341 2655 cunia
382 2623 419 2655 in
459 2622 623 2656 Alaniam
662 2622 865 2666 delegavit,
904 2626 944 2654 ut
966 2621 1099 2654 Alanos
1137 2622 1176 2655 in
1205 2622 1398 2668 Abasgiam
1427 2628 1464 2656 et
1491 2623 1646 2656 Lazicen
1677 2628 1714 2656 et

235 2669 390 2702 Iberiam
417 2670 628 2704 concitaret.
677 2670 742 2702 ille
766 2670 928 2702 Lazicam
958 2669 1142 2715 profectus
1170 2671 1361 2715 pecuniam
1388 2669 1536 2717 quidem
1562 2671 1601 2704 in
1617 2670 1714 2704 Pha—

237 2716 316 2749 side
343 2718 530 2763 reposuit,
558 2723 595 2751 et
630 2717 755 2763 paucis
788 2716 970 2761 indigenis
1003 2728 1123 2750 secum
1161 2717 1327 2752 abductis
1365 2718 1403 2751 in
1443 2718 1646 2764 Dapsilium
1673 2728 1712 2751 se

236 2765 403 2807 contulit,
427 2776 469 2798 ac
497 2765 630 2799 deinde
661 2765 850 2799 Caucaseis
875 2763 1060 2799 montibus
1085 2767 1276 2811 superatis,
1300 2767 1341 2800 in
1368 2766 1534 2800 Alaniam
1560 2771 1710 2800 conten·
