<?xml version="1.0" encoding="UTF-8"?>
<!DOCTYPE html PUBLIC "-//W3C//DTD XHTML 1.0 Transitional//EN"
    "http://www.w3.org/TR/xhtml1/DTD/xhtml1-transitional.dtd">
<html xmlns="http://www.w3.org/1999/xhtml" xml:lang="en" lang="en">
 <head>
  <title>
</title>
<meta http-equiv="Content-Type" content="text/html;charset=utf-8" />
  <meta name='ocr-system' content='tesseract 3.04.00' />
  <meta name='ocr-capabilities' content='ocr_page ocr_carea ocr_par ocr_line ocrx_word'/>
</head>
<body>
  <div class='ocr_page' id='page_1' title='image "./corpusscriptorum46niebuoft_0114.png"; bbox 0 0 1786 3204; ppageno 0'>
   <div class='ocr_carea' id='block_1_1' title="bbox 267 142 1169 208">
    <p class='ocr_par' dir='ltr' id='par_1_1' title="bbox 267 142 1169 208">
     <span class='ocr_line' id='line_1_1' title="bbox 267 142 1169 208; baseline -0.008 -11"><span class='ocrx_word' id='word_1_1' title='bbox 267 142 340 208; x_wconf 70' lang='grc'>54</span> <span class='ocrx_word' id='word_1_2' title='bbox 824 148 1169 193; x_wconf 79' lang='lat' dir='ltr'>&#39;fflEOPHANlS</span> 
     </span>
    </p>
   </div>
   <div class='ocr_carea' id='block_1_2' title="bbox 56 246 1786 1527">
    <p class='ocr_par' dir='ltr' id='par_1_2' title="bbox 266 246 1720 316">
     <span class='ocr_line' id='line_1_2' title="bbox 266 246 1720 316; baseline -0.012 -13"><span class='ocrx_word' id='word_1_3' title='bbox 266 260 479 315; x_wconf 76' lang='grc' dir='ltr'><em>δευθῆναι·</em></span> <span class='ocrx_word' id='word_1_4' title='bbox 510 257 751 312; x_wconf 85' lang='grc' dir='ltr'><em>παρέδωκεν</em></span> <span class='ocrx_word' id='word_1_5' title='bbox 795 255 840 296; x_wconf 76' lang='grc' dir='ltr'><em>ἐν</em></span> <span class='ocrx_word' id='word_1_6' title='bbox 883 254 1025 310; x_wconf 78' lang='grc' dir='ltr'><em>χωρίῳ</em></span> <span class='ocrx_word' id='word_1_7' title='bbox 1055 250 1300 316; x_wconf 34' lang='grc' dir='ltr'><em>Δεμακέλνλῃ</em></span> <span class='ocrx_word' id='word_1_8' title='bbox 1328 246 1587 303; x_wconf 78' lang='grc' dir='ltr'><em>καλουμένῳ,</em></span> <span class='ocrx_word' id='word_1_9' title='bbox 1616 249 1720 300; x_wconf 75' lang='grc' dir='ltr'><em>πλη-</em></span> 
     </span>
    </p>

    <p class='ocr_par' dir='ltr' id='par_1_3' title="bbox 261 311 1782 515">
     <span class='ocr_line' id='line_1_3' title="bbox 263 311 1782 379; baseline -0.011 -9"><span class='ocrx_word' id='word_1_10' title='bbox 263 330 354 370; x_wconf 88' lang='grc' dir='ltr'>σιόν</span> <span class='ocrx_word' id='word_1_11' title='bbox 384 325 649 379; x_wconf 77' lang='grc' dir='ltr'><strong><em>Καισαρείας</em></strong></span> <span class='ocrx_word' id='word_1_12' title='bbox 677 322 989 368; x_wconf 72' lang='grc' dir='ltr'><em>Καππαδοκίας</em></span> <span class='ocrx_word' id='word_1_13' title='bbox 1031 314 1136 361; x_wconf 71' lang='grc' dir='ltr'><em>ὄντι.</em></span> <span class='ocrx_word' id='word_1_14' title='bbox 1206 317 1324 358; x_wconf 79' lang='grc' dir='ltr'><em>οὑτοι</em></span> <span class='ocrx_word' id='word_1_15' title='bbox 1366 311 1404 355; x_wconf 82' lang='grc' dir='ltr'>οἱ</span> <span class='ocrx_word' id='word_1_16' title='bbox 1433 312 1512 355; x_wconf 78' lang='grc' dir='ltr'><em>δύο</em></span> <span class='ocrx_word' id='word_1_17' title='bbox 1541 312 1725 370; x_wconf 77' lang='grc' dir='ltr'><em>α’δελφοὶ</em></span> <span class='ocrx_word' id='word_1_18' title='bbox 1777 362 1782 368; x_wconf 24' lang='grc' dir='ltr'><strong><em>μ</em></strong></span> 
     </span>
     <span class='ocr_line' id='line_1_4' title="bbox 262 380 1723 449; baseline -0.012 -12"><span class='ocrx_word' id='word_1_19' title='bbox 262 391 532 449; x_wconf 79' lang='grc' dir='ltr'><em>οἷναγνῶσται</em></span> <span class='ocrx_word' id='word_1_20' title='bbox 559 388 778 446; x_wconf 76' lang='grc' dir='ltr'><em>γεγόνασι,</em></span> <span class='ocrx_word' id='word_1_21' title='bbox 805 389 878 430; x_wconf 79' lang='grc' dir='ltr'><strong><em>καί</em></strong></span> <span class='ocrx_word' id='word_1_22' title='bbox 905 388 1123 441; x_wconf 82' lang='grc' dir='ltr'><em>ἐκκλησίαν</em></span> <span class='ocrx_word' id='word_1_23' title='bbox 1152 385 1294 426; x_wconf 81' lang='grc' dir='ltr'><em>κτίσαι</em></span> <span class='ocrx_word' id='word_1_24' title='bbox 1319 385 1379 440; x_wconf 69' lang='grc' dir='ltr'>τῷ</span> <span class='ocrx_word' id='word_1_25' title='bbox 1408 380 1511 438; x_wconf 75' lang='grc' dir='ltr'><em>ἁγίῳ</em></span> <span class='ocrx_word' id='word_1_26' title='bbox 1529 381 1723 436; x_wconf 75' lang='grc' dir='ltr'><em>μάρτυρι</em></span> 
     </span>
     <span class='ocr_line' id='line_1_5' title="bbox 261 445 1723 515; baseline -0.011 -11"><span class='ocrx_word' id='word_1_27' title='bbox 261 461 473 515; x_wconf 80' lang='grc' dir='ltr'><em>Μάμαντι</em></span> <span class='ocrx_word' id='word_1_28' title='bbox 503 454 877 513; x_wconf 67' lang='grc' dir='ltr'><em>προεθυμήθησαν.</em></span> <span class='ocrx_word' id='word_1_29' title='bbox 933 455 976 496; x_wconf 82' lang='grc' dir='ltr'><em>ἐν</em></span> <span class='ocrx_word' id='word_1_30' title='bbox 1009 448 1041 511; x_wconf 76' lang='grc' dir='ltr'><em>ᾧ</em></span> <span class='ocrx_word' id='word_1_31' title='bbox 1084 454 1131 494; x_wconf 82' lang='grc' dir='ltr'><em>δὲ</em></span> <span class='ocrx_word' id='word_1_32' title='bbox 1160 453 1279 505; x_wconf 83' lang='grc' dir='ltr'><em>μέρει</em></span> <span class='ocrx_word' id='word_1_33' title='bbox 1314 449 1470 502; x_wconf 79' lang='grc' dir='ltr'><em>κτίζειν</em></span> <span class='ocrx_word' id='word_1_34' title='bbox 1492 445 1723 497; x_wconf 84' lang='grc' dir='ltr'><em>Ἰουλιανὸς</em></span> 
     </span>
    </p>

    <p class='ocr_par' dir='ltr' id='par_1_4' title="bbox 219 515 1757 851">
     <span class='ocr_line' id='line_1_6' title="bbox 262 515 1757 584; baseline -0.012 -11"><span class='ocrx_word' id='word_1_35' title='bbox 262 528 439 584; x_wconf 61' lang='grc' dir='ltr'><em>ἔλαχεν,</em></span> <span class='ocrx_word' id='word_1_36' title='bbox 466 528 586 570; x_wconf 79' lang='grc' dir='ltr'><em>τοῦτο</em></span> <span class='ocrx_word' id='word_1_37' title='bbox 616 524 640 580; x_wconf 81' lang='grc' dir='ltr'><em>ἢ</em></span> <span class='ocrx_word' id='word_1_38' title='bbox 664 525 717 580; x_wconf 80' lang='grc' dir='ltr'>γῆ</span> <span class='ocrx_word' id='word_1_39' title='bbox 745 524 820 564; x_wconf 85' lang='grc' dir='ltr'><em>ου’κ</em></span> <span class='ocrx_word' id='word_1_40' title='bbox 850 524 1030 576; x_wconf 79' lang='grc' dir='ltr'><em>ἐδέχετο.</em></span> <span class='ocrx_word' id='word_1_41' title='bbox 1089 515 1423 573; x_wconf 75' lang='grc' dir='ltr'><em>ἅποκειράμενος</em></span> <span class='ocrx_word' id='word_1_42' title='bbox 1450 517 1498 558; x_wconf 85' lang='grc' dir='ltr'><em>δὲ</em></span> <span class='ocrx_word' id='word_1_43' title='bbox 1525 515 1601 564; x_wconf 81' lang='grc' dir='ltr'>τὰς</span> <span class='ocrx_word' id='word_1_44' title='bbox 1628 518 1757 570; x_wconf 83' lang='grc' dir='ltr'><em>τρι’-5</em></span> 
     </span>
     <span class='ocr_line' id='line_1_7' title="bbox 219 581 1721 652; baseline -0.01 -12"><span class='ocrx_word' id='word_1_45' title='bbox 219 608 250 640; x_wconf 92' lang='lat' dir='ltr'><strong>D</strong></span> <span class='ocrx_word' id='word_1_46' title='bbox 263 613 346 652; x_wconf 80' lang='grc' dir='ltr'>χας</span> <span class='ocrx_word' id='word_1_47' title='bbox 374 591 609 649; x_wconf 81' lang='grc' dir='ltr'><em>μοναχικήν</em></span> <span class='ocrx_word' id='word_1_48' title='bbox 650 587 826 646; x_wconf 75' lang='grc' dir='ltr'><em>ἄσκησιν</em></span> <span class='ocrx_word' id='word_1_49' title='bbox 867 589 1122 644; x_wconf 74' lang='grc' dir='ltr'><em>ὑπεκρίνετο.</em></span> <span class='ocrx_word' id='word_1_50' title='bbox 1194 583 1494 634; x_wconf 81' lang='grc' dir='ltr'><em>Κωνστοίντιος</em></span> <span class='ocrx_word' id='word_1_51' title='bbox 1524 585 1571 627; x_wconf 82' lang='grc' dir='ltr'><em>δὲ</em></span> <span class='ocrx_word' id='word_1_52' title='bbox 1599 581 1674 626; x_wconf 84' lang='grc' dir='ltr'><strong><em>καί</em></strong></span> <span class='ocrx_word' id='word_1_53' title='bbox 1699 581 1721 625; x_wconf 78' lang='grc' dir='ltr'><strong><em>ὅ</em></strong></span> 
     </span>
     <span class='ocr_line' id='line_1_8' title="bbox 263 650 1724 714; baseline -0.01 -8"><span class='ocrx_word' id='word_1_54' title='bbox 263 662 472 711; x_wconf 81' lang='grc' dir='ltr'><em>Κώνστας</em></span> <span class='ocrx_word' id='word_1_55' title='bbox 497 660 829 714; x_wconf 71' lang='grc' dir='ltr'><em>ἐνομοθέτησαν,</em></span> <span class='ocrx_word' id='word_1_56' title='bbox 857 657 1057 699; x_wconf 79' lang='grc' dir='ltr'><em>Ἰουδαῖον</em></span> <span class='ocrx_word' id='word_1_57' title='bbox 1083 654 1142 709; x_wconf 81' lang='grc' dir='ltr'><em>μὴ</em></span> <span class='ocrx_word' id='word_1_58' title='bbox 1174 654 1378 695; x_wconf 71' lang='grc' dir='ltr'><em>αἰνεῖσθαι</em></span> <span class='ocrx_word' id='word_1_59' title='bbox 1408 653 1573 705; x_wconf 79' lang='grc' dir='ltr'><em>δοῦλον,</em></span> <span class='ocrx_word' id='word_1_60' title='bbox 1629 650 1724 693; x_wconf 76' lang='grc' dir='ltr'><em>ἐπεὶ</em></span> 
     </span>
     <span class='ocr_line' id='line_1_9' title="bbox 264 717 1722 787; baseline -0.01 -15"><span class='ocrx_word' id='word_1_61' title='bbox 264 732 546 787; x_wconf 69' lang='grc' dir='ltr'><em>αφαιρεῖσθαι</em></span> <span class='ocrx_word' id='word_1_62' title='bbox 574 724 705 769; x_wconf 71' lang='grc' dir='ltr'><em>αὐτὸν</em></span> <span class='ocrx_word' id='word_1_63' title='bbox 747 726 806 775; x_wconf 87' lang='grc' dir='ltr'><em>εἰς</em></span> <span class='ocrx_word' id='word_1_64' title='bbox 832 723 903 767; x_wconf 86' lang='grc' dir='ltr'><em>τὸν</em></span> <span class='ocrx_word' id='word_1_65' title='bbox 932 720 1134 778; x_wconf 85' lang='grc' dir='ltr'><em>δημόσιον</em></span> <span class='ocrx_word' id='word_1_66' title='bbox 1162 720 1297 776; x_wconf 80' lang='grc' dir='ltr'><em>λόγον·</em></span> <span class='ocrx_word' id='word_1_67' title='bbox 1355 720 1397 763; x_wconf 80' lang='grc' dir='ltr'><em>εἰ</em></span> <span class='ocrx_word' id='word_1_68' title='bbox 1423 720 1471 762; x_wconf 87' lang='grc' dir='ltr'><em>δὲ</em></span> <span class='ocrx_word' id='word_1_69' title='bbox 1500 717 1576 761; x_wconf 80' lang='grc' dir='ltr'><em>καί</em></span> <span class='ocrx_word' id='word_1_70' title='bbox 1604 734 1722 772; x_wconf 81' lang='grc' dir='ltr'><em>περι-</em></span> 
     </span>
     <span class='ocr_line' id='line_1_10' title="bbox 263 784 1723 851; baseline -0.008 -12"><span class='ocrx_word' id='word_1_71' title='bbox 263 803 405 851; x_wconf 77' lang='grc' dir='ltr'><em>τεμεῖν</em></span> <span class='ocrx_word' id='word_1_72' title='bbox 456 793 653 850; x_wconf 76' lang='grc' dir='ltr'><em>τολμήσοι</em></span> <span class='ocrx_word' id='word_1_73' title='bbox 697 794 875 843; x_wconf 81' lang='grc' dir='ltr'><em>δοῦλον,</em></span> <span class='ocrx_word' id='word_1_74' title='bbox 925 792 1037 847; x_wconf 78' lang='grc' dir='ltr'><em>ξίφει</em></span> <span class='ocrx_word' id='word_1_75' title='bbox 1088 790 1373 845; x_wconf 71' lang='grc' dir='ltr'><em>τιμωρεῖσθαι</em></span> <span class='ocrx_word' id='word_1_76' title='bbox 1419 785 1494 829; x_wconf 74' lang='grc' dir='ltr'>καὶ</span> <span class='ocrx_word' id='word_1_77' title='bbox 1543 784 1723 843; x_wconf 79' lang='grc' dir='ltr'><em>δημεύε-</em></span> 
     </span>
    </p>

    <p class='ocr_par' dir='ltr' id='par_1_5' title="bbox 56 867 1786 1118">
     <span class='ocr_line' id='line_1_11' title="bbox 264 867 1786 906; baseline -0.007 0"><span class='ocrx_word' id='word_1_78' title='bbox 264 867 380 906; x_wconf 79' lang='grc' dir='ltr'><em>σθαι.</em></span> <span class='ocrx_word' id='word_1_79' title='bbox 1743 869 1786 895; x_wconf 87' lang='grc' dir='ltr'>ιο</span> 
     </span>
     <span class='ocr_line' id='line_1_12' title="bbox 56 918 1723 987; baseline -0.007 -12"><span class='ocrx_word' id='word_1_80' title='bbox 56 932 250 975; x_wconf 52' lang='lat' dir='ltr'><strong>A.M.15832</strong></span> <span class='ocrx_word' id='word_1_81' title='bbox 380 928 518 987; x_wconf 76' lang='grc' dir='ltr'><em>Τούτῳ</em></span> <span class='ocrx_word' id='word_1_82' title='bbox 559 928 617 985; x_wconf 71' lang='grc' dir='ltr'>τῷ</span> <span class='ocrx_word' id='word_1_83' title='bbox 659 926 744 970; x_wconf 82' lang='grc' dir='ltr'><em>ἔτει</em></span> <span class='ocrx_word' id='word_1_84' title='bbox 775 926 1071 974; x_wconf 81' lang='grc' dir='ltr'><em>Κωνσταντιος</em></span> <span class='ocrx_word' id='word_1_85' title='bbox 1094 918 1295 978; x_wconf 80' lang='grc' dir='ltr'><em>”Αμιδαν</em></span> <span class='ocrx_word' id='word_1_86' title='bbox 1320 925 1559 978; x_wconf 82' lang='grc' dir='ltr'><em>οἰκοδομεῖ,</em></span> <span class='ocrx_word' id='word_1_87' title='bbox 1589 925 1723 977; x_wconf 71' lang='grc' dir='ltr'><em>τειχί·</em></span> 
     </span>
     <span class='ocr_line' id='line_1_13' title="bbox 263 990 1725 1052; baseline -0.005 -12"><span class='ocrx_word' id='word_1_88' title='bbox 263 1009 342 1047; x_wconf 84' lang='grc' dir='ltr'>σας</span> <span class='ocrx_word' id='word_1_89' title='bbox 369 998 577 1052; x_wconf 79' lang='grc' dir='ltr'><em>γενναίως.</em></span> <span class='ocrx_word' id='word_1_90' title='bbox 633 994 761 1047; x_wconf 82' lang='grc' dir='ltr'><em>κτίζει</em></span> <span class='ocrx_word' id='word_1_91' title='bbox 790 996 838 1036; x_wconf 81' lang='grc' dir='ltr'><em>δὲ</em></span> <span class='ocrx_word' id='word_1_92' title='bbox 867 994 1183 1046; x_wconf 83' lang='grc' dir='ltr'><em>Κωνσταντιάν,</em></span> <span class='ocrx_word' id='word_1_93' title='bbox 1212 990 1289 1046; x_wconf 77' lang='grc' dir='ltr'><em>τὴν</em></span> <span class='ocrx_word' id='word_1_94' title='bbox 1317 990 1462 1047; x_wconf 80' lang='grc' dir='ltr'><em>πρώην</em></span> <span class='ocrx_word' id='word_1_95' title='bbox 1485 991 1725 1034; x_wconf 76' lang='grc' dir='ltr'><em>Ἀντωνιόυ</em></span> 
     </span>
     <span class='ocr_line' id='line_1_14' title="bbox 266 1057 1726 1118; baseline -0.005 -11"><span class='ocrx_word' id='word_1_96' title='bbox 266 1062 387 1107; x_wconf 86' lang='grc' dir='ltr'><em>πόλιν</em></span> <span class='ocrx_word' id='word_1_97' title='bbox 416 1065 660 1118; x_wconf 81' lang='grc' dir='ltr'><em>λεγομένην,</em></span> <span class='ocrx_word' id='word_1_98' title='bbox 689 1064 954 1116; x_wconf 76' lang='grc' dir='ltr'><em>ἐπονομάσας</em></span> <span class='ocrx_word' id='word_1_99' title='bbox 983 1060 1119 1115; x_wconf 67' lang='grc' dir='ltr'><em>αὐτὴν</em></span> <span class='ocrx_word' id='word_1_100' title='bbox 1147 1057 1300 1117; x_wconf 72' lang='grc' dir='ltr'><em>ἑαυτῷ,</em></span> <span class='ocrx_word' id='word_1_101' title='bbox 1334 1061 1568 1103; x_wconf 75' lang='grc' dir='ltr'><em>διεστῶσαν</em></span> <span class='ocrx_word' id='word_1_102' title='bbox 1599 1057 1726 1111; x_wconf 86' lang='grc' dir='ltr'><em>Ἀμί-</em></span> 
     </span>
    </p>

    <p class='ocr_par' dir='ltr' id='par_1_6' title="bbox 268 1127 1315 1189">
     <span class='ocr_line' id='line_1_15' title="bbox 268 1127 1315 1189; baseline -0.005 -15"><span class='ocrx_word' id='word_1_103' title='bbox 268 1134 341 1189; x_wconf 84' lang='grc' dir='ltr'><em>δης</em></span> <span class='ocrx_word' id='word_1_104' title='bbox 370 1133 568 1181; x_wconf 75' lang='grc' dir='ltr'><em>σταδίους</em></span> <span class='ocrx_word' id='word_1_105' title='bbox 596 1128 868 1178; x_wconf 71' lang='grc' dir='ltr'><em>ἑπτακοσίους</em></span> <span class='ocrx_word' id='word_1_106' title='bbox 897 1127 1002 1170; x_wconf 76' lang='grc' dir='ltr'><em>κατὰ</em></span> <span class='ocrx_word' id='word_1_107' title='bbox 1035 1131 1315 1183; x_wconf 82' lang='grc' dir='ltr'><em>μεσημβρίαν.</em></span> 
     </span>
    </p>

    <p class='ocr_par' dir='ltr' id='par_1_7' title="bbox 61 1194 1786 1527">
     <span class='ocr_line' id='line_1_16' title="bbox 61 1194 1786 1253; baseline -0.007 -7"><span class='ocrx_word' id='word_1_108' title='bbox 61 1210 153 1246; x_wconf 77' lang='lat' dir='ltr'>AM.</span> <span class='ocrx_word' id='word_1_109' title='bbox 165 1211 253 1246; x_wconf 84' lang='lat'>5833</span> <span class='ocrx_word' id='word_1_110' title='bbox 368 1196 672 1253; x_wconf 75' lang='grc' dir='ltr'><em>Ἱεροσολύμων</em></span> <span class='ocrx_word' id='word_1_111' title='bbox 699 1196 928 1240; x_wconf 75' lang='grc' dir='ltr'><em>ἐπισκόπου</em></span> <span class='ocrx_word' id='word_1_112' title='bbox 956 1197 1175 1251; x_wconf 87' lang='grc' dir='ltr'><em>Κυρίλλου</em></span> <span class='ocrx_word' id='word_1_113' title='bbox 1209 1194 1303 1246; x_wconf 78' lang='grc' dir='ltr'><em>ἔτος</em></span> <span class='ocrx_word' id='word_1_114' title='bbox 1332 1194 1383 1238; x_wconf 86' lang='grc' dir='ltr'><em>α’.</em></span> <span class='ocrx_word' id='word_1_115' title='bbox 1743 1196 1786 1238; x_wconf 83' lang='grc'>15</span> 
     </span>
     <span class='ocr_line' id='line_1_17' title="bbox 162 1260 1729 1324; baseline -0.004 -14"><span class='ocrx_word' id='word_1_116' title='bbox 162 1260 255 1295; x_wconf 77' lang='lat' dir='ltr'><strong>P·3⁰</strong></span> <span class='ocrx_word' id='word_1_117' title='bbox 382 1264 522 1324; x_wconf 75' lang='grc' dir='ltr'><em>Τούτῳ</em></span> <span class='ocrx_word' id='word_1_118' title='bbox 552 1268 607 1324; x_wconf 76' lang='grc' dir='ltr'>τῷ</span> <span class='ocrx_word' id='word_1_119' title='bbox 645 1263 730 1307; x_wconf 81' lang='grc' dir='ltr'><em>ἔτει</em></span> <span class='ocrx_word' id='word_1_120' title='bbox 756 1262 939 1308; x_wconf 88' lang='grc' dir='ltr'><em>συνόδου</em></span> <span class='ocrx_word' id='word_1_121' title='bbox 965 1267 1187 1319; x_wconf 80' lang='grc' dir='ltr'><em>γενομένης</em></span> <span class='ocrx_word' id='word_1_122' title='bbox 1215 1264 1261 1306; x_wconf 79' lang='grc' dir='ltr'><em>ἐν</em></span> <span class='ocrx_word' id='word_1_123' title='bbox 1289 1264 1532 1321; x_wconf 79' lang='grc' dir='ltr'><em>Ἀντιοχείᾳ</em></span> <span class='ocrx_word' id='word_1_124' title='bbox 1559 1261 1729 1306; x_wconf 76' lang='grc' dir='ltr'><em>ἐπισκό-</em></span> 
     </span>
     <span class='ocr_line' id='line_1_18' title="bbox 268 1326 1730 1389; baseline -0.003 -12"><span class='ocrx_word' id='word_1_125' title='bbox 268 1351 359 1377; x_wconf 89' lang='grc' dir='ltr'>πων</span> <span class='ocrx_word' id='word_1_126' title='bbox 398 1333 638 1389; x_wconf 79' lang='grc' dir='ltr'><em>ένενήκοντα</em></span> <span class='ocrx_word' id='word_1_127' title='bbox 680 1333 755 1375; x_wconf 87' lang='grc' dir='ltr'><em>καί</em></span> <span class='ocrx_word' id='word_1_128' title='bbox 781 1329 948 1385; x_wconf 74' lang='grc' dir='ltr'><em>ἑκατόν,</em></span> <span class='ocrx_word' id='word_1_129' title='bbox 979 1326 1040 1373; x_wconf 72' lang='grc' dir='ltr'><em>ὧν</em></span> <span class='ocrx_word' id='word_1_130' title='bbox 1080 1331 1220 1387; x_wconf 79' lang='grc' dir='ltr'><em>ἡγεῖτο</em></span> <span class='ocrx_word' id='word_1_131' title='bbox 1248 1331 1456 1386; x_wconf 70' lang='grc' dir='ltr'><em>Εὐσέβιος</em></span> <span class='ocrx_word' id='word_1_132' title='bbox 1482 1331 1504 1373; x_wconf 81' lang='grc' dir='ltr'><strong><em>ὁ</em></strong></span> <span class='ocrx_word' id='word_1_133' title='bbox 1537 1334 1730 1387; x_wconf 88' lang='grc' dir='ltr'><em>Νικομη-</em></span> 
     </span>
     <span class='ocr_line' id='line_1_19' title="bbox 269 1398 1733 1456; baseline -0.001 -13"><span class='ocrx_word' id='word_1_134' title='bbox 269 1403 409 1454; x_wconf 84' lang='grc' dir='ltr'><em>δείας,</em></span> <span class='ocrx_word' id='word_1_135' title='bbox 437 1403 775 1456; x_wconf 69' lang='grc' dir='ltr'><em>προχειριζονται</em></span> <span class='ocrx_word' id='word_1_136' title='bbox 808 1400 1140 1454; x_wconf 79' lang='grc' dir='ltr'><em>Ἀλεξανδρείας</em></span> <span class='ocrx_word' id='word_1_137' title='bbox 1168 1400 1393 1441; x_wconf 79' lang='grc' dir='ltr'><em>ἐπίσκοπον</em></span> <span class='ocrx_word' id='word_1_138' title='bbox 1420 1400 1630 1453; x_wconf 77' lang='grc' dir='ltr'><em>Εὕσέβιον</em></span> <span class='ocrx_word' id='word_1_139' title='bbox 1656 1398 1733 1442; x_wconf 85' lang='grc' dir='ltr'><em>τὸν</em></span> 
     </span>
     <span class='ocr_line' id='line_1_20' title="bbox 264 1461 1731 1527; baseline -0.004 -13"><span class='ocrx_word' id='word_1_140' title='bbox 264 1469 449 1527; x_wconf 79' lang='grc' dir='ltr'><em>Ἐμέσης,</em></span> <span class='ocrx_word' id='word_1_141' title='bbox 475 1463 523 1511; x_wconf 72' lang='grc' dir='ltr'>οὗ</span> <span class='ocrx_word' id='word_1_142' title='bbox 550 1468 608 1525; x_wconf 72' lang='grc' dir='ltr'><em>μή</em></span> <span class='ocrx_word' id='word_1_143' title='bbox 639 1468 878 1523; x_wconf 82' lang='grc' dir='ltr'><em>δεχθέντος,</em></span> <span class='ocrx_word' id='word_1_144' title='bbox 908 1467 1058 1522; x_wconf 85' lang='grc' dir='ltr'><em>καίπερ</em></span> <span class='ocrx_word' id='word_1_145' title='bbox 1096 1468 1388 1521; x_wconf 78' lang='grc' dir='ltr'><em>Σαβελλιανοῦ</em></span> <span class='ocrx_word' id='word_1_146' title='bbox 1415 1461 1545 1520; x_wconf 72' lang='grc' dir='ltr'><em>ὄντος,</em></span> <span class='ocrx_word' id='word_1_147' title='bbox 1567 1468 1608 1509; x_wconf 89' lang='grc' dir='ltr'><strong><em>Γ</em></strong></span> <span class='ocrx_word' id='word_1_148' title='bbox 1605 1465 1731 1523; x_wconf 78' lang='grc' dir='ltr'><em>ρηγό-</em></span> 
     </span>
    </p>
   </div>
   <div class='ocr_carea' id='block_1_3' title="bbox 354 1631 1731 1873">
    <p class='ocr_par' dir='ltr' id='par_1_8' title="bbox 354 1631 1731 1873">
     <span class='ocr_line' id='line_1_21' title="bbox 366 1631 1728 1681; baseline 0 -15"><span class='ocrx_word' id='word_1_149' title='bbox 366 1645 393 1667; x_wconf 88' lang='lat'>1.</span> <span class='ocrx_word' id='word_1_150' title='bbox 419 1634 617 1681; x_wconf 70' lang='grc' dir='ltr'><em>Δεκακὲλλῃ</em></span> <span class='ocrx_word' id='word_1_151' title='bbox 636 1632 665 1666; x_wconf 81' lang='grc' dir='ltr'><strong>Α</strong></span> <span class='ocrx_word' id='word_1_152' title='bbox 689 1644 720 1675; x_wconf 87' lang='lat' dir='ltr'>e,</span> <span class='ocrx_word' id='word_1_153' title='bbox 746 1633 974 1681; x_wconf 75' lang='grc' dir='ltr'><em>Δελμακέλλῃ</em></span> <span class='ocrx_word' id='word_1_154' title='bbox 999 1631 1034 1674; x_wconf 89' lang='lat' dir='ltr'>b,</span> <span class='ocrx_word' id='word_1_155' title='bbox 1062 1631 1102 1667; x_wconf 75' lang='grc' dir='ltr'><em>δὲ</em></span> <span class='ocrx_word' id='word_1_156' title='bbox 1127 1633 1308 1680; x_wconf 76' lang='grc' dir='ltr'><em>Μακέλλῳ</em></span> <span class='ocrx_word' id='word_1_157' title='bbox 1336 1643 1380 1666; x_wconf 80' lang='lat' dir='ltr'>ex</span> <span class='ocrx_word' id='word_1_158' title='bbox 1407 1632 1608 1666; x_wconf 87' lang='lat' dir='ltr'>Sozomeno</span> <span class='ocrx_word' id='word_1_159' title='bbox 1634 1634 1728 1667; x_wconf 87' lang='lat' dir='ltr'>coni.</span> 
     </span>
     <span class='ocr_line' id='line_1_22' title="bbox 359 1679 1731 1728; baseline 0.001 -14"><span class='ocrx_word' id='word_1_160' title='bbox 359 1681 467 1722; x_wconf 70' lang='lat' dir='ltr'>Goar,</span> <span class='ocrx_word' id='word_1_161' title='bbox 493 1681 699 1715; x_wconf 87' lang='lat' dir='ltr'>Demacelle</span> <span class='ocrx_word' id='word_1_162' title='bbox 715 1681 937 1722; x_wconf 83' lang='lat' dir='ltr'>Anastasius,</span> <span class='ocrx_word' id='word_1_163' title='bbox 963 1681 1188 1728; x_wconf 80' lang='grc' dir='ltr'><em>Λεμακέλλει</em></span> <span class='ocrx_word' id='word_1_164' title='bbox 1204 1681 1300 1726; x_wconf 85' lang='lat' dir='ltr'><strong>vulg.</strong></span> <span class='ocrx_word' id='word_1_165' title='bbox 1398 1691 1430 1714; x_wconf 81' lang='lat'>2.</span> <span class='ocrx_word' id='word_1_166' title='bbox 1457 1682 1497 1715; x_wconf 80' lang='grc' dir='ltr'>οἱ</span> <span class='ocrx_word' id='word_1_167' title='bbox 1518 1679 1602 1714; x_wconf 82' lang='lat' dir='ltr'>add.</span> <span class='ocrx_word' id='word_1_168' title='bbox 1632 1693 1676 1715; x_wconf 82' lang='lat' dir='ltr'>ex</span> <span class='ocrx_word' id='word_1_169' title='bbox 1692 1682 1731 1716; x_wconf 91' lang='lat' dir='ltr'>A.</span> 
     </span>
     <span class='ocr_line' id='line_1_23' title="bbox 358 1728 1730 1777; baseline 0.001 -16"><span class='ocrx_word' id='word_1_170' title='bbox 358 1732 391 1772; x_wconf 77' lang='grc'>4.</span> <span class='ocrx_word' id='word_1_171' title='bbox 418 1742 445 1764; x_wconf 89' lang='grc' dir='ltr'><em>π</em></span> <span class='ocrx_word' id='word_1_172' title='bbox 472 1728 741 1777; x_wconf 73' lang='grc' dir='ltr'><em>οεθυμήθησαν</em></span> <span class='ocrx_word' id='word_1_173' title='bbox 767 1731 796 1764; x_wconf 92' lang='grc' dir='ltr'><strong>Α</strong></span> <span class='ocrx_word' id='word_1_174' title='bbox 823 1741 855 1771; x_wconf 84' lang='lat' dir='ltr'>a,</span> <span class='ocrx_word' id='word_1_175' title='bbox 882 1733 1041 1775; x_wconf 72' lang='grc' dir='ltr'><em>προσεθ.</em></span> <span class='ocrx_word' id='word_1_176' title='bbox 1071 1729 1168 1774; x_wconf 83' lang='lat' dir='ltr'><strong>vulg.</strong></span> <span class='ocrx_word' id='word_1_177' title='bbox 1312 1729 1347 1762; x_wconf 85' lang='lat'>6.</span> <span class='ocrx_word' id='word_1_178' title='bbox 1379 1729 1419 1764; x_wconf 82' lang='grc' dir='ltr'><em>δὲ</em></span> <span class='ocrx_word' id='word_1_179' title='bbox 1442 1740 1510 1762; x_wconf 89' lang='lat' dir='ltr'>om.</span> <span class='ocrx_word' id='word_1_180' title='bbox 1533 1730 1574 1763; x_wconf 87' lang='lat' dir='ltr'>A.</span> <span class='ocrx_word' id='word_1_181' title='bbox 1696 1742 1730 1775; x_wconf 78' lang='lat'>7.</span> 
     </span>
     <span class='ocr_line' id='line_1_24' title="bbox 354 1743 1730 1825; baseline 0.001 -13"><span class='ocrx_word' id='word_1_182' title='bbox 354 1743 551 1817; x_wconf 57' lang='grc' dir='ltr'><em>Ἰουὸξιίοις</em></span> <span class='ocrx_word' id='word_1_183' title='bbox 567 1778 607 1812; x_wconf 90' lang='grc' dir='ltr'>Λ.</span> <span class='ocrx_word' id='word_1_184' title='bbox 703 1779 736 1812; x_wconf 91' lang='grc'>8.</span> <span class='ocrx_word' id='word_1_185' title='bbox 756 1780 996 1825; x_wconf 78' lang='grc' dir='ltr'><em>περιτέμνειν</em></span> <span class='ocrx_word' id='word_1_186' title='bbox 1020 1799 1062 1804; x_wconf 83' lang='lat'>—</span> <span class='ocrx_word' id='word_1_187' title='bbox 1091 1776 1388 1824; x_wconf 75' lang='grc' dir='ltr'><em>δημοσιεὺεσθαι</em></span> <span class='ocrx_word' id='word_1_188' title='bbox 1405 1789 1436 1810; x_wconf 89' lang='lat' dir='ltr'>a.</span> <span class='ocrx_word' id='word_1_189' title='bbox 1538 1788 1590 1810; x_wconf 89' lang='grc' dir='ltr'>ιι.</span> <span class='ocrx_word' id='word_1_190' title='bbox 1616 1780 1730 1813; x_wconf 85' lang='grc' dir='ltr'><em>Κων-</em></span> 
     </span>
     <span class='ocr_line' id='line_1_25' title="bbox 359 1824 1729 1873; baseline 0.001 -15"><span class='ocrx_word' id='word_1_191' title='bbox 359 1825 529 1865; x_wconf 81' lang='grc' dir='ltr'><em>στάντιος</em></span> <span class='ocrx_word' id='word_1_192' title='bbox 554 1837 623 1859; x_wconf 90' lang='lat' dir='ltr'>om.</span> <span class='ocrx_word' id='word_1_193' title='bbox 651 1827 690 1859; x_wconf 84' lang='lat' dir='ltr'>A.</span> <span class='ocrx_word' id='word_1_194' title='bbox 833 1824 1078 1873; x_wconf 74' lang='grc' dir='ltr'><em>ἀνοικοδομεῖ</em></span> <span class='ocrx_word' id='word_1_195' title='bbox 1108 1837 1139 1859; x_wconf 89' lang='lat' dir='ltr'>a.</span> <span class='ocrx_word' id='word_1_196' title='bbox 1292 1837 1343 1860; x_wconf 86' lang='lat'>12.</span> <span class='ocrx_word' id='word_1_197' title='bbox 1369 1828 1670 1864; x_wconf 79' lang='grc' dir='ltr'><em>Κωνσταντίναν</em></span> <span class='ocrx_word' id='word_1_198' title='bbox 1693 1825 1729 1859; x_wconf 87' lang='lat' dir='ltr'>b.</span> 
     </span>
    </p>
   </div>
   <div class='ocr_carea' id='block_1_4' title="bbox 365 1872 1197 1922">
    <p class='ocr_par' dir='ltr' id='par_1_9' title="bbox 365 1872 1197 1922">
     <span class='ocr_line' id='line_1_26' title="bbox 365 1872 1197 1922; baseline 0 -16"><span class='ocrx_word' id='word_1_199' title='bbox 365 1873 416 1906; x_wconf 83' lang='lat'>13.</span> <span class='ocrx_word' id='word_1_200' title='bbox 445 1873 690 1922; x_wconf 77' lang='grc' dir='ltr'><em>ἐπονομάσας</em></span> <span class='ocrx_word' id='word_1_201' title='bbox 718 1874 744 1908; x_wconf 87' lang='grc' dir='ltr'>Α</span> <span class='ocrx_word' id='word_1_202' title='bbox 769 1885 801 1916; x_wconf 81' lang='lat' dir='ltr'>a,</span> <span class='ocrx_word' id='word_1_203' title='bbox 828 1873 1078 1922; x_wconf 78' lang='grc' dir='ltr'><em>ἐπωνόμασεν</em></span> <span class='ocrx_word' id='word_1_204' title='bbox 1100 1872 1197 1918; x_wconf 84' lang='lat' dir='ltr'>vulg.</span> 
     </span>
    </p>
   </div>
   <div class='ocr_carea' id='block_1_5' title="bbox 267 2010 1735 2348">
    <p class='ocr_par' dir='ltr' id='par_1_10' title="bbox 267 2010 1735 2348">
     <span class='ocr_line' id='line_1_27' title="bbox 268 2010 1732 2057; baseline 0.001 -14"><span class='ocrx_word' id='word_1_205' title='bbox 268 2016 306 2044; x_wconf 88' lang='lat' dir='ltr'>et</span> <span class='ocrx_word' id='word_1_206' title='bbox 324 2011 502 2045; x_wconf 87' lang='lat' dir='ltr'>Iulianum</span> <span class='ocrx_word' id='word_1_207' title='bbox 526 2011 624 2054; x_wconf 89' lang='lat' dir='ltr'><strong>loco,</strong></span> <span class='ocrx_word' id='word_1_208' title='bbox 652 2013 709 2046; x_wconf 85' lang='lat' dir='ltr'>cui</span> <span class='ocrx_word' id='word_1_209' title='bbox 734 2012 928 2046; x_wconf 83' lang='lat' dir='ltr'><strong>Macellum</strong></span> <span class='ocrx_word' id='word_1_210' title='bbox 954 2024 1088 2046; x_wconf 89' lang='lat' dir='ltr'>nomen</span> <span class='ocrx_word' id='word_1_211' title='bbox 1115 2012 1313 2046; x_wconf 74' lang='lat' dir='ltr'>Caesareae</span> <span class='ocrx_word' id='word_1_212' title='bbox 1324 2010 1576 2057; x_wconf 85' lang='lat' dir='ltr'>Cappadociae</span> <span class='ocrx_word' id='word_1_213' title='bbox 1601 2010 1732 2050; x_wconf 88' lang='lat' dir='ltr'>vicino,</span> 
     </span>
     <span class='ocr_line' id='line_1_28' title="bbox 267 2059 1733 2106; baseline -0.001 -14"><span class='ocrx_word' id='word_1_214' title='bbox 267 2059 468 2093; x_wconf 87' lang='lat' dir='ltr'>litterarum</span> <span class='ocrx_word' id='word_1_215' title='bbox 491 2059 691 2106; x_wconf 88' lang='lat' dir='ltr'>disciplinis</span> <span class='ocrx_word' id='word_1_216' title='bbox 716 2061 960 2095; x_wconf 88' lang='lat' dir='ltr'>instituendos</span> <span class='ocrx_word' id='word_1_217' title='bbox 979 2061 1196 2095; x_wconf 82' lang='lat' dir='ltr'>amandavit.</span> <span class='ocrx_word' id='word_1_218' title='bbox 1247 2059 1286 2093; x_wconf 87' lang='lat' dir='ltr'>hi</span> <span class='ocrx_word' id='word_1_219' title='bbox 1312 2059 1384 2093; x_wconf 90' lang='lat' dir='ltr'>duo</span> <span class='ocrx_word' id='word_1_220' title='bbox 1403 2060 1532 2093; x_wconf 78' lang='lat' dir='ltr'>fratres</span> <span class='ocrx_word' id='word_1_221' title='bbox 1561 2059 1733 2092; x_wconf 86' lang='lat' dir='ltr'>ecclesia-</span> 
     </span>
     <span class='ocr_line' id='line_1_29' title="bbox 268 2106 1735 2154; baseline 0.001 -16"><span class='ocrx_word' id='word_1_222' title='bbox 268 2107 367 2139; x_wconf 87' lang='lat' dir='ltr'>sticis</span> <span class='ocrx_word' id='word_1_223' title='bbox 392 2106 586 2141; x_wconf 79' lang='lat' dir='ltr'>lectoribus</span> <span class='ocrx_word' id='word_1_224' title='bbox 615 2108 761 2150; x_wconf 80' lang='lat' dir='ltr'>adlecti,</span> <span class='ocrx_word' id='word_1_225' title='bbox 790 2115 913 2142; x_wconf 83' lang='lat' dir='ltr'>sancto</span> <span class='ocrx_word' id='word_1_226' title='bbox 936 2110 1082 2154; x_wconf 83' lang='lat' dir='ltr'>martyri</span> <span class='ocrx_word' id='word_1_227' title='bbox 1102 2109 1277 2142; x_wconf 83' lang='lat' dir='ltr'>Mamanti</span> <span class='ocrx_word' id='word_1_228' title='bbox 1308 2108 1498 2142; x_wconf 87' lang='lat' dir='ltr'>ecclesiam</span> <span class='ocrx_word' id='word_1_229' title='bbox 1523 2112 1735 2140; x_wconf 77' lang='lat' dir='ltr'>construere</span> 
     </span>
     <span class='ocr_line' id='line_1_30' title="bbox 267 2154 1734 2202; baseline 0.001 -16"><span class='ocrx_word' id='word_1_230' title='bbox 267 2154 386 2188; x_wconf 80' lang='lat' dir='ltr'>moliti</span> <span class='ocrx_word' id='word_1_231' title='bbox 422 2162 515 2188; x_wconf 88' lang='lat' dir='ltr'><strong>sunt.</strong></span> <span class='ocrx_word' id='word_1_232' title='bbox 567 2168 639 2202; x_wconf 83' lang='lat' dir='ltr'>qua</span> <span class='ocrx_word' id='word_1_233' title='bbox 683 2169 767 2190; x_wconf 87' lang='lat' dir='ltr'>vero</span> <span class='ocrx_word' id='word_1_234' title='bbox 794 2158 974 2190; x_wconf 86' lang='lat' dir='ltr'>Iulianum</span> <span class='ocrx_word' id='word_1_235' title='bbox 1013 2157 1191 2191; x_wconf 86' lang='lat' dir='ltr'>fabricare</span> <span class='ocrx_word' id='word_1_236' title='bbox 1222 2157 1385 2201; x_wconf 81' lang='lat' dir='ltr'>contigit,</span> <span class='ocrx_word' id='word_1_237' title='bbox 1419 2155 1538 2189; x_wconf 76' lang='lat' dir='ltr'>solum</span> <span class='ocrx_word' id='word_1_238' title='bbox 1561 2155 1734 2188; x_wconf 78' lang='lat' dir='ltr'>fabricam</span> 
     </span>
     <span class='ocr_line' id='line_1_31' title="bbox 268 2202 1735 2251; baseline 0.001 -16"><span class='ocrx_word' id='word_1_239' title='bbox 268 2214 343 2235; x_wconf 87' lang='lat' dir='ltr'>non</span> <span class='ocrx_word' id='word_1_240' title='bbox 367 2202 516 2236; x_wconf 85' lang='lat' dir='ltr'><strong>admisit.</strong></span> <span class='ocrx_word' id='word_1_241' title='bbox 565 2205 594 2238; x_wconf 86' lang='lat' dir='ltr'>is</span> <span class='ocrx_word' id='word_1_242' title='bbox 621 2216 726 2250; x_wconf 88' lang='lat' dir='ltr'>porro</span> <span class='ocrx_word' id='word_1_243' title='bbox 756 2205 897 2251; x_wconf 81' lang='lat' dir='ltr'><strong>capillis</strong></span> <span class='ocrx_word' id='word_1_244' title='bbox 932 2205 1088 2247; x_wconf 83' lang='lat' dir='ltr'>abrasis,</span> <span class='ocrx_word' id='word_1_245' title='bbox 1120 2205 1354 2240; x_wconf 85' lang='lat' dir='ltr'>monasticam</span> <span class='ocrx_word' id='word_1_246' title='bbox 1378 2203 1526 2238; x_wconf 82' lang='lat' dir='ltr'>vivendi</span> <span class='ocrx_word' id='word_1_247' title='bbox 1556 2203 1735 2236; x_wconf 87' lang='lat' dir='ltr'>rationem</span> 
     </span>
     <span class='ocr_line' id='line_1_32' title="bbox 269 2250 1734 2295; baseline -0.001 -11"><span class='ocrx_word' id='word_1_248' title='bbox 269 2251 462 2285; x_wconf 84' lang='lat' dir='ltr'>simulavit.</span> <span class='ocrx_word' id='word_1_249' title='bbox 530 2252 759 2287; x_wconf 78' lang='lat' dir='ltr'><strong>Constantius</strong></span> <span class='ocrx_word' id='word_1_250' title='bbox 798 2259 918 2288; x_wconf 89' lang='lat' dir='ltr'>autem</span> <span class='ocrx_word' id='word_1_251' title='bbox 951 2258 988 2287; x_wconf 81' lang='lat' dir='ltr'>et</span> <span class='ocrx_word' id='word_1_252' title='bbox 1013 2254 1207 2295; x_wconf 80' lang='lat' dir='ltr'><strong>Constans,</strong></span> <span class='ocrx_word' id='word_1_253' title='bbox 1233 2264 1280 2286; x_wconf 90' lang='lat' dir='ltr'>ne</span> <span class='ocrx_word' id='word_1_254' title='bbox 1306 2252 1461 2286; x_wconf 87' lang='lat' dir='ltr'>Iudaeus</span> <span class='ocrx_word' id='word_1_255' title='bbox 1499 2262 1639 2284; x_wconf 82' lang='lat' dir='ltr'>servum</span> <span class='ocrx_word' id='word_1_256' title='bbox 1665 2250 1734 2283; x_wconf 90' lang='lat' dir='ltr'>sibi</span> 
     </span>
     <span class='ocr_line' id='line_1_33' title="bbox 268 2298 1735 2348; baseline -0.001 -17"><span class='ocrx_word' id='word_1_257' title='bbox 268 2299 386 2343; x_wconf 89' lang='lat' dir='ltr'>pretio</span> <span class='ocrx_word' id='word_1_258' title='bbox 415 2307 659 2345; x_wconf 86' lang='lat' dir='ltr'>compararet,</span> <span class='ocrx_word' id='word_1_259' title='bbox 686 2313 827 2334; x_wconf 83' lang='lat' dir='ltr'>servum</span> <span class='ocrx_word' id='word_1_260' title='bbox 853 2302 1017 2348; x_wconf 86' lang='lat' dir='ltr'>alioquin</span> <span class='ocrx_word' id='word_1_261' title='bbox 1045 2303 1084 2335; x_wconf 87' lang='lat' dir='ltr'>in</span> <span class='ocrx_word' id='word_1_262' title='bbox 1102 2303 1293 2348; x_wconf 89' lang='lat' dir='ltr'>publicum</span> <span class='ocrx_word' id='word_1_263' title='bbox 1320 2311 1465 2334; x_wconf 87' lang='lat' dir='ltr'>censum</span> <span class='ocrx_word' id='word_1_264' title='bbox 1490 2298 1735 2339; x_wconf 83' lang='lat' dir='ltr'>referendum,</span> 
     </span>
    </p>
   </div>
   <div class='ocr_carea' id='block_1_6' title="bbox 269 2346 1737 2444">
    <p class='ocr_par' dir='ltr' id='par_1_11' title="bbox 269 2346 1737 2444">
     <span class='ocr_line' id='line_1_34' title="bbox 270 2346 1737 2396; baseline 0.001 -18"><span class='ocrx_word' id='word_1_265' title='bbox 270 2346 326 2378; x_wconf 92' lang='lat' dir='ltr'>sin</span> <span class='ocrx_word' id='word_1_266' title='bbox 351 2358 491 2380; x_wconf 86' lang='lat' dir='ltr'>servum</span> <span class='ocrx_word' id='word_1_267' title='bbox 511 2348 660 2382; x_wconf 83' lang='lat' dir='ltr'>auderet</span> <span class='ocrx_word' id='word_1_268' title='bbox 678 2349 946 2391; x_wconf 88' lang='lat' dir='ltr'>circumcidere,</span> <span class='ocrx_word' id='word_1_269' title='bbox 972 2362 1052 2384; x_wconf 86' lang='lat' dir='ltr'>eum</span> <span class='ocrx_word' id='word_1_270' title='bbox 1071 2350 1192 2396; x_wconf 84' lang='lat' dir='ltr'>gladio</span> <span class='ocrx_word' id='word_1_271' title='bbox 1214 2348 1454 2396; x_wconf 86' lang='lat' dir='ltr'>puniendum,</span> <span class='ocrx_word' id='word_1_272' title='bbox 1483 2353 1521 2382; x_wconf 90' lang='lat' dir='ltr'>et</span> <span class='ocrx_word' id='word_1_273' title='bbox 1538 2347 1614 2380; x_wconf 80' lang='lat' dir='ltr'>eius</span> <span class='ocrx_word' id='word_1_274' title='bbox 1639 2346 1737 2380; x_wconf 87' lang='lat' dir='ltr'>bona</span> 
     </span>
     <span class='ocr_line' id='line_1_35' title="bbox 269 2393 969 2444; baseline 0.006 -17"><span class='ocrx_word' id='word_1_275' title='bbox 269 2393 488 2440; x_wconf 81' lang='lat' dir='ltr'>publicanda</span> <span class='ocrx_word' id='word_1_276' title='bbox 515 2398 588 2430; x_wconf 84' lang='lat' dir='ltr'>suis</span> <span class='ocrx_word' id='word_1_277' title='bbox 614 2397 740 2431; x_wconf 85' lang='lat' dir='ltr'>edictis</span> <span class='ocrx_word' id='word_1_278' title='bbox 767 2397 969 2444; x_wconf 85' lang='lat' dir='ltr'>caverunt.)</span> 
     </span>
    </p>
   </div>
   <div class='ocr_carea' id='block_1_7' title="bbox 85 2442 1738 2540">
    <p class='ocr_par' dir='ltr' id='par_1_12' title="bbox 85 2442 1738 2540">
     <span class='ocr_line' id='line_1_36' title="bbox 85 2442 1738 2479; baseline -0.002 -2"><span class='ocrx_word' id='word_1_279' title='bbox 85 2442 125 2477; x_wconf 74' lang='grc' dir='ltr'>Α.</span> <span class='ocrx_word' id='word_1_280' title='bbox 138 2444 173 2477; x_wconf 71' lang='grc'>(3.</span> <span class='ocrx_word' id='word_1_281' title='bbox 189 2444 256 2477; x_wconf 84' lang='lat'>332</span> <span class='ocrx_word' id='word_1_282' title='bbox 363 2443 442 2477; x_wconf 89' lang='lat' dir='ltr'>Hoc</span> <span class='ocrx_word' id='word_1_283' title='bbox 468 2455 562 2477; x_wconf 88' lang='lat' dir='ltr'>anno</span> <span class='ocrx_word' id='word_1_284' title='bbox 595 2445 825 2479; x_wconf 81' lang='lat' dir='ltr'><strong>Constantius</strong></span> <span class='ocrx_word' id='word_1_285' title='bbox 854 2445 1019 2479; x_wconf 82' lang='lat' dir='ltr'>Amidam</span> <span class='ocrx_word' id='word_1_286' title='bbox 1053 2445 1184 2479; x_wconf 88' lang='lat' dir='ltr'>validis</span> <span class='ocrx_word' id='word_1_287' title='bbox 1218 2445 1395 2479; x_wconf 88' lang='lat' dir='ltr'>firmatam</span> <span class='ocrx_word' id='word_1_288' title='bbox 1431 2442 1622 2477; x_wconf 85' lang='lat' dir='ltr'>moenibus</span> <span class='ocrx_word' id='word_1_289' title='bbox 1647 2453 1738 2475; x_wconf 82' lang='lat' dir='ltr'>con-</span> 
     </span>
     <span class='ocr_line' id='line_1_37' title="bbox 272 2489 1733 2540; baseline 0 -17"><span class='ocrx_word' id='word_1_290' title='bbox 272 2491 412 2525; x_wconf 85' lang='lat' dir='ltr'><strong>struxit.</strong></span> <span class='ocrx_word' id='word_1_291' title='bbox 463 2492 710 2527; x_wconf 74' lang='lat' dir='ltr'><strong>Constantiam</strong></span> <span class='ocrx_word' id='word_1_292' title='bbox 737 2505 906 2539; x_wconf 88' lang='lat' dir='ltr'>quoque,</span> <span class='ocrx_word' id='word_1_293' title='bbox 945 2494 1095 2528; x_wconf 89' lang='lat' dir='ltr'><strong>Antonii</strong></span> <span class='ocrx_word' id='word_1_294' title='bbox 1122 2493 1247 2526; x_wconf 88' lang='lat' dir='ltr'>urbem</span> <span class='ocrx_word' id='word_1_295' title='bbox 1285 2494 1386 2540; x_wconf 84' lang='lat' dir='ltr'>prius</span> <span class='ocrx_word' id='word_1_296' title='bbox 1411 2491 1555 2532; x_wconf 82' lang='lat' dir='ltr'>dictam,</span> <span class='ocrx_word' id='word_1_297' title='bbox 1595 2502 1660 2524; x_wconf 91' lang='lat' dir='ltr'>suo</span> <span class='ocrx_word' id='word_1_298' title='bbox 1687 2489 1733 2523; x_wconf 91' lang='lat' dir='ltr'>de</span> 
     </span>
    </p>
   </div>
   <div class='ocr_carea' id='block_1_8' title="bbox 271 2537 1740 2623">
    <p class='ocr_par' dir='ltr' id='par_1_13' title="bbox 271 2537 1740 2623">
     <span class='ocr_line' id='line_1_38' title="bbox 271 2537 1740 2589; baseline 0.001 -19"><span class='ocrx_word' id='word_1_299' title='bbox 271 2540 420 2572; x_wconf 87' lang='lat' dir='ltr'>nomine</span> <span class='ocrx_word' id='word_1_300' title='bbox 446 2538 617 2586; x_wconf 74' lang='lat' dir='ltr'>deinceps</span> <span class='ocrx_word' id='word_1_301' title='bbox 643 2542 939 2588; x_wconf 81' lang='lat' dir='ltr'>nuncupandam,</span> <span class='ocrx_word' id='word_1_302' title='bbox 979 2548 1016 2576; x_wconf 90' lang='lat' dir='ltr'>et</span> <span class='ocrx_word' id='word_1_303' title='bbox 1039 2541 1084 2574; x_wconf 84' lang='lat' dir='ltr'>ab</span> <span class='ocrx_word' id='word_1_304' title='bbox 1109 2541 1239 2575; x_wconf 89' lang='lat' dir='ltr'>Amida</span> <span class='ocrx_word' id='word_1_305' title='bbox 1268 2539 1510 2589; x_wconf 81' lang='lat' dir='ltr'>septingentis</span> <span class='ocrx_word' id='word_1_306' title='bbox 1536 2538 1664 2573; x_wconf 85' lang='lat' dir='ltr'>stadiis</span> <span class='ocrx_word' id='word_1_307' title='bbox 1692 2537 1740 2572; x_wconf 86' lang='lat' dir='ltr'>ad</span> 
     </span>
     <span class='ocr_line' id='line_1_39' title="bbox 272 2587 889 2623; baseline 0.003 -3"><span class='ocrx_word' id='word_1_308' title='bbox 272 2587 459 2621; x_wconf 79' lang='lat' dir='ltr'>meridiem</span> <span class='ocrx_word' id='word_1_309' title='bbox 486 2588 646 2623; x_wconf 84' lang='lat' dir='ltr'>dissitam</span> <span class='ocrx_word' id='word_1_310' title='bbox 674 2589 889 2623; x_wconf 79' lang='lat' dir='ltr'>aedificavit.</span> 
     </span>
    </p>
   </div>
   <div class='ocr_carea' id='block_1_9' title="bbox 84 2635 1356 2683">
    <p class='ocr_par' dir='ltr' id='par_1_14' title="bbox 84 2635 1356 2683">
     <span class='ocr_line' id='line_1_40' title="bbox 84 2635 1356 2683; baseline 0.002 -15"><span class='ocrx_word' id='word_1_311' title='bbox 84 2639 124 2672; x_wconf 83' lang='lat' dir='ltr'>A.</span> <span class='ocrx_word' id='word_1_312' title='bbox 139 2637 176 2672; x_wconf 87' lang='lat' dir='ltr'>C.</span> <span class='ocrx_word' id='word_1_313' title='bbox 191 2638 258 2672; x_wconf 83' lang='lat'>333</span> <span class='ocrx_word' id='word_1_314' title='bbox 364 2635 698 2680; x_wconf 86' lang='lat' dir='ltr'>Hierosolymorum</span> <span class='ocrx_word' id='word_1_315' title='bbox 724 2637 887 2682; x_wconf 87' lang='lat' dir='ltr'>episcopi</span> <span class='ocrx_word' id='word_1_316' title='bbox 916 2638 1044 2681; x_wconf 86' lang='lat' dir='ltr'>Cyrilli</span> <span class='ocrx_word' id='word_1_317' title='bbox 1071 2649 1186 2671; x_wconf 86' lang='lat' dir='ltr'>annus</span> <span class='ocrx_word' id='word_1_318' title='bbox 1206 2638 1356 2683; x_wconf 83' lang='lat' dir='ltr'>primus.</span> 
     </span>
    </p>
   </div>
   <div class='ocr_carea' id='block_1_10' title="bbox 272 2682 1744 2829">
    <p class='ocr_par' dir='ltr' id='par_1_15' title="bbox 272 2682 1744 2829">
     <span class='ocr_line' id='line_1_41' title="bbox 360 2682 1741 2731; baseline 0.001 -15"><span class='ocrx_word' id='word_1_319' title='bbox 360 2682 437 2716; x_wconf 85' lang='lat' dir='ltr'>Hoc</span> <span class='ocrx_word' id='word_1_320' title='bbox 463 2695 558 2718; x_wconf 84' lang='lat' dir='ltr'>anno</span> <span class='ocrx_word' id='word_1_321' title='bbox 588 2690 734 2718; x_wconf 88' lang='lat' dir='ltr'>centum</span> <span class='ocrx_word' id='word_1_322' title='bbox 763 2690 800 2718; x_wconf 90' lang='lat' dir='ltr'>et</span> <span class='ocrx_word' id='word_1_323' title='bbox 821 2687 1016 2729; x_wconf 82' lang='lat' dir='ltr'>nonaginta</span> <span class='ocrx_word' id='word_1_324' title='bbox 1041 2686 1294 2731; x_wconf 79' lang='lat' dir='ltr'>episcoporum</span> <span class='ocrx_word' id='word_1_325' title='bbox 1320 2686 1473 2730; x_wconf 84' lang='lat' dir='ltr'>synodo,</span> <span class='ocrx_word' id='word_1_326' title='bbox 1500 2687 1557 2720; x_wconf 89' lang='lat' dir='ltr'>cui</span> <span class='ocrx_word' id='word_1_327' title='bbox 1570 2686 1741 2721; x_wconf 84' lang='lat' dir='ltr'>Nicome-</span> 
     </span>
     <span class='ocr_line' id='line_1_42' title="bbox 272 2727 1743 2778; baseline 0.004 -18"><span class='ocrx_word' id='word_1_328' title='bbox 272 2727 352 2761; x_wconf 85' lang='lat' dir='ltr'>diae</span> <span class='ocrx_word' id='word_1_329' title='bbox 382 2731 531 2765; x_wconf 85' lang='lat' dir='ltr'>antistes</span> <span class='ocrx_word' id='word_1_330' title='bbox 558 2732 732 2766; x_wconf 83' lang='lat' dir='ltr'>Eusebius</span> <span class='ocrx_word' id='word_1_331' title='bbox 758 2733 1001 2778; x_wconf 83' lang='lat' dir='ltr'>praesidebat,</span> <span class='ocrx_word' id='word_1_332' title='bbox 1030 2740 1177 2776; x_wconf 80' lang='lat' dir='ltr'>coacta3</span> <span class='ocrx_word' id='word_1_333' title='bbox 1202 2734 1356 2767; x_wconf 86' lang='lat' dir='ltr'>alterum</span> <span class='ocrx_word' id='word_1_334' title='bbox 1374 2735 1571 2768; x_wconf 86' lang='lat' dir='ltr'>Eusebium</span> <span class='ocrx_word' id='word_1_335' title='bbox 1596 2735 1743 2768; x_wconf 79' lang='lat' dir='ltr'>Emesao</span> 
     </span>
     <span class='ocr_line' id='line_1_43' title="bbox 272 2778 1744 2829; baseline 0.005 -20"><span class='ocrx_word' id='word_1_336' title='bbox 272 2779 475 2822; x_wconf 80' lang='lat' dir='ltr'>praesulem</span> <span class='ocrx_word' id='word_1_337' title='bbox 500 2778 740 2815; x_wconf 78' lang='lat' dir='ltr'>Alexandriae</span> <span class='ocrx_word' id='word_1_338' title='bbox 764 2781 992 2828; x_wconf 79' lang='lat' dir='ltr'>praeficiunt.</span> <span class='ocrx_word' id='word_1_339' title='bbox 1021 2793 1107 2829; x_wconf 83' lang='lat' dir='ltr'><strong>quo,</strong></span> <span class='ocrx_word' id='word_1_340' title='bbox 1132 2793 1197 2816; x_wconf 89' lang='lat' dir='ltr'>ceu</span> <span class='ocrx_word' id='word_1_341' title='bbox 1223 2781 1447 2825; x_wconf 81' lang='lat' dir='ltr'>sabelliano,</span> <span class='ocrx_word' id='word_1_342' title='bbox 1474 2783 1623 2825; x_wconf 76' lang='lat' dir='ltr'>reiecto,</span> <span class='ocrx_word' id='word_1_343' title='bbox 1650 2782 1744 2817; x_wconf 74' lang='lat' dir='ltr'>Gre-</span> 
     </span>
    </p>
   </div>
  </div>
 </body>
</html>
