1786 3204
243 157 355 225 24'4
811 172 1159 219 THEOPI-IANIS

235 273 332 333 ε”φη,
364 273 425 332 μὴ
456 276 658 331 δέχεσθαι
704 272 902 331 εὖλογιάν
928 276 1045 333 παρὰ
1078 276 1232 333 α’νδρός
1273 278 1531 330 α’θετοῦντος
1561 278 1639 336 τὴν
1668 280 1712 322 ἐν

187 341 477 401 ΒΧαλκηδόνι
519 345 708 386 σύνοδον.
782 344 992 397 Τιμόθεος
1028 347 1075 387 δὲ
1122 343 1205 402 ἔφη
1237 345 1435 400 ἀνάθεμα
1478 351 1608 390 navt-17
1635 347 1711 389 οἷν-

231 409 390 470 θρώπῳ
419 412 475 470 τῷ
501 409 561 467 μὴ
593 413 804 470 δεχομένῳ
833 411 909 468 τήν
941 414 987 453 ἐν
1001 410 1247 469 Χαλκηδόνι
1278 410 1480 457 σύνοδον·
1540 417 1614 457 καί
1637 411 1711 457 οὗ-

228 495 311 529 τως
358 480 716 535 προχειρισθῆναι
754 479 826 520 ὑπ’
869 479 1003 521 αὐτοῦ
1044 480 1097 520 ου’
1123 481 1371 533 κατεδέξατο
1410 480 1432 523 ὅ
1463 479 1708 538 ἡγούμενος.

226 545 420 603 Ἰωάννης
449 546 548 589 δὲτὸ
580 546 877 601 οἷρχιδιιὶκονος
911 548 1124 599 Τιμοθέου
1144 549 1396 603 Mamm-og
1425 544 1494 606 ὤν,
1525 549 1744 605 ὕβρίσαςὸ

232 615 472 668 Τιμόθεον,
506 615 562 672 τῷ
605 617 782 668 βασιλεῖ’
817 615 1036 669 ἐμήνυσεν.
1109 614 1131 655 ὁ
1163 616 1209 658 δὲ
1251 615 1457 669 βασιλευς
1490 614 1707 671 α’τιμοίσας

230 681 454 738 Τιμόθεον,
472 684 670 736 χαλεπαῖς
692 682 800 724 κατὰ
823 680 1044 737 πρόσωπον
1066 681 1327 736 ἀρνούμενον
1340 678 1472 739 εὗρεν
1493 684 1567 728 καί
1580 677 1708 728 πάλινι

222 749 595 803 οἷναθεματίζοντα
625 748 723 800 τούς
759 751 1012 804 δεχοιιιένους
1052 748 1130 806 την
1164 753 1208 794 ἐν
1237 751 1482 808 Χαλκηδόνι
1513 754 1703 797 σύνοδον.

214 816 411 874 Ἰωάννης
439 819 486 861 δὲ
514 815 536 859 ὅ
566 818 887 874 Ἀλεξανδρείας
916 816 938 859 ὅ
971 816 1183 875 δυσσεβὴς
1212 817 1402 862 ἐκώλυσε
1431 819 1532 871 τούς
1561 822 1704 877 Αἰγυ-

221 886 367 935 πτίους
399 885 675 940 ’,ἀνέρχεσθαι
703 887 763 935 εἷς
814 885 867 928 τα
899 883 1191 942 Ἱεροσόλυμα,
1223 886 1294 929 διὰ
1323 885 1370 929 τὸ
1400 886 1460 943 μὴ
1492 895 1703 932 κοινωνεῖν
1722 907 1767 933 10

88 962 126 996 P.
147 964 210 999 ι36
223 954 268 996 ἐν
295 957 348 1012 τῇ
372 950 542 1006 ὖψοόσει
569 955 622 1010 τῇ
650 956 696 996 ἑν
718 953 960 1010 Χαλκηδόνι
989 951 1167 1012 συνόδῳ.
1229 953 1390 1012 φοβεροὶ
1416 956 1466 998 δέ
1491 973 1587 998 τινα
1616 954 1698 998 ὑπὸ

221 1021 543 1075 δαιμονιώντων
581 1022 743 1075 ἐγένετο
787 1022 845 1072 εἰς
880 1021 1156 1078 Ἱεροσόλυμα
1187 1021 1295 1065 τότε.
1348 1022 1626 1074 Ἀναστοίσιος
1655 1025 1702 1066 δὲ

218 1091 441 1143 ἐπιθυμῶν
485 1090 683 1143 γενέσθαι
715 1087 818 1141 δοὺξ
852 1089 1152 1146 Παλαιστίνης
1193 1089 1405 1145 ὑπέσχετο
1433 1091 1493 1149 τῷ
1517 1094 1699 1146 βασιλεῖ’,

216 1159 257 1199 εἰ
284 1155 345 1212 μὴ
393 1158 524 1199 πείσω
563 1154 756 1212 Ἰωάννην
792 1155 864 1199 τὸν
892 1156 999 1210 μετὰ
1033 1152 1186 1199 Ἠλίαν
1216 1159 1442 1201 ἐπίσκοπον
1464 1158 1698 1215 Ἰεροσολύ-

213 1241 308 1278 μων
338 1226 596 1279 κοινωνῆσαι
627 1225 827 1283 Σευήρῳ,
871 1225 1005 1266 δι’δειν
1034 1224 1281 1280 τριακοσίας
1320 1226 1468 1282 λίτρας
1499 1228 1697 1282 χρυσίου.
1717 1228 1764 1269 15

212 1292 358 1347 λαβων
385 1294 433 1335 δὲ
463 1308 541 1349 την
572 1290 713 1347 ἀρχὴν
742 1288 880 1348 ἢλθεν
908 1308 968 1342 εις
997 1310 1049 1335 τα
1074 1292 1376 1349 Ἰεροσόλυμα,
1407 1292 1481 1336 καί
1503 1290 1700 1352 Ἰωάννην

211 1358 270 1416 μὴ
303 1357 559 1414 πειθόμενον
593 1360 654 1410 εἷς
685 1358 885 1416 φρουράν
915 1362 1124 1414 ἐνέβαλεν.
1196 1363 1424 1416 Ζαχαρίας
1453 1362 1501 1405 δέ
1521 1378 1585 1412 τις
1618 1358 1697 1418 ἄρ..

207 1445 302 1483 χων
332 1427 644 1483 Παλαιστίνης,
677 1428 883 1484 θεοφιλης
914 1424 1048 1484 ἁνήρ,
1081 1428 1266 1471 ὑπέθετο
1296 1431 1357 1486 τῷ
1384 1429 1598 1489 ἐπισκόπει)
1629 1431 1697 1486 ζὴ-

211 1500 269 1538 λω
297 1494 401 1554 θείω
433 1494 666 1552 φερόμενος
699 1495 974 1550 υποσχὲσθαι
1002 1498 1060 1555 τῷ
1090 1498 1214 1539 δουκι
1245 1501 1382 1539 ποιεῖν
1408 1495 1462 1539 τοὶ
1488 1473 1697 1542 δοκόῐῐντα

212 1563 340 1623 αὐτῷ,
373 1564 414 1606 εἰ
441 1563 780 1622 ἀποκατασταθῇ
820 1566 881 1614 εἰς
907 1562 981 1607 τὸν
1011 1538 1168 1621 θρόνον
1204 1563 1353 1608 αὐτοῦ.
1408 1568 1486 1608 τοῦ
1514 1568 1565 1610 δὲ·
1592 1566 1696 1609 ἀπο-
1709 1581 1762 1606 20

309 1724 342 1746 2
371 1712 556 1761 Τιαόθεος
586 1713 627 1748 δὲ
652 1713 726 1772 ἔιΙη
752 1734 795 1740 —
833 1733 879 1739 -—
907 1712 1074 1749 σύνοδον
1098 1725 1168 1747 om.
1198 1716 1223 1747 A
1255 1714 1279 1747 b
1312 1715 1337 1748 f.
1477 1714 1510 1758 4.
1538 1714 1582 1750 οὐ
1612 1715 1692 1748 add.

309 1763 400 1843 egri&
414 1762 605 1845 ξτείσ-ωια.
632 1763 684 1802 εἰς
703 1759 962 1810 Ἱεροσόλυμα.
990 1762 1072 1797 τότε
1095 1762 1138 1798 δέ
1157 1775 1214 1801 τις
1234 1761 1536 1803 ’Λνιιστασιοςὺ.
1640 1766 1691 1808 14.

212 1941 357 1971 tuturus
383 1938 542 1971 accessit.
567 1942 604 1971 at
629 1937 690 1984 qui
715 1937 982 1983 promovendus
1009 1943 1085 1971 erat
1109 1936 1219 1971 dixit:
1249 1948 1267 1970 a
1293 1938 1370 1971 viro
1397 1937 1461 1984 qni
1490 1936 1694 1972 Chalcedo-

150 1995 155 1999 ·
212 1997 363 2019 nensem
388 1985 566 2030 synodum
603 1985 863 2031 reprobaverit,
886 1985 1181 2019 benedictionem
1215 1997 1252 2019 se
1279 1986 1379 2019 nolle
1410 1986 1586 2031 accipere.
1637 1997 1694 2020 re-

213 2033 363 2080 spondit
394 2033 628 2068 Timotheus:
677 2033 908 2068 anathemate
959 2034 1112 2067 feriatur
1153 2034 1317 2079 quisquis
1356 2032 1692 2067 chalcedonensem

211 2094 288 2116 non
313 2081 500 2115 admiserit
526 2081 723 2126 synodum:
760 2087 870 2127 atque
894 2083 945 2115 ita
981 2093 1018 2115 se
1045 2081 1090 2115 ab
1117 2092 1159 2114 eo
1188 2082 1391 2115 confirmari
1424 2093 1499 2115 non
1528 2083 1694 2127 permisit

211 2130 430 2176 praefectus.
479 2131 635 2163 Ioannes
664 2136 785 2164 autem
809 2130 998 2164 Timothei
1035 2129 1308 2163 archidiaconus
1346 2140 1424 2162 cum
1452 2135 1548 2163 esset
1571 2130 1693 2163 Mani-

214 2178 359 2219 chaeus,
390 2178 566 2212 coniectis
591 2179 630 2211 in
653 2178 889 2212 Timotheum
917 2178 1100 2219 conviciis,
1127 2189 1199 2211 rem
1227 2177 1272 2210 ad
1301 2178 1565 2227 imperatorem
1583 2177 1694 2211 detu-

212 2226 268 2260 lit.
320 2225 385 2259 sed
410 2237 491 2259 cum
524 2226 723 2271 imperator
746 2228 865 2272 ipsum
899 2226 1142 2271 ignominiose
1176 2231 1211 2258 et
1237 2225 1325 2258 dure
1353 2226 1599 2272 corripuisset,
1624 2226 1691 2260 'li-

211 2272 382 2308 motheus
412 2279 497 2306 ante
535 2274 762 2318 imperatoris
796 2280 1030 2320 conspectum
1069 2284 1142 2306 rem
1173 2275 1321 2317 negavit
1359 2285 1524 2316 omnem,
1563 2280 1600 2307 et
1628 2275 1690 2321 qui

212 2321 391 2367 synodum
430 2321 663 2355 Chalcedone
701 2322 920 2355 celebratam
956 2322 1178 2367 reciperent,
1211 2298 1439 2362 abunt-hemam
1465 2322 1688 2368 perstrinxit.

210 2372 367 2405 loannes
406 2375 527 2402 autem
569 2371 702 2415 impius
729 2370 969 2403 Alexandriae
1007 2369 1154 2415 praesul
1179 2369 1375 2415 Aegyptios
1401 2370 1691 2414 Hierosolymam

211 2418 408 2453 ascendere
435 2416 638 2463 prohibuit,
666 2428 712 2451 ne
733 2418 770 2450 in
796 2423 939 2451 sanctae
968 2418 1083 2450 crucis
1105 2417 1336 2451 exaltationis
1366 2419 1459 2452 festo
1488 2417 1691 2452 Chalcedo-

210 2467 333 2501 nensis
357 2465 488 2510 synodi
514 2465 677 2511 patribus
704 2466 1019 2498 communicarent.
1071 2471 1147 2498 tum
1173 2477 1257 2498 vero
1287 2478 1341 2499 res
1367 2478 1512 2512 prorsus
1537 2466 1691 2500 horren-

212 2515 279 2549 dae
310 2514 356 2548 ab
383 2514 428 2547 iis
457 2515 520 2559 qui
549 2513 786 2547 daemonibus
814 2514 971 2558 correpti
989 2518 1092 2546 erant
1114 2512 1373 2558 Hierosolymis
1403 2513 1536 2548 editae.
1589 2515 1690 2548 Ana-

211 2564 345 2597 stasius
387 2566 507 2595 autem
531 2562 755 2595 Palaestinae
783 2561 856 2594 dux
897 2561 974 2593 (ieri
1002 2572 1081 2593 cum
1119 2560 1282 2602 ambiret,
1312 2563 1382 2596 nisi
1411 2563 1598 2605 Ioannem,
1625 2564 1688 2609 qui

209 2617 294 2656 post
325 2611 439 2644 Eliam
466 2609 801 2653 Hierosolymorum
837 2609 1047 2654 episcopum
1078 2609 1232 2652 agebat,
1260 2621 1338 2643 cum
1369 2611 1503 2644 Severo
1528 2622 1690 2644 commu-

209 2660 359 2693 nionem
382 2657 519 2692 habere
545 2657 726 2697 suaderet,
755 2657 825 2691 300
853 2657 929 2689 auri
955 2656 1064 2690 libras
1091 2657 1301 2702 imperatori
1325 2669 1362 2692 se
1386 2670 1582 2704 pensurum
1606 2669 1691 2704 pro-

209 2708 319 2741 misit.
371 2719 452 2740 mox
485 2706 662 2750 dignitate
688 2711 855 2751 arrepta,
885 2705 985 2738 venit
1022 2705 1306 2749 Hierosolymam
1335 2712 1380 2749 ¹et
1413 2707 1586 2740 Ioannem
1619 2706 1690 2739 sibi

210 2756 450 2791 reluctantem
482 2754 640 2797 coniecit
667 2753 705 2786 in
747 2752 969 2787 custodiam:
1025 2753 1212 2786 Zacharias
1237 2760 1355 2787 autem
1396 2754 1543 2800 quidam
1568 2755 1690 2788 Palae-

211 2803 329 2837 stinae
353 2802 573 2850 praefectus,
599 2802 654 2837 vir
682 2801 885 2847 religiosus,
927 2800 1052 2834 divino
1080 2801 1159 2835 zelo
1184 2807 1317 2845 motus,
1346 2803 1518 2850 episcopo
1545 2812 1691 2847 sugges-
