1768 3106
220 143 335 200 628
782 160 1130 205 THEOPHANis

218 263 539 320 α’νεμιζιινησκεν.
597 263 692 307 ἐπεὶ
721 264 769 306 δὲ
810 261 1132 320 οἷνεπιστρόφως
1171 258 1306 303 αὐτὸν
1335 257 1449 317 ἑώρα
1475 259 1698 315 πλανώμε-

217 348 300 388 νον,
332 331 612 389 ἐπιστραφείς
642 329 750 386 πρὸς
768 330 899 374 αὐτὸν
930 327 1177 385 πατήσαντά
1206 343 1306 370 ποτε
1334 328 1384 371 τὰ
1417 327 1597 371 ὀπίσθια
1627 332 1701 383 τῆς

218 401 370 453 στολῆς
407 394 563 456 αὐτοῦ,
592 401 796 448 εἰσιοντος
841 398 978 440 αὐτοῦ
1023 395 1131 454 πρὸς
1159 394 1229 438 τὸν
1255 398 1449 452 βασιλέα,
1480 394 1579 453 ἔφη·
1635 395 1696 452 μὴ

216 467 390 520 σπεῦδε,
423 465 607 523 φθάσεις
637 466 716 520 γὰρ
747 468 958 508 εἰσελθεῖν
988 466 1048 514 εἰς
1078 463 1124 506 τὸ
1157 465 1335 506 deinum.
1394 463 1416 506 ὅ
1452 465 1499 506 δὲ
1527 466 1600 507 ἑπί
1623 481 1697 506 τα-

217 534 398 590 ραχθείς
424 535 482 590 τῷ
510 533 619 591 λόγῳ
652 533 732 575 σὺν
763 528 910 582 ἄλλοις
954 528 1200 588 α’κούσασιν,
1232 529 1374 585 ἠγνόει
1403 529 1479 586 τὴν
1507 529 1733 586 πρόρρη-5

81 610 201 655 P.342
215 618 294 658 σιν,
325 598 420 657 ἥτις
442 601 574 654 πέρας
614 602 808 653 λαβοῦσα
848 597 953 653 μετὰ
1001 598 1046 641 ιε’
1089 597 1159 655 ἔτη
1195 602 1252 655 τῷ
1283 600 1411 657 τρίτῳ
1451 595 1538 640 ἔτει
1569 601 1696 640 Κων-

215 670 440 712 σταντι’νου
471 668 550 709 τοῦ
572 664 755 709 δίώκτου
786 668 1017 710 ἷνὸικτιῶνι
1047 664 1099 721 ιβ’
1132 666 1295 714 πάντας
1317 663 1484 707 ἔπεισεν
1510 666 1555 707 ἐκ
1575 665 1698 714 θείας

73 743 115 778 V.
130 735 393 792 αῃπχάριτος
434 736 801 792 προφητευθῆναι.
872 736 1194 783 Κωνσταντῖνος
1231 733 1313 788 γὰρ
1351 731 1459 786 μετὰ
1502 732 1579 788 τὴν
1620 733 1699 773 τοῦ

209 804 407 860 γαμβροῦ
428 803 560 844 αὐτοῦ
589 802 884 857 Ἀρταβάσὸου
922 799 1136 857 α’νασοβὴν
1165 802 1239 856 τῆς
1267 800 1488 855 βασιλείας
1520 801 1697 858 ἐπικρα-

207 869 353 925 τήσας,
382 869 665 912 Ἀναστάσιον
685 870 836 911 τοῦτον
856 868 999 922 τύψας
1018 867 1099 910 σύν
1120 863 1266 917 ἄλλοις
1283 870 1458 923 ἐχθροῖς
1478 867 1522 909 ἐν
1540 865 1698 924 ἱππικῷ
1716 882 1762 909 10

208 936 280 980 διὰ
309 939 386 980 τοῦ
406 937 599 978 διϊππιόυ
625 933 787 991 γυμνὸν
811 937 889 988 μὲν
921 937 984 977 ἐπ’
1010 930 1108 977 ὄνου
1129 935 1370 990 καθήμενον
1396 934 1697 991 ἑξανάστροφα

213 1002 494 1059 ἐπόμπευσεν,
526 1002 583 1053 ὥς
612 1010 702 1052 τοῖς
733 1005 909 1059 ἐχθροῖς
937 1002 1334 1056 συνανασκάψαντα
1363 1002 1505 1059 αὐτόν,
1525 1004 1599 1043 καί
1623 1001 1697 1044 τόν

207 1068 500 1128 Ἀρτάβασὸον
528 1073 757 1127 στέψαντα,
787 1070 844 1120 (ὃς
865 1068 1158 1126 δηλωθήσεται
1175 1070 1221 1112 ἐν
1248 1071 1306 1128 τῷ
1335 1071 1429 1128 ι’ὸῗῳ
1456 1069 1584 1128 τόπῳ.
1624 1067 1700 1111 καί

211 1141 255 1182 ἐν
282 1139 361 1192 μὲν
402 1139 460 1196 τῷ
491 1139 717 1197 Βυζαντίῳ
757 1135 980 1192 πρόμαχος
1021 1138 1105 1180 τῶν
1142 1136 1250 1193 ὑπὲρ
1286 1138 1506 1192 εὐσεβείας
1537 1136 1696 1192 δογμά-

167 1218 292 1251 Βτων
323 1205 343 1249 ὃ
370 1203 487 1262 ἱερὸς
518 1200 643 1255 οὗτος
673 1206 748 1247 καί
786 1208 1012 1255 θεσπέσιος
1042 1199 1203 1260 ἤκμαζε
1229 1205 1454 1261 Γερμανὸς
1480 1207 1690 1261 θηριομα-
1711 1206 1759 1247 15

201 1277 296 1330 χῶν
323 1273 430 1332 πρὸς
460 1271 532 1316 τὸν
571 1272 827 1329 φερώνυμον
861 1273 1033 1316 Λέοντα
1073 1274 1146 1314 καί
1189 1271 1290 1321 τούς
1321 1271 1456 1314 advos)
1483 1289 1694 1315 συνασπι-

207 1343 336 1396 στοές,
380 1342 426 1384 ἐν
466 1342 514 1383 δὲ
561 1342 614 1398 τῇ
656 1343 923 1397 πρεσβυτέρᾳ
969 1337 1111 1397 Ῥώμῃ
1151 1340 1192 1382 Γ
1189 1337 1388 1396 ρηγόριος
1431 1338 1454 1381 ὅ
1496 1340 1693 1395 πανιέρος

204 1407 478 1458 α’ποστολικὸς
522 1406 630 1464 α’νὴρ
687 1407 761 1449 καί
802 1410 975 1463 Πέτρου
1019 1409 1099 1449 τοῦ
1142 1409 1386 1462 κορυφαίου
1434 1405 1691 1463 σύνθρονος,

203 1474 310 1535 λόγῳ
339 1477 414 1519 καί
439 1474 593 1532 πράξει
626 1477 898 1530 ὃιαλάμπων,
929 1472 977 1524 ὃς
1004 1469 1216 1530 ἀπέστησε
1236 1472 1400 1530 Ῥώμην
1419 1490 1466 1517 τε
1488 1477 1562 1517 καί
1584 1475 1691 1518 Ἰτα-

303 1614 335 1648 3.
363 1613 547 1653 εἰσιόντος
574 1611 692 1649 αὖτοῦ
709 1613 762 1653 Α,
805 1614 874 1648 εἲσ.
903 1608 980 1659 γάρ
1009 1610 1122 1647 αὐτοῦ
1148 1611 1243 1657 vulg.
1381 1613 1414 1657 4.
1447 1611 1623 1649 διΐππιον
1647 1612 1687 1646 Α.

303 1662 366 1696 ἐπὶ
385 1661 469 1695 add.
500 1673 544 1695 ex
572 1662 613 1695 A.
753 1662 787 1695 8.
815 1661 1132 1708 προφητευθῆναι
1155 1660 1204 1706 113
1236 1658 1438 1719 ἀγνώμονι
1462 1662 1504 1694 A.
1635 1672 1686 1693 11.

299 1711 522 1758 καθήμενοι
547 1711 587 1750 Α,
610 1708 855 1756 καθούμενον
878 1710 976 1752 vulg.
1081 1719 1131 1741 12.
1160 1706 1277 1743 αὐτον
1301 1720 1332 1742 κ.
1359 1721 1388 1742 τ.
1406 1706 1460 1744 ’A-
1490 1711 1593 1766 στέψ.
1618 1720 1688 1740 om.

299 1759 341 1793 A.
449 1761 499 1802 14.
527 1758 622 1791 inter
648 1758 852 1804 δογμάτων
877 1763 914 1790 et
938 1755 1038 1805 ἱερὸς
1061 1757 1188 1789 lacuna
1217 1756 1440 1789 intercedit
1430 1768 1468 1790 ln
1488 1758 1529 1797 A,
1557 1770 1610 1792 ων
1628 1757 1687 1790 vel

300 1804 418 1838 simile
452 1805 543 1851 quid
571 1805 746 1839 excidisse
776 1806 931 1839 videtur
1037 1806 1086 1837 i(5.
1113 1804 1359 1851 θηριιὺνυμον
1383 1805 1435 1847 A,
1462 1804 1546 1839 sort.
1577 1810 1685 1838 recte.

306 1865 358 1899 17.
385 1855 497 1900 1¹,qu
528 1855 569 1896 A,
597 1852 615 1889 ὃ
646 1850 1350 1900 Γρ.ν111ὅ.19.ὃςΑ,ώςνιι1ὅ.

206 1978 270 2013 sed
297 1980 431 2013 leniter
460 1980 578 2026 ipsum
606 1980 651 2013 de
676 1980 885 2026 proditione
912 1980 1148 2013 commonuit.
1200 1992 1278 2013 cum
1308 1991 1391 2013 vero
1418 1979 1462 2012 ab
1491 1991 1612 2013 errore
1638 1980 1685 2012 il-

205 2028 279 2060 lum
307 2029 463 2061 revocari
493 2040 567 2061 non
593 2039 700 2074 posse
732 2034 906 2067 cerneret,
935 2029 1087 2074 quadam
1131 2028 1190 2061 die
1227 2028 1343 2062 eidem
1373 2028 1562 2061 Anastasio
1591 2028 1684 2061 Ger-

204 2075 303 2108 mani
329 2076 582 2121 imperatorem
610 2076 779 2109 adeuntis
807 2077 1040 2122 posteriorem
1066 2077 1175 2109 vestis
1201 2088 1297 2109 oram
1325 2076 1477 2109 calcanti
1513 2076 1591 2120 ipse
1616 2087 1685 2120 pa·-

205 2122 363 2156 tria'rcha
399 2123 510 2157 dixit:
552 2125 629 2158 noli
656 2125 854 2166 festinare,
887 2124 924 2157 in
964 2125 1048 2157 circi
1085 2125 1219 2157 etenim
1250 2124 1407 2157 stadium
1444 2124 1548 2156 citius
1577 2136 1684 2168 quam

204 2172 304 2204 voles
345 2171 571 2215 ingredieris.
634 2178 671 2205 at
695 2173 758 2205 ille
793 2171 891 2205 hisce
919 2172 1039 2205 verbis
1072 2172 1250 2214 turbatus,
1278 2183 1344 2204 nec
1370 2171 1432 2204 alii
1458 2174 1684 2216 praesagium

205 2218 445 2259 intellexere,
476 2219 576 2264 quod
605 2225 727 2253 tamen
757 2220 967 2266 quindecim
999 2226 1082 2266 post
1113 2230 1238 2259 annos,
1264 2219 1372 2252 tertio
1400 2219 1574 2252 videlicet
1598 2231 1683 2264 per-

205 2267 382 2300 secutoris
412 2266 657 2307 Constantini,
683 2267 885 2303 indictione
925 2267 1164 2307 duodecima,
1195 2268 1329 2300 exitum
1371 2266 1518 2300 tandem
1544 2267 1684 2307 habuit,

205 2326 246 2348 ac
272 2326 346 2348 non
373 2316 449 2348 sine
488 2315 612 2348 divino
638 2316 797 2360 impulsu
839 2316 1020 2360 prolatum
1058 2315 1166 2348 fuisse
1193 2315 1370 2348 constitit.
1422 2316 1558 2348 etenim
1584 2315 1683 2349 Con-

205 2363 385 2396 stantinus
410 2362 611 2396 Artabasdo
639 2373 771 2406 genero
798 2364 963 2408 expulso,
989 2374 1069 2396 cum
1099 2363 1196 2396 solus
1225 2363 1377 2407 imperio
1407 2363 1546 2408 potitus
1576 2369 1682 2404 esset,

204 2411 435 2444 Anastasium.
474 2422 546 2443 una
582 2422 662 2443 cum
699 2411 780 2443 aliis
820 2412 894 2444 suis
924 2410 1080 2444 inimicis
1114 2410 1325 2443 verberibus
1353 2422 1509 2451 caesum,
1548 2410 1682 2444 deinde

204 2458 343 2491 nudum
370 2459 547 2504 asinoque
575 2457 666 2490 facie
694 2465 789 2491 retro
815 2470 916 2491 versa
940 2458 1159 2492 insidentem
1179 2469 1243 2503 per
1268 2459 1353 2491 circi
1381 2458 1535 2492 stadium
1563 2460 1683 2504 palam

206 2506 426 2540 circumduci
453 2506 576 2542 iussit.
618 2511 747 2551 utpote
785 2506 848 2551 qui
884 2517 955 2538 una
997 2518 1075 2539 cum
1102 2506 1258 2539 inimicis
1283 2507 1355 2539 suis
1389 2518 1427 2540 se
1454 2507 1682 2552 imperatoris

205 2565 354 2587 munere
384 2554 593 2598 abrogatum
630 2554 783 2599 imperio
814 2554 980 2594 eiecerat,
1021 2559 1131 2599 atque
1158 2554 1396 2588 Artabasdum
1424 2561 1682 2596 coronaverat,

203 2602 510 2646 quemadmodum
534 2602 689 2635 inferius
716 2613 781 2635 suo
807 2601 887 2634 loco
915 2601 1238 2635 demonstrabitur.
1290 2615 1398 2647 porro
1424 2614 1524 2636 sacer
1547 2602 1611 2635 ille
1641 2614 1682 2635 ac

204 2649 348 2683 divinus
376 2651 579 2684 Germanus
611 2649 840 2683 decretorum
873 2660 977 2682 verae
1006 2650 1191 2694 religionis
1231 2650 1399 2684 defensor
1425 2650 1588 2694 Byzantii
1612 2650 1682 2683 sso-

204 2698 278 2731 ruit
306 2698 476 2732 adversus
502 2699 660 2732 Leonem
689 2709 732 2730 ex
761 2709 796 2730 re
814 2708 947 2731 nomen
974 2696 1184 2739 habentem,
1212 2698 1364 2744 eiusque
1395 2699 1573 2732 satellites
1600 2704 1682 2732 tan-

204 2756 311 2790 quam
343 2746 513 2780 adversus
554 2747 645 2779 feras
682 2745 913 2790 depugnans,
954 2745 1260 2791 quemadmodum
1286 2747 1323 2779 in
1352 2747 1465 2780 veteri
1493 2748 1600 2780 Roma
1627 2747 1682 2779 vir

205 2793 451 2840 undequaque
477 2805 575 2828 sacer
599 2800 636 2828 et
661 2794 895 2840 apostolicus,
924 2793 1018 2828 Petri
1047 2794 1294 2841 apostolorum
1313 2795 1506 2840 coryphaei
1533 2805 1680 2828 conses-

621 2851 631 2864 Ι
