1768 3106
276 111 386 188 728
795 126 1147 172 THEOPHANJS

266 230 444 286 νικήσας
470 233 546 274 καὶ
575 231 753 288 τρέψας,
782 226 942 287 ἤλασεν
969 233 1048 281 ἕως
1079 230 1158 271 τοῦ
1187 229 1403 283 ποταμοῦ.
1438 226 1511 272 καὶ
1535 227 1758 271 κατελθών

267 301 328 350 εἷς
344 294 552 356 νΕφεσον,
585 302 659 342 καί
701 298 932 353 εὐξάμενος
967 300 1027 348 εἰς
1056 295 1129 339 τὸν
1158 295 1376 353 θεολόγον,
1423 294 1471 339 τὸ
1500 298 1757 352 κομμέρκιον

266 369 345 410 τοῦ
388 370 655 424 πανηγυρίου
699 364 852 410 ἑκατὸν
896 368 1049 421 λιτρῶν
1073 366 1262 420 χρυσίου
1301 358 1360 421 όν,
1388 363 1619 421 ἐκούφισεν
1648 362 1756 418 πρὸς

265 435 503 490 θεραπείαν
543 438 620 478 τοῦ
667 434 792 490 ἁγίου
825 432 1062 477 ἀποστόλου
1105 435 1180 476 καί
1220 434 1522 488 εὐαγγελιστοῦ
1543 428 1757 476 Ἰωάννου.

220 505 322 561 Βτῷ
367 504 416 545 δὲ
453 498 698 561 Αὐγούστῳ
744 503 851 558 μηνὶ
895 499 1073 557 ἔστεψεν
1119 499 1142 543 ὃ
1180 499 1388 557 βασιλευς
1426 498 1503 558 τὴν
1547 498 1760 556 Θεοδότην

250 571 343 630 ,τήν
370 570 731 629 κουβικουλαρίαν
761 571 1025 627 Αὕγοῦσταν
1060 569 1135 613 καί
1173 568 1439 626 ἐμνηστεύθη
1479 569 1590 628 αὐτῇ
1616 585 1759 624 παρα-

259 632 421 695 νόμως.

51 717 250 752 A.M.6288
382 705 526 765 Τούτῳ
552 707 611 765 τῷ
639 703 722 749 ἔτει
742 742 753 763 ,
781 707 887 762 μηνί
913 707 1189 764 Σεπτεμβρίῳ
1218 707 1477 756 ῖνὸικτιῶνος
1506 703 1556 762 δ’,
1586 705 1758 759 ἐποίησε

263 773 339 818 τόν
376 773 514 830 γάμον
551 774 656 828 μετὰ
705 772 919 830 Θεοδότης
963 773 985 814 ὅ
1025 772 1229 828 βασιλεὺς
1271 774 1317 816 ἐν
1358 775 1416 832 τῷ
1455 773 1650 831 παλατίῳ
1681 773 1759 814 τοῦ

265 840 388 898 ἁγίου
419 841 676 898 ΖΙῙάμαντος,
706 841 848 899 ἡμέρᾳ
875 840 1071 899 τετάρτῃ.
1129 844 1187 899 τῷ
1217 843 1263 884 δὲ
1288 840 1524 900 Ἀπριλλίῳ
1551 839 1658 896 μηνί
1685 840 1759 894 τῆς

265 912 402 966 αὐτῆς
430 908 467 952 δ’
502 911 785 966 ἰνδικτιῶνος,
821 909 964 968 ἡμέρα
1007 907 1185 968 ἑβδόμῃ,
1224 905 1318 967 ὥρᾳ
1345 911 1585 967 νυκτερινῇ,
1614 909 1760 964 γέγονε

131 985 169 1019 Ρ.
183 987 250 1032 397
265 977 442 1033 σεισμὸς
476 979 522 1021 ἐν
547 978 599 1035 τῇ
628 975 742 1037 νήσω
773 977 924 1036 Κρήτῃ
955 975 1271 1034 φοβερώτατος.
1341 978 1504 1032 ἐγένετο
1536 979 1584 1020 δὲ
1611 993 1685 1019 και
1716 993 1762 1019 εν

262 1043 718 1090 Κωνσταντινουπόλει
753 1046 859 1101 μηνὶ
888 1046 1025 1104 Μαΐω
1047 1045 1229 1103 τετάρτῃ
1258 1045 1373 1088 πάνυ
1404 1044 1601 1102 φοβερός.
1633 1045 1761 1114 Κάρ-

262 1117 401 1168 δαμος
436 1116 482 1157 δὲ
527 1113 548 1155 ὁ
589 1111 714 1169 κόρις
742 1112 1020 1169 Βουλγαρίας
1058 1111 1275 1169 ἐδήλωσεν
1313 1115 1374 1173 τῷ
1401 1116 1602 1168 βασιλεῖ·
1634 1108 1702 1155 ὅτι
1731 1129 1757 1168 η

260 1181 433 1225 τέλεσόν
459 1198 536 1235 μοι
578 1179 741 1236 πάκτα,
769 1177 798 1237 ἢ
825 1179 1008 1237 ἔρχομαι
1048 1182 1128 1231 ἑως
1174 1183 1247 1236 τῆς
1277 1183 1460 1238 Χρυσῆς
1501 1177 1662 1238 πόρτης
1689 1197 1761 1223 και

263 1251 412 1305 ἐρημῶ
438 1250 515 1305 τὴν
531 1249 717 1306 Θρᾴκην.
777 1249 800 1291 ὅ
832 1251 879 1293 δὲ
905 1248 1113 1304 βασιλεύς
1141 1247 1289 1304 βαλών
1313 1251 1572 1304 καβαλλίνας
1601 1245 1759 1305 ἀλόγου

264 1320 327 1367 εἰς
356 1315 580 1372 μανδόλιν,
611 1316 803 1373 ἔπεμψεν
836 1319 958 1375 αὐτῷ
987 1314 1140 1360 εἰπών·
1210 1315 1275 1360 ὅτι
1308 1313 1378 1362 οἷα
1404 1319 1485 1372 μέν
1513 1333 1583 1360 σοι
1609 1319 1762 1372 πρέπει

266 1384 419 1442 nauta,
450 1383 679 1428 ἀπέστειλά
710 1401 792 1428 σοι.
850 1387 988 1440 γέρων
1018 1386 1067 1428 δὲ
1094 1380 1155 1427 εἷ·
1184 1383 1258 1428 καί
1287 1385 1340 1428 οὗ
1369 1387 1486 1429 θέλω
1513 1386 1584 1428 ἵνα
1612 1383 1762 1428 κοπιά-

267 1470 347 1511 σῃς
377 1452 457 1503 ἕως
498 1455 582 1496 τῶν
614 1447 726 1495 ὧδε·
773 1454 867 1496 ἄλλ’
903 1451 987 1508 ἐγώ
1030 1451 1215 1511 ἔρχομαι
1253 1456 1334 1504 ἕως
1371 1457 1658 1510 Μαρκέλλων,
1689 1452 1764 1495 καὶ

269 1520 429 1574 ἔξελθε.
488 1524 562 1564 καί
590 1519 692 1564 εἴτι
722 1525 860 1576 κρινεῖ
886 1518 906 1563 ὅ
931 1520 1045 1572 θεός.
1102 1522 1177 1564 καί
1207 1520 1464 1570 ἀποστείλας
1507 1520 1530 1563 ὅ
1559 1519 1765 1575 βασιλεύς

273 1592 335 1640 εἰς
365 1588 415 1632 τὰ
447 1588 656 1646 περατικὰ
690 1591 861 1645 θέματα
891 1588 1133 1646 ἐσώρευσεν
1171 1587 1247 1631 τὸν
1269 1588 1371 1632 λαὸν
1403 1590 1555 1645 αὐτοῦ,
1587 1590 1661 1632 καί
1689 1583 1764 1645 ἦλ-

372 1731 426 1754 ιο.
453 1716 607 1766 ἧιιερῶν
630 1721 670 1766 μ’
692 1718 733 1752 Α.
851 1728 903 1751 12.
930 1719 997 1752 καὶ
1021 1717 1105 1751 add.
1131 1729 1175 1751 ex
1204 1716 1423 1762 Α.14.
1450 1713 1509 1752 ὅτι
1534 1715 1619 1750 add.
1650 1727 1694 1750 ex
1723 1717 1765 1750 A.

374 1769 427 1801 16
454 1767 630 1814 ἐρημόνω
657 1767 696 1802 A.
824 1763 952 1814 βαλών
978 1766 1020 1818 A,
1047 1766 1195 1822 βάλλων
1221 1765 1317 1810 vulg.
1439 1763 1580 1811 ἀλόγου
1604 1765 1645 1808 A,
1675 1764 1765 1801 ἀλό-

368 1828 452 1862 γων
476 1816 571 1860 νιιΙ3.
675 1827 727 1862 ¹9·
756 1814 831 1851 τῶν
852 1808 925 1850 ὦδε
948 1815 991 1857 A,
1013 1814 1079 1851 τοῦ
1098 1807 1172 1850 ὧδε
1198 1792 1306 1862 vulg.o
1393 1824 1451 1847 αι.
1481 1816 1534 1854 εἰς
1550 1813 1633 1847 add.
1659 1825 1704 1848 ex
1721 1815 1764 1848 A.

272 1919 357 1959 post
381 1913 471 1948 haec
499 1913 680 1960 Ephesum
711 1914 874 1956 divertit,
903 1920 940 1948 et
968 1919 1135 1948 votorum
1168 1913 1341 1959 precibus
1369 1913 1415 1947 ad
1441 1913 1653 1958 theologum
1679 1925 1764 1959 per-

272 1963 416 2004 solutis,
442 1962 690 1996 nundinarum
728 1963 885 2008 vectigal
921 1969 1066 1996 centum
1105 1963 1183 1996 auri
1208 1961 1384 1996 librarum
1419 1961 1543 2008 pondo
1568 1962 1765 2003 imminuit,

274 2017 312 2043 et
333 2012 370 2043 in
399 2012 516 2045 sancti
541 2012 702 2057 apostoli
733 2017 770 2045 et
799 2012 1046 2057 evangelistae
1063 2011 1210 2044 Ioannis
1230 2011 1368 2044 cultum
1392 2010 1679 2056 impendendum
1705 2021 1764 2044 re-

274 2059 424 2093 laxavit.
475 2071 600 2093 mense
628 2071 713 2093 vero
743 2061 903 2104 Augusto
930 2059 1152 2094 Theodoten
1193 2059 1454 2093 cubiculariam
1478 2059 1676 2105 imperator
1701 2070 1766 2094 co-

275 2108 420 2141 ronavit
446 2109 656 2152 Augustam,
676 2113 712 2141 et
740 2108 936 2153 illegitimo
963 2120 1041 2141 eam
1069 2107 1139 2141 sibi
1169 2108 1358 2154 copulavit
1382 2108 1562 2152 coniugio.

82 2162 122 2194 Α,
139 2161 176 2195 C,
193 2161 262 2209 788
370 2155 451 2189 Hoc
476 2167 587 2198 auno,
612 2167 737 2189 mense
765 2157 981 2202 Septembri,
1009 2156 1211 2190 indictione
1243 2161 1383 2203 quarta,
1410 2156 1500 2189 feria
1523 2154 1765 2189 hebdomadis

275 2210 418 2250 qumta,
443 2205 652 2249 imperator,
679 2206 875 2239 coniuncta
903 2205 975 2239 sibi
1001 2204 1209 2247 Theodote,
1234 2206 1272 2238 in
1300 2204 1415 2238 sancti
1442 2204 1635 2238 Mamantis
1660 2204 1765 2250 pala-

272 2254 327 2286 tio
353 2253 501 2298 nuptias
530 2251 739 2287 celebravit.
803 2265 926 2288 mense
963 2265 1048 2287 vero
1076 2253 1193 2299 Aprili
1219 2252 1431 2286 indictionis
1460 2252 1623 2286 eiusdem
1652 2264 1765 2298 quar-

272 2306 352 2342 tae,
387 2301 479 2334 seria
513 2301 690 2346 septima,
716 2300 805 2334 hora
830 2308 1028 2343 nocturna,
1068 2300 1271 2335 horrendus
1297 2300 1406 2347 plane
1430 2306 1550 2335 terrae
1578 2307 1696 2335 motus
1726 2301 1766 2334 in

273 2350 378 2383 Creta
408 2349 528 2383 insula
554 2349 727 2394 contigit:
768 2350 863 2383 alius
892 2351 1019 2384 similis
1054 2350 1203 2383 omnino
1244 2348 1454 2383 tremendus
1483 2350 1590 2396 Cpoli
1629 2349 1767 2383 mensis

271 2398 360 2431 Maii
389 2397 446 2431 die
475 2403 605 2444 quarto
633 2397 763 2431 factus.
813 2409 921 2443 porro
949 2397 1144 2432 cardamus
1172 2398 1357 2442 Bulgariae
1384 2398 1538 2432 domnus
1563 2399 1766 2443 imperato-

271 2457 348 2479 rem
375 2446 492 2480 verbis
518 2445 799 2479 interturbavit:
828 2452 893 2480 aut
922 2447 1061 2480 tributa
1099 2445 1190 2480 mihi
1216 2446 1398 2491 persolve,
1435 2452 1500 2480 aut
1526 2446 1573 2480 ad
1601 2445 1765 2490 Chrysen

272 2506 391 2541 usque
426 2500 566 2540 portam
597 2505 696 2527 arma
725 2500 762 2527 et
797 2506 863 2540 per
895 2494 1086 2529 Thraciam
1124 2495 1331 2528 universam
1362 2495 1568 2529 vastitatem
1596 2495 1764 2528 inferam.

273 2549 312 2576 at
336 2544 534 2588 imperator
575 2543 742 2576 involuta
779 2542 923 2576 sudario
966 2544 1104 2589 equina
1128 2548 1286 2576 stercora
1325 2544 1372 2578 ad
1400 2555 1483 2577 eum
1520 2543 1659 2577 remisit
1684 2555 1766 2576 cum

273 2592 452 2624 eiusmodi
481 2591 682 2637 responsis:
711 2590 847 2624 tributa
874 2602 967 2637 quae
1000 2597 1037 2624 te
1064 2590 1220 2625 deceant
1244 2592 1338 2625 misi.
1390 2593 1513 2626 senior
1537 2597 1659 2626 autem
1683 2603 1765 2624 cum

273 2640 335 2679 sis,
360 2640 431 2672 huc
452 2651 569 2686 usque
594 2640 803 2673 venientem
828 2645 867 2673 te
887 2639 1031 2684 fatigari
1056 2640 1157 2681 nolo,
1184 2651 1249 2685 ego
1270 2640 1317 2673 ad
1334 2641 1590 2675 Marcellorum
1608 2644 1765 2674 castrum

273 2687 403 2720 obvius
430 2687 597 2733 prodibo.
665 2694 704 2721 tu
744 2688 801 2721 sae
824 2688 916 2722 illuc
959 2688 1067 2722 etiam
1105 2693 1142 2721 te
1172 2688 1349 2722 conferas.
1408 2688 1453 2722 de
1479 2700 1643 2722 successu
1674 2687 1766 2721 deus

276 2736 468 2770 iudicabit.
518 2736 701 2770 advocatis
730 2742 850 2769 autem
879 2741 979 2770 trans
999 2737 1131 2770 fretum
1158 2737 1290 2783 positis
1317 2737 1432 2783 copiis
1452 2738 1650 2770 exercitum
1678 2736 1764 2769 uni—

272 2795 415 2818 versum
441 2785 640 2832 imperator
683 2785 830 2831 collegit
868 2790 904 2820 et
930 2785 1162 2820 Bersiniciam
1200 2797 1314 2832 usque
1339 2786 1527 2832 profectus
1557 2791 1622 2820 est.
1674 2784 1765 2819 Car-
