1786 3204
246 151 274 184 2
291 149 356 184 10
804 145 1153 188 THEOPHANIS

241 248 537 306 κατασχεθείς,
563 247 638 292 καί
659 249 732 291 ε’πί
758 245 974 302 στόματος
991 249 1136 304 φέρων
1158 245 1390 294 ἀπαύστως
1409 241 1485 300 τήν
1502 243 1726 298 Πελαγίου

239 319 527 374 προσηγορίαν
554 319 630 360 τοῦ
660 320 761 370 παρ’
792 318 926 358 αὐτοῦ
954 315 1239 371 φονευθέντος
1264 313 1443 362 α’ὸίκως·
1483 311 1620 353 παῖδα
1647 311 1727 363 μὲν

235 382 296 441 μη
335 383 605 436 καταλιπών,
650 389 862 438 Λογγῖνον
904 383 952 424 ὸὲ
995 380 1071 424 τὸν
1103 378 1309 437 α’δελφόν,
1335 380 1402 430 δίς
1433 381 1513 434 μὲν
1540 375 1726 425 ὑπατεύ-

236 468 374 494 σαντα
412 452 487 494 καί
520 454 596 507 τῆς
642 448 880 505 συγκλήτου
916 449 1073 504 βουλῆς
1109 447 1246 502 πάσης
1272 444 1522 503 ἡγούμενον,
1552 442 1726 500 οἷνόητον

237 521 284 565 δὲ
306 521 383 562 ,καί
410 518 553 575 βαρύν
579 521 656 561 καί
683 516 920 560 ἀκόλαστον
952 511 1078 569 ὅντα,
1117 513 1164 564 ὃς
1192 513 1267 556 καί
1292 511 1476 563 πολλοὺς
1504 513 1763 568 Ἰσαύρουςὸ

103 595 138 629 Ρ.
159 588 282 638 ιι7ἑν
311 585 537 644 Βυζαντίῳ
566 584 679 641 ἔχων
711 584 784 627 καί
813 584 888 626 τὸν
916 587 1128 637 Λογγῖνον
1158 579 1232 624 τὸν
1258 574 1624 636 μάγιστρον,.ὄ’ντα
1652 579 1725 622 καί

236 655 361 711 φίλον
399 654 557 708 αὐτοῦ,
604 655 679 695 καί
719 649 883 701 τούτοις
925 647 1153 706 θαρρήσας
1184 650 1365 704 α’πονητί
1390 646 1474 705 τὴν,
1498 648 1724 702 βασιλείαν

235 719 352 777 ἔχειν
374 715 479 779 ᾤετο
498 738 507 749 ·
547 721 624 775 τῆς
652 723 699 763 δὲ
728 717 961 774 Ἀρεάδνης
994 719 1069 760 καί
1095 719 1171 774 τῆς
1200 713 1434 772 συγκλήτου
1463 717 1624 771 βουλῆς
1651 712 1727 757 κατ’

234 791 315 833 τοιῖ
339 786 661 845 στρατεύματος
685 784 843 836 παντὸς
878 786 1157 829 Ἀναστάσιον
1195 783 1270 828 τὸν
1304 781 1583 839 σιλεντιάριον,
1615 783 1722 826 οἴνα-

234 854 533 911 γορευσάντων
569 857 782 909 βασιλέα,
824 856 897 910 τῆς
936 854 1107 904 ἐλπίδος
1154 851 1177 894 ὁ
1218 856 1432 908 Λογγῖνος
1476 850 1786 908 ἢστόχησεν.ιο

232 922 496 978 βασιλεύσας
528 918 604 966 οὖν
643 921 665 964 ὅ
689 920 969 972 Ἀναστάσιος
1003 919 1217 978 ἔγγραφον
1262 917 1464 979 α’πῃτήθη
1493 918 1723 975 ὁμολογίαν

233 989 350 1046 παρὰ
371 991 601 1044 Εὐθυμίου
628 992 704 1032 τοῦ
731 987 1004 1045 πατριάρχου
1039 988 1147 1044 πρὸς
1177 986 1224 1031 τό
1257 986 1316 1043 μή
1338 987 1618 1031 σαλεῦσαίτι
1646 989 1723 1042 τῆς

233 1056 458 1114 ἐκκλησίας
498 1060 571 1100 καί
619 1060 696 1113 τῆς
735 1058 945 1110 πίστεως,
986 1056 1158 1109 οἷνάξιον
1195 1055 1331 1099 αὐτὸν
1374 1055 1602 1099 ἀποκαλῶν
1635 1056 1723 1097 τῶν

234 1127 512 1181 Χριστιανῶν
559 1127 632 1181 τῆς
658 1125 898 1178 βασιλείας.
956 1125 1212 1180 βιαζομένης
1251 1125 1299 1167 δὲ
1329 1119 1461 1166 αὗτὸν
1489 1125 1565 1179 τῆς
1591 1125 1721 1177 βασι.

233 1192 350 1244 λίδος
376 1191 610 1250 Ἀρεάδνης
642 1191 714 1236 καί
737 1195 813 1248 τῆς
842 1191 1097 1248 συγκλήτου,
1125 1189 1277 1247 ἔλαβεν
1304 1192 1441 1234 αὐτοῦ
1469 1192 1518 1234 τὸ
1546 1187 1720 1244 ἰδιόχει-
1739 1187 1786 1229 15

234 1277 322 1318 ρον,
356 1262 415 1312 ὥς
444 1262 702 1316 ἀποδέχεται
732 1261 793 1310 εἰς
822 1256 921 1315 ὅρον
943 1259 1124 1310 πίστεως
1152 1257 1203 1303 τοὶ
1234 1258 1426 1315 δόγματα
1451 1261 1526 1314 τῆς
1543 1259 1589 1300 ἐν
1601 1260 1722 1301 Χαλ-

194 1327 381 1385 Βκηδόνι
425 1330 625 1371 συνόδου.
698 1327 775 1370 καί
814 1324 925 1370 οὕτω
956 1326 1159 1384 στεφθείς
1198 1324 1274 1369 ὕπ’
1302 1328 1454 1381 αὐτοῦ,
1490 1323 1724 1383 Ἀρεάδνην

233 1392 377 1452 ἄγεται
405 1398 466 1447 εἰς
498 1393 634 1451 γάμον
665 1391 787 1438 οὔπω
817 1393 1022 1453 πρότερον
1047 1397 1214 1453 γαμετῇ
1239 1392 1510 1451 συνοικήσας.
1570 1397 1722 1437 Μανι-

230 1471 354 1519 χαῖοι
383 1466 432 1507 δὲ
462 1463 535 1506 καί
564 1463 782 1518 Ἀρειανοί
809 1461 988 1519 ἔχαιρον
1020 1465 1095 1507 ἐπὶ
1134 1464 1430 1520 Ἀναστασίῳ,
1473 1465 1723 1518 Μανιχαῖοι

233 1534 313 1586 μὲν
342 1528 401 1582 ὥς
428 1533 502 1589 τῆς
518 1530 680 1589 μητρὸς
709 1533 789 1573 τοῦ
814 1534 1027 1586 βασιλέως
1058 1532 1290 1588 ζηλωτρίας
1326 1526 1458 1586 οὕσης
1489 1531 1563 1573 καί
1590 1545 1722 1588 προσ-
1735 1541 1786 1567 20

334 1697 368 1730 3.
393 1694 460 1734 τὸν
485 1696 668 1744 ἀδελφὸν,
698 1697 756 1737 δὶς
778 1698 851 1745 μὲν
876 1696 937 1733 ὑπ.
960 1697 989 1731 Α
1016 1709 1035 1731 e
1062 1697 1094 1740 f,
1119 1692 1186 1734 τὸν
1213 1696 1271 1733 οἰδ.
1301 1694 1419 1733 αὐτοῦ
1446 1696 1507 1736 δὶς
1531 1694 1595 1733 ὑπ.
1622 1697 1721 1742 vulg.

334 1746 368 1778 5.
396 1743 438 1785 ὃς
460 1747 540 1792 καὶ]
571 1746 623 1785 ὠς
651 1749 717 1780 καὶ
739 1746 844 1780 codd.
875 1752 912 1779 et
935 1746 1032 1790 vulg.
1138 1757 1190 1779 ιο.
1221 1747 1377 1791 βασιλέα
1403 1757 1474 1779 om.
1502 1757 1535 1780 a.
1668 1745 1721 1780 13.

330 1796 395 1837 τῆς
417 1797 580 1834 πίστεως
603 1795 645 1834 A,
670 1797 833 1834 πίστεως
855 1795 952 1839 vulg.
1060 1794 1110 1828 16.
1137 1793 1187 1834 ὥς
1206 1796 1245 1837 A,
1271 1793 1354 1835 πῶς
1370 1794 1467 1839 vulg.
1568 1803 1630 1829 20.
1651 1806 1723 1842 μη-

330 1836 419 1890 τρὸς
441 1842 484 1885 A,
507 1845 666 1891 μητέρος
691 1843 787 1888 vulg.

235 2007 432 2048 correptus,
447 2003 581 2048 Pelagii
607 2009 733 2037 contra
760 2004 813 2038 fas
841 2009 877 2038 et
903 2015 1061 2051 aequum
1086 2004 1196 2038 occisi
1222 2015 1355 2037 nomen
1383 2003 1528 2038 assidue
1551 2008 1723 2049 repetens

235 2051 409 2084 moritur:
438 2051 553 2084 filium
581 2051 726 2098 quidem
753 2053 907 2094 nullum,
939 2053 1083 2086 fratrem
1113 2064 1198 2085 vero
1223 2052 1428 2096 Longinum
1456 2058 1541 2098 post
1566 2063 1605 2085 se
1634 2053 1722 2085 reli-
1753 2067 1755 2069 ·

235 2099 317 2144 quit
342 2099 399 2132 bis
426 2100 617 2133 consulatu
646 2100 836 2141 functum,
864 2107 1012 2134 senatus
1050 2100 1252 2146 principem
1278 2100 1513 2141 declaratum,
1539 2105 1722 2134 amentem

236 2158 335 2188 sane,
362 2148 500 2180 cunctis
534 2148 689 2181 invisum
718 2154 754 2181 et
794 2148 898 2182 luxui
939 2149 1049 2194 plane
1076 2147 1266 2181 deditum:
1307 2148 1369 2194 qui
1405 2159 1487 2182 cum
1513 2149 1722 2182 Isaurorum

234 2194 510 2228 multitudinem
523 2195 686 2238 Byzantii
714 2195 785 2229 sibi
811 2196 1017 2230 adiunctam
1048 2195 1203 2230 haberet
1229 2201 1265 2230 et
1283 2196 1486 2241 Longinum
1510 2198 1722 2241 magistrum

235 2242 399 2276 amicitia
424 2242 493 2275 sibi
518 2242 756 2284 devinxisset,
785 2255 906 2277 eorum
925 2256 996 2290 ope
1022 2245 1191 2284 confisus,
1218 2244 1356 2290 absque
1376 2244 1506 2278 labore
1528 2245 1724 2291 imperium

235 2290 410 2337 consequi
448 2300 551 2336 posse
578 2291 743 2337 putabat.
771 2292 938 2325 Areadna
970 2304 1099 2338 porro,
1136 2298 1292 2338 totoque
1330 2298 1457 2326 senatu
1497 2299 1535 2327 et
1560 2294 1723 2327 exercitu

233 2338 464 2373 Anastasium
482 2339 723 2372 silentiarium
749 2340 1004 2385 imperatorem
1025 2340 1345 2387 proclamantibus,
1373 2352 1436 2387 spe
1448 2341 1630 2387 Longinus
1657 2352 1724 2375 ex-

235 2386 336 2422 cidit.
365 2387 576 2420 Anastasius
591 2388 716 2433 itaque
736 2388 874 2432 potitus
898 2389 1051 2434 imperio
1066 2389 1273 2434 pactionem
1292 2390 1426 2435 scripto
1444 2389 1632 2431 firmatam,
1651 2401 1724 2436 qua

236 2436 329 2469 circa
346 2434 455 2468 fidem
481 2441 517 2469 et
543 2436 733 2469 ecclesiam
750 2447 786 2469 se
806 2435 900 2469 nihil
922 2437 1176 2470 innovaturum
1198 2438 1441 2482 promitteret,
1467 2437 1513 2472 ab
1527 2437 1724 2482 Euthymio

234 2482 440 2530 patriarcha
470 2482 755 2517 Christianorum
792 2484 947 2530 imperio
983 2484 1173 2529 iudignum
1212 2485 1333 2531 palam
1369 2485 1585 2531 publicante
1610 2497 1725 2531 expo-

235 2533 359 2566 scitur.
412 2530 578 2565 Areadna
612 2532 844 2578 imperatrice
876 2538 1078 2579 senatuque
1117 2532 1164 2566 ad
1190 2532 1402 2567 exhibenda
1438 2534 1626 2580 postulata
1651 2535 1724 2567 im-

234 2578 462 2626 pellentibus
478 2605 487 2619 ,
512 2579 672 2614 chartam
705 2581 851 2626 propria
877 2592 988 2613 manu
1024 2580 1279 2625 subscriptam,
1304 2593 1376 2628 qua
1399 2582 1501 2616 velut
1524 2582 1612 2616 fidei
1636 2593 1725 2616 nor-

235 2639 330 2662 mam
352 2627 662 2662 Chalcedonensis
704 2628 832 2671 synodi
860 2628 1007 2662 decreta
1035 2640 1074 2663 se
1112 2635 1300 2675 acceptare
1318 2631 1577 2676 profiteretur,
1607 2629 1653 2663 ab
1678 2641 1722 2664 eo

236 2675 406 2710 traditam
443 2676 586 2722 accepit
621 2675 849 2720 Euthymius.
911 2677 997 2710 exin
1035 2676 1080 2710 ab
1119 2688 1162 2711 eo
1201 2684 1420 2720 coronatus,
1455 2678 1657 2712 Areadnam
1684 2678 1724 2712 in

238 2735 387 2757 uxorem
408 2750 417 2765 ,
447 2731 524 2759 erat
557 2725 695 2771 quippe
729 2725 898 2765 coelebs,
933 2724 1045 2759 ducit.
1105 2737 1192 2759 sane
1225 2725 1433 2761 Manichaei
1460 2726 1649 2771 et‚Ariani
1675 2725 1722 2758 de

236 2772 419 2806 Anastasii
454 2773 686 2818 promotione
722 2773 793 2807 sibi
826 2773 1128 2819 gratulabantur:
1166 2774 1376 2808 Manichaei
1415 2774 1579 2822 quidem,
1620 2772 1722 2820 quod
