<?xml version="1.0" encoding="UTF-8"?>
<!DOCTYPE html PUBLIC "-//W3C//DTD XHTML 1.0 Transitional//EN"
    "http://www.w3.org/TR/xhtml1/DTD/xhtml1-transitional.dtd">
<html xmlns="http://www.w3.org/1999/xhtml" xml:lang="en" lang="en">
 <head>
  <title>
</title>
<meta http-equiv="Content-Type" content="text/html;charset=utf-8" />
  <meta name='ocr-system' content='tesseract 3.04.00' />
  <meta name='ocr-capabilities' content='ocr_page ocr_carea ocr_par ocr_line ocrx_word'/>
</head>
<body>
  <div class='ocr_page' id='page_1' title='image "./corpusscriptorum46niebuoft_0498.png"; bbox 0 0 1768 3106; ppageno 0'>
   <div class='ocr_carea' id='block_1_1' title="bbox 228 134 1136 202">
    <p class='ocr_par' dir='ltr' id='par_1_1' title="bbox 228 134 1136 202">
     <span class='ocr_line' id='line_1_1' title="bbox 228 134 1136 202; baseline 0.008 -13"><span class='ocrx_word' id='word_1_1' title='bbox 228 134 343 202; x_wconf 70' lang='lat'><strong>438</strong></span> <span class='ocrx_word' id='word_1_2' title='bbox 791 154 1136 196; x_wconf 77' lang='lat' dir='ltr'><strong>THEOPHAle</strong></span> 
     </span>
    </p>
   </div>
   <div class='ocr_carea' id='block_1_2' title="bbox 82 253 1759 1593">
    <p class='ocr_par' dir='ltr' id='par_1_2' title="bbox 82 253 1759 1593">
     <span class='ocr_line' id='line_1_2' title="bbox 224 253 1698 314; baseline 0 -18"><span class='ocrx_word' id='word_1_3' title='bbox 224 254 411 311; x_wconf 71' lang='grc' dir='ltr'><strong><em>θυγατρὶ</em></strong></span> <span class='ocrx_word' id='word_1_4' title='bbox 437 258 664 310; x_wconf 62' lang='grc' dir='ltr'><strong><em>Γερμανυῦ</em></strong></span> <span class='ocrx_word' id='word_1_5' title='bbox 692 257 915 311; x_wconf 71' lang='grc' dir='ltr'><strong><em>πατρικίου</em></strong></span> <span class='ocrx_word' id='word_1_6' title='bbox 956 254 1312 311; x_wconf 77' lang='grc' dir='ltr'><strong><em>στεφανώσαντυς</em></strong></span> <span class='ocrx_word' id='word_1_7' title='bbox 1341 253 1497 314; x_wconf 71' lang='grc' dir='ltr'><strong><em>αὐτούς</em></strong></span> <span class='ocrx_word' id='word_1_8' title='bbox 1527 257 1698 309; x_wconf 84' lang='grc' dir='ltr'><strong><em>Κυρια-</em></strong></span> 
     </span>
     <span class='ocr_line' id='line_1_3' title="bbox 223 319 1701 379; baseline -0.001 -16"><span class='ocrx_word' id='word_1_9' title='bbox 223 324 298 364; x_wconf 84' lang='grc' dir='ltr'><strong><em>κοῦ</em></strong></span> <span class='ocrx_word' id='word_1_10' title='bbox 327 320 596 378; x_wconf 75' lang='grc' dir='ltr'><em>πατριάρχου</em></span> <span class='ocrx_word' id='word_1_11' title='bbox 628 323 1138 371; x_wconf 81' lang='grc' dir='ltr'><strong><em>Κωνσταντινουπόλεως.</em></strong></span> <span class='ocrx_word' id='word_1_12' title='bbox 1168 323 1225 378; x_wconf 74' lang='grc' dir='ltr'><strong><em>τῷ</em></strong></span> <span class='ocrx_word' id='word_1_13' title='bbox 1251 323 1299 363; x_wconf 79' lang='grc' dir='ltr'><strong>δὲ</strong></span> <span class='ocrx_word' id='word_1_14' title='bbox 1323 319 1569 379; x_wconf 70' lang='grc' dir='ltr'><strong><em>Ἰανουαρίῳ</em></strong></span> <span class='ocrx_word' id='word_1_15' title='bbox 1596 321 1701 375; x_wconf 74' lang='grc' dir='ltr'><strong><em>μηνὶ</em></strong></span> 
     </span>
     <span class='ocr_line' id='line_1_4' title="bbox 221 387 1699 446; baseline -0.001 -15"><span class='ocrx_word' id='word_1_16' title='bbox 221 387 278 431; x_wconf 85' lang='grc' dir='ltr'><strong><em>ια’·</em></strong></span> <span class='ocrx_word' id='word_1_17' title='bbox 304 387 574 444; x_wconf 56' lang='grc' dir='ltr'><strong><em>,Δομετιανὸς</em></strong></span> <span class='ocrx_word' id='word_1_18' title='bbox 607 391 832 439; x_wconf 79' lang='grc' dir='ltr'><strong><em>ἐπίσκοπος</em></strong></span> <span class='ocrx_word' id='word_1_19' title='bbox 861 390 1116 445; x_wconf 71' lang='grc' dir='ltr'><strong><em>ῙΙἸελιτινῆς,</em></strong></span> <span class='ocrx_word' id='word_1_20' title='bbox 1146 387 1350 446; x_wconf 64' lang='grc' dir='ltr'><strong><em>συγγενὴς</em></strong></span> <span class='ocrx_word' id='word_1_21' title='bbox 1383 389 1461 431; x_wconf 78' lang='grc' dir='ltr'><strong><em>τοῦ</em></strong></span> <span class='ocrx_word' id='word_1_22' title='bbox 1488 391 1699 442; x_wconf 78' lang='grc' dir='ltr'><strong><em>βασιλέως</em></strong></span> 
     </span>
     <span class='ocr_line' id='line_1_5' title="bbox 218 449 1700 522; baseline -0.003 -23"><span class='ocrx_word' id='word_1_23' title='bbox 218 458 431 514; x_wconf 75' lang='grc' dir='ltr'><em>τέθνηκεν,</em></span> <span class='ocrx_word' id='word_1_24' title='bbox 459 455 534 500; x_wconf 82' lang='grc' dir='ltr'><strong><em>καί</em></strong></span> <span class='ocrx_word' id='word_1_25' title='bbox 559 457 694 516; x_wconf 77' lang='grc' dir='ltr'><strong><em>ἐτάφη</em></strong></span> <span class='ocrx_word' id='word_1_26' title='bbox 722 459 767 499; x_wconf 83' lang='grc' dir='ltr'><strong>ἐν</strong></span> <span class='ocrx_word' id='word_1_27' title='bbox 797 462 883 507; x_wconf 82' lang='grc' dir='ltr'><strong><em>τοῖς</em></strong></span> <span class='ocrx_word' id='word_1_28' title='bbox 911 455 1046 511; x_wconf 73' lang='grc' dir='ltr'><strong><em>ἁγίοις</em></strong></span> <span class='ocrx_word' id='word_1_29' title='bbox 1075 449 1330 505; x_wconf 73' lang='grc' dir='ltr'><strong><em>ἀποστόλοις</em></strong></span> <span class='ocrx_word' id='word_1_30' title='bbox 1358 454 1442 498; x_wconf 78' lang='grc' dir='ltr'><strong><em>ὑπὸ</em></strong></span> <span class='ocrx_word' id='word_1_31' title='bbox 1471 456 1700 522; x_wconf 79' lang='grc' dir='ltr'><strong><em>Κυριακοῦ</em></strong></span> 
     </span>
     <span class='ocr_line' id='line_1_6' title="bbox 216 521 1732 581; baseline -0.002 -14"><span class='ocrx_word' id='word_1_32' title='bbox 216 526 292 567; x_wconf 82' lang='grc' dir='ltr'><strong><em>τοῦ</em></strong></span> <span class='ocrx_word' id='word_1_33' title='bbox 319 524 602 581; x_wconf 80' lang='grc' dir='ltr'><strong><em>πατριάρχου,</em></strong></span> <span class='ocrx_word' id='word_1_34' title='bbox 633 526 708 567; x_wconf 81' lang='grc' dir='ltr'><em>καί</em></span> <span class='ocrx_word' id='word_1_35' title='bbox 737 523 876 579; x_wconf 79' lang='grc' dir='ltr'><strong><em>πάσης</em></strong></span> <span class='ocrx_word' id='word_1_36' title='bbox 906 526 978 579; x_wconf 80' lang='grc' dir='ltr'><strong>τῆς</strong></span> <span class='ocrx_word' id='word_1_37' title='bbox 996 525 1231 579; x_wconf 81' lang='grc' dir='ltr'><strong><em>συγκλήτου</em></strong></span> <span class='ocrx_word' id='word_1_38' title='bbox 1251 524 1445 580; x_wconf 74' lang='grc' dir='ltr'><strong><em>τιμηθείς</em></strong></span> <span class='ocrx_word' id='word_1_39' title='bbox 1471 521 1732 580; x_wconf 82' lang='grc' dir='ltr'><strong><em>ἐπιτάφια.5</em></strong></span> 
     </span>
     <span class='ocr_line' id='line_1_7' title="bbox 217 588 1696 647; baseline -0.001 -14"><span class='ocrx_word' id='word_1_40' title='bbox 217 590 238 632; x_wconf 79' lang='grc' dir='ltr'><em>ὃ</em></span> <span class='ocrx_word' id='word_1_41' title='bbox 273 592 320 634; x_wconf 74' lang='grc' dir='ltr'><strong>δὲ</strong></span> <span class='ocrx_word' id='word_1_42' title='bbox 348 590 554 645; x_wconf 65' lang='grc' dir='ltr'><strong><em>βασιλεὺς</em></strong></span> <span class='ocrx_word' id='word_1_43' title='bbox 592 593 766 647; x_wconf 82' lang='grc' dir='ltr'><strong><em>Πέτρον</em></strong></span> <span class='ocrx_word' id='word_1_44' title='bbox 807 592 880 633; x_wconf 89' lang='grc' dir='ltr'><strong><em>τὸν</em></strong></span> <span class='ocrx_word' id='word_1_45' title='bbox 928 591 1039 635; x_wconf 75' lang='grc' dir='ltr'><strong><em>ἴδιον</em></strong></span> <span class='ocrx_word' id='word_1_46' title='bbox 1069 590 1258 647; x_wconf 82' lang='grc' dir='ltr'><strong><em>α’δελφόν</em></strong></span> <span class='ocrx_word' id='word_1_47' title='bbox 1294 588 1533 647; x_wconf 81' lang='grc' dir='ltr'><strong><em>στρατηγὸν</em></strong></span> <span class='ocrx_word' id='word_1_48' title='bbox 1568 591 1696 632; x_wconf 82' lang='grc' dir='ltr'><strong><em>πάλιν</em></strong></span> 
     </span>
     <span class='ocr_line' id='line_1_8' title="bbox 215 654 1695 716; baseline -0.001 -16"><span class='ocrx_word' id='word_1_49' title='bbox 215 660 290 713; x_wconf 78' lang='grc' dir='ltr'><strong><em>τῆς</em></strong></span> <span class='ocrx_word' id='word_1_50' title='bbox 321 658 492 716; x_wconf 76' lang='grc' dir='ltr'><strong><em>Θρᾴκης</em></strong></span> <span class='ocrx_word' id='word_1_51' title='bbox 505 657 812 715; x_wconf 78' lang='grc' dir='ltr'><strong><em>χειροτονήσας</em></strong></span> <span class='ocrx_word' id='word_1_52' title='bbox 840 660 1098 701; x_wconf 81' lang='grc' dir='ltr'><strong><em>α’πὲστειλεν.</em></strong></span> <span class='ocrx_word' id='word_1_53' title='bbox 1159 657 1332 714; x_wconf 78' lang='grc' dir='ltr'><strong><em>ἠκηκόει</em></strong></span> <span class='ocrx_word' id='word_1_54' title='bbox 1359 655 1443 714; x_wconf 76' lang='grc' dir='ltr'><strong><em>γὰρ</em></strong></span> <span class='ocrx_word' id='word_1_55' title='bbox 1469 654 1570 714; x_wconf 76' lang='grc' dir='ltr'><strong><em>περὶ</em></strong></span> <span class='ocrx_word' id='word_1_56' title='bbox 1597 654 1695 706; x_wconf 75' lang='grc' dir='ltr'><strong><em>τούς</em></strong></span> 
     </span>
     <span class='ocr_line' id='line_1_9' title="bbox 214 724 1694 783; baseline 0.002 -16"><span class='ocrx_word' id='word_1_57' title='bbox 214 726 485 782; x_wconf 77' lang='grc' dir='ltr'><strong><em>καταράκτας</em></strong></span> <span class='ocrx_word' id='word_1_58' title='bbox 515 728 808 783; x_wconf 67' lang='grc' dir='ltr'><strong><em>ἀθροισθῆναι</em></strong></span> <span class='ocrx_word' id='word_1_59' title='bbox 836 725 889 769; x_wconf 73' lang='grc' dir='ltr'><strong><em>τὰ</em></strong></span> <span class='ocrx_word' id='word_1_60' title='bbox 912 729 998 769; x_wconf 77' lang='grc' dir='ltr'><strong><em>τῶν</em></strong></span> <span class='ocrx_word' id='word_1_61' title='bbox 1015 725 1250 783; x_wconf 80' lang='grc' dir='ltr'><strong><em>βαρβάρων</em></strong></span> <span class='ocrx_word' id='word_1_62' title='bbox 1276 727 1419 783; x_wconf 68' lang='grc' dir='ltr'><strong><em>πλήθη</em></strong></span> <span class='ocrx_word' id='word_1_63' title='bbox 1445 724 1520 768; x_wconf 82' lang='grc' dir='ltr'><strong><em>τόν</em></strong></span> <span class='ocrx_word' id='word_1_64' title='bbox 1551 724 1694 781; x_wconf 70' lang='grc' dir='ltr'><strong>Ἀψὴχ</strong></span> 
     </span>
     <span class='ocr_line' id='line_1_10' title="bbox 82 791 1693 850; baseline 0 -14"><span class='ocrx_word' id='word_1_65' title='bbox 82 797 117 830; x_wconf 88' lang='lat' dir='ltr'><strong>P·</strong></span> <span class='ocrx_word' id='word_1_66' title='bbox 135 797 202 843; x_wconf 70' lang='lat'><strong>:39</strong></span> <span class='ocrx_word' id='word_1_67' title='bbox 214 793 452 850; x_wconf 84' lang='grc' dir='ltr'><strong><em>στρατηγὸν</em></strong></span> <span class='ocrx_word' id='word_1_68' title='bbox 479 791 647 849; x_wconf 82' lang='grc' dir='ltr'><strong><em>ἔχοντα.</em></strong></span> <span class='ocrx_word' id='word_1_69' title='bbox 706 793 733 836; x_wconf 79' lang='grc' dir='ltr'><strong>ὁ.</strong></span> <span class='ocrx_word' id='word_1_70' title='bbox 759 796 806 837; x_wconf 77' lang='grc' dir='ltr'><strong>δὲ</strong></span> <span class='ocrx_word' id='word_1_71' title='bbox 834 797 1003 850; x_wconf 82' lang='grc' dir='ltr'><strong><em>Πέτρος</em></strong></span> <span class='ocrx_word' id='word_1_72' title='bbox 1032 794 1277 837; x_wconf 75' lang='grc' dir='ltr'><strong><em>ἀπέστειλεν</em></strong></span> <span class='ocrx_word' id='word_1_73' title='bbox 1305 794 1413 850; x_wconf 81' lang='grc' dir='ltr'><strong><em>πρὸς</em></strong></span> <span class='ocrx_word' id='word_1_74' title='bbox 1451 793 1523 837; x_wconf 86' lang='grc' dir='ltr'><strong><em>τὸν</em></strong></span> <span class='ocrx_word' id='word_1_75' title='bbox 1545 792 1693 849; x_wconf 81' lang='grc' dir='ltr'><strong>’Λψήχ</strong></span> 
     </span>
     <span class='ocr_line' id='line_1_11' title="bbox 213 859 1759 918; baseline 0 -16"><span class='ocrx_word' id='word_1_76' title='bbox 213 860 476 916; x_wconf 72' lang='grc' dir='ltr'><strong><em>πρεσβευτήν</em></strong></span> <span class='ocrx_word' id='word_1_77' title='bbox 517 862 617 916; x_wconf 73' lang='grc' dir='ltr'><strong><em>περὶ</em></strong></span> <span class='ocrx_word' id='word_1_78' title='bbox 663 860 842 918; x_wconf 78' lang='grc' dir='ltr'><strong><em>εἰρήνης.</em></strong></span> <span class='ocrx_word' id='word_1_79' title='bbox 910 859 931 903; x_wconf 79' lang='grc' dir='ltr'>ὅ</span> <span class='ocrx_word' id='word_1_80' title='bbox 965 863 1012 905; x_wconf 79' lang='grc' dir='ltr'><strong>δὲ</strong></span> <span class='ocrx_word' id='word_1_81' title='bbox 1050 860 1197 917; x_wconf 77' lang='grc' dir='ltr'><strong>Ἀψὴχ</strong></span> <span class='ocrx_word' id='word_1_82' title='bbox 1226 861 1325 911; x_wconf 73' lang='grc' dir='ltr'><strong><em>τούς</em></strong></span> <span class='ocrx_word' id='word_1_83' title='bbox 1351 861 1619 918; x_wconf 84' lang='grc' dir='ltr'><strong><em>καταράκτας</em></strong></span> <span class='ocrx_word' id='word_1_84' title='bbox 1645 862 1759 903; x_wconf 79' lang='grc' dir='ltr'><strong><em>ἐκιο</em></strong></span> 
     </span>
     <span class='ocr_line' id='line_1_12' title="bbox 213 925 1692 984; baseline -0.001 -14"><span class='ocrx_word' id='word_1_85' title='bbox 213 931 296 983; x_wconf 70' lang='grc' dir='ltr'><strong><em>τῶν</em></strong></span> <span class='ocrx_word' id='word_1_86' title='bbox 329 928 553 980; x_wconf 86' lang='grc' dir='ltr'><strong><em>Ῥωμαίων</em></strong></span> <span class='ocrx_word' id='word_1_87' title='bbox 588 928 801 984; x_wconf 65' lang='grc' dir='ltr'><strong><em>ἑπεχειρει</em></strong></span> <span class='ocrx_word' id='word_1_88' title='bbox 845 932 1013 983; x_wconf 80' lang='grc' dir='ltr'><strong><em>λαβεῖν·</em></strong></span> <span class='ocrx_word' id='word_1_89' title='bbox 1092 930 1167 971; x_wconf 85' lang='grc' dir='ltr'><strong><em>καί</em></strong></span> <span class='ocrx_word' id='word_1_90' title='bbox 1206 928 1228 971; x_wconf 80' lang='grc' dir='ltr'>ὅ</span> <span class='ocrx_word' id='word_1_91' title='bbox 1275 929 1475 983; x_wconf 79' lang='grc' dir='ltr'><strong><em>Χαγάνος</em></strong></span> <span class='ocrx_word' id='word_1_92' title='bbox 1517 929 1591 971; x_wconf 69' lang='grc' dir='ltr'><strong>ἐπὶ</strong></span> <span class='ocrx_word' id='word_1_93' title='bbox 1617 925 1692 982; x_wconf 75' lang='grc' dir='ltr'><strong><em>τὴν</em></strong></span> 
     </span>
     <span class='ocr_line' id='line_1_13' title="bbox 213 987 1694 1054; baseline 0 -17"><span class='ocrx_word' id='word_1_94' title='bbox 213 998 515 1038; x_wconf 80' lang='grc' dir='ltr'><strong><em>Κωνσταντίαν</em></strong></span> <span class='ocrx_word' id='word_1_95' title='bbox 541 996 771 1053; x_wconf 75' lang='grc' dir='ltr'><strong><em>ἐχώρησεν.</em></strong></span> <span class='ocrx_word' id='word_1_96' title='bbox 802 995 842 1039; x_wconf 82' lang='grc' dir='ltr'><strong>οἱ</strong></span> <span class='ocrx_word' id='word_1_97' title='bbox 870 998 918 1039; x_wconf 79' lang='grc' dir='ltr'><strong>δὲ</strong></span> <span class='ocrx_word' id='word_1_98' title='bbox 941 996 1155 1051; x_wconf 67' lang='grc' dir='ltr'><strong><em>“Ρωμαῖοι</em></strong></span> <span class='ocrx_word' id='word_1_99' title='bbox 1184 998 1256 1039; x_wconf 74' lang='grc' dir='ltr'><strong><em>ἐπὶ</em></strong></span> <span class='ocrx_word' id='word_1_100' title='bbox 1282 987 1357 1053; x_wconf 71' lang='grc' dir='ltr'><strong><em>τὴν</em></strong></span> <span class='ocrx_word' id='word_1_101' title='bbox 1389 994 1559 1054; x_wconf 70' lang='grc' dir='ltr'><strong><em>Θρᾴκην</em></strong></span> <span class='ocrx_word' id='word_1_102' title='bbox 1588 996 1694 1038; x_wconf 81' lang='grc' dir='ltr'><strong><em>ἑπα-</em></strong></span> 
     </span>
     <span class='ocr_line' id='line_1_14' title="bbox 214 1061 1694 1121; baseline 0 -18"><span class='ocrx_word' id='word_1_103' title='bbox 214 1064 432 1119; x_wconf 74' lang='grc' dir='ltr'><strong><em>νέζευξαν,</em></strong></span> <span class='ocrx_word' id='word_1_104' title='bbox 470 1066 543 1105; x_wconf 79' lang='grc' dir='ltr'><strong>καί</strong></span> <span class='ocrx_word' id='word_1_105' title='bbox 568 1065 628 1113; x_wconf 74' lang='grc' dir='ltr'><strong>εἰς</strong></span> <span class='ocrx_word' id='word_1_106' title='bbox 671 1063 1027 1120; x_wconf 74' lang='grc' dir='ltr'><strong><em>Ἀδριανούπολιν</em></strong></span> <span class='ocrx_word' id='word_1_107' title='bbox 1058 1065 1278 1121; x_wconf 74' lang='grc' dir='ltr'><strong><em>ἀφίκοντο.</em></strong></span> <span class='ocrx_word' id='word_1_108' title='bbox 1346 1062 1368 1105; x_wconf 81' lang='grc' dir='ltr'><em>ὃ</em></span> <span class='ocrx_word' id='word_1_109' title='bbox 1412 1065 1459 1106; x_wconf 73' lang='grc' dir='ltr'><strong>δὲ</strong></span> <span class='ocrx_word' id='word_1_110' title='bbox 1487 1061 1694 1117; x_wconf 76' lang='grc' dir='ltr'><strong><em>βασιλεύς</em></strong></span> 
     </span>
     <span class='ocr_line' id='line_1_15' title="bbox 211 1126 1691 1187; baseline -0.001 -16"><span class='ocrx_word' id='word_1_111' title='bbox 211 1128 368 1183; x_wconf 57' lang='grc' dir='ltr'><strong><em>μαθών</em></strong></span> <span class='ocrx_word' id='word_1_112' title='bbox 397 1127 463 1172; x_wconf 80' lang='grc' dir='ltr'><strong>ὅτι</strong></span> <span class='ocrx_word' id='word_1_113' title='bbox 488 1130 510 1172; x_wconf 80' lang='grc' dir='ltr'><strong><em>ὅ</em></strong></span> <span class='ocrx_word' id='word_1_114' title='bbox 528 1130 729 1186; x_wconf 75' lang='grc' dir='ltr'><strong><em>Χαγάνος</em></strong></span> <span class='ocrx_word' id='word_1_115' title='bbox 762 1130 870 1174; x_wconf 79' lang='grc' dir='ltr'><strong><em>κατὰ</em></strong></span> <span class='ocrx_word' id='word_1_116' title='bbox 902 1133 978 1174; x_wconf 80' lang='grc' dir='ltr'><strong><em>τοῦ</em></strong></span> <span class='ocrx_word' id='word_1_117' title='bbox 989 1133 1234 1183; x_wconf 85' lang='grc' dir='ltr'><strong><em>Βυζαντίου</em></strong></span> <span class='ocrx_word' id='word_1_118' title='bbox 1264 1133 1501 1187; x_wconf 75' lang='grc' dir='ltr'><strong><em>ἐπέρχεται,</em></strong></span> <span class='ocrx_word' id='word_1_119' title='bbox 1532 1126 1691 1186; x_wconf 80' lang='grc' dir='ltr'><strong><em>γράφει</em></strong></span> 
     </span>
     <span class='ocr_line' id='line_1_16' title="bbox 212 1194 1758 1256; baseline 0.001 -18"><span class='ocrx_word' id='word_1_120' title='bbox 212 1200 269 1255; x_wconf 71' lang='grc' dir='ltr'><strong><em>τῷ</em></strong></span> <span class='ocrx_word' id='word_1_121' title='bbox 298 1198 456 1256; x_wconf 79' lang='grc' dir='ltr'><strong><em>Πέτρῳ</em></strong></span> <span class='ocrx_word' id='word_1_122' title='bbox 486 1200 546 1247; x_wconf 83' lang='grc' dir='ltr'><strong><em>εἰς</em></strong></span> <span class='ocrx_word' id='word_1_123' title='bbox 574 1194 825 1254; x_wconf 80' lang='grc' dir='ltr'><strong><em>τὸνἿστρον</em></strong></span> <span class='ocrx_word' id='word_1_124' title='bbox 854 1199 1140 1253; x_wconf 75' lang='grc' dir='ltr'><strong><em>ὑποστρέψαι.</em></strong></span> <span class='ocrx_word' id='word_1_125' title='bbox 1211 1197 1286 1241; x_wconf 84' lang='grc' dir='ltr'>καί</span> <span class='ocrx_word' id='word_1_126' title='bbox 1316 1199 1566 1241; x_wconf 79' lang='grc' dir='ltr'><strong><em>α’ποστέλλει</em></strong></span> <span class='ocrx_word' id='word_1_127' title='bbox 1592 1195 1758 1240; x_wconf 74' lang='lat' dir='ltr'><strong>Bai-15</strong></span> 
     </span>
     <span class='ocr_line' id='line_1_17' title="bbox 211 1263 1690 1320; baseline 0.001 -15"><span class='ocrx_word' id='word_1_128' title='bbox 211 1280 337 1307; x_wconf 83' lang='grc' dir='ltr'><strong><em>νοσον</em></strong></span> <span class='ocrx_word' id='word_1_129' title='bbox 368 1263 438 1307; x_wconf 80' lang='grc' dir='ltr'><strong><em>τὸν</em></strong></span> <span class='ocrx_word' id='word_1_130' title='bbox 463 1268 680 1319; x_wconf 78' lang='grc' dir='ltr'><strong><em>σκρίβωνα</em></strong></span> <span class='ocrx_word' id='word_1_131' title='bbox 708 1265 815 1319; x_wconf 76' lang='grc' dir='ltr'><strong><em>μετὰ</em></strong></span> <span class='ocrx_word' id='word_1_132' title='bbox 844 1268 1064 1317; x_wconf 87' lang='grc' dir='ltr'><strong><em>ναυτιλίας</em></strong></span> <span class='ocrx_word' id='word_1_133' title='bbox 1094 1267 1168 1308; x_wconf 79' lang='grc' dir='ltr'><strong><em>τοῦ</em></strong></span> <span class='ocrx_word' id='word_1_134' title='bbox 1188 1267 1445 1320; x_wconf 79' lang='grc' dir='ltr'><strong><em>διαπερᾶναι</em></strong></span> <span class='ocrx_word' id='word_1_135' title='bbox 1472 1265 1544 1308; x_wconf 85' lang='grc' dir='ltr'><strong><em>τὸν</em></strong></span> <span class='ocrx_word' id='word_1_136' title='bbox 1574 1265 1690 1308; x_wconf 86' lang='grc' dir='ltr'><strong><em>λαόν.</em></strong></span> 
     </span>
     <span class='ocr_line' id='line_1_18' title="bbox 211 1331 1695 1391; baseline 0.001 -18"><span class='ocrx_word' id='word_1_137' title='bbox 211 1333 466 1384; x_wconf 74' lang='grc' dir='ltr'><strong><em>α’ποστείλας</em></strong></span> <span class='ocrx_word' id='word_1_138' title='bbox 497 1335 543 1375; x_wconf 75' lang='grc' dir='ltr'><strong>δὲ</strong></span> <span class='ocrx_word' id='word_1_139' title='bbox 573 1335 744 1389; x_wconf 83' lang='grc' dir='ltr'><strong><em>Πέτρος</em></strong></span> <span class='ocrx_word' id='word_1_140' title='bbox 767 1331 984 1390; x_wconf 74' lang='grc' dir='ltr'><strong><em>Γουνὸόην</em></strong></span> <span class='ocrx_word' id='word_1_141' title='bbox 1010 1333 1084 1376; x_wconf 86' lang='grc' dir='ltr'><strong><em>τόν</em></strong></span> <span class='ocrx_word' id='word_1_142' title='bbox 1113 1333 1425 1391; x_wconf 75' lang='grc' dir='ltr'><strong><em>ὑποστράτηγον</em></strong></span> <span class='ocrx_word' id='word_1_143' title='bbox 1456 1337 1589 1389; x_wconf 81' lang='grc' dir='ltr'><strong><em>πέραν</em></strong></span> <span class='ocrx_word' id='word_1_144' title='bbox 1616 1334 1695 1375; x_wconf 79' lang='grc' dir='ltr'><strong><em>τοῦ</em></strong></span> 
     </span>
     <span class='ocr_line' id='line_1_19' title="bbox 198 1394 1692 1458; baseline -0.001 -16"><span class='ocrx_word' id='word_1_145' title='bbox 198 1394 380 1456; x_wconf 76' lang='grc' dir='ltr'><strong><em>Ἴστρου,</em></strong></span> <span class='ocrx_word' id='word_1_146' title='bbox 421 1403 576 1455; x_wconf 78' lang='grc' dir='ltr'><strong><em>πολλῆς</em></strong></span> <span class='ocrx_word' id='word_1_147' title='bbox 617 1402 916 1455; x_wconf 80' lang='grc' dir='ltr'><strong><em>αἰχμαλωσίας</em></strong></span> <span class='ocrx_word' id='word_1_148' title='bbox 958 1402 1214 1458; x_wconf 79' lang='grc' dir='ltr'><strong><em>ἐκράτησαν·</em></strong></span> <span class='ocrx_word' id='word_1_149' title='bbox 1288 1404 1429 1444; x_wconf 83' lang='grc' dir='ltr'><strong><em>ταῦτα</em></strong></span> <span class='ocrx_word' id='word_1_150' title='bbox 1473 1400 1631 1455; x_wconf 76' lang='grc' dir='ltr'><strong><em>μαθών</em></strong></span> <span class='ocrx_word' id='word_1_151' title='bbox 1671 1394 1692 1441; x_wconf 81' lang='grc' dir='ltr'>ὅ</span> 
     </span>
     <span class='ocr_line' id='line_1_20' title="bbox 173 1465 1694 1525; baseline 0.001 -18"><span class='ocrx_word' id='word_1_152' title='bbox 173 1468 200 1500; x_wconf 84' lang='grc' dir='ltr'><strong>Β</strong></span> <span class='ocrx_word' id='word_1_153' title='bbox 218 1466 413 1521; x_wconf 79' lang='grc' dir='ltr'><strong><em>Χαγάνος</em></strong></span> <span class='ocrx_word' id='word_1_154' title='bbox 444 1465 517 1509; x_wconf 76' lang='grc' dir='ltr'><strong><em>τὸν</em></strong></span> <span class='ocrx_word' id='word_1_155' title='bbox 539 1466 686 1522; x_wconf 72' lang='grc' dir='ltr'><strong>Ἀψῆχ</strong></span> <span class='ocrx_word' id='word_1_156' title='bbox 716 1468 824 1522; x_wconf 79' lang='grc' dir='ltr'><strong><em>μετὰ</em></strong></span> <span class='ocrx_word' id='word_1_157' title='bbox 853 1466 1046 1524; x_wconf 78' lang='grc' dir='ltr'><strong><em>πλήθους</em></strong></span> <span class='ocrx_word' id='word_1_158' title='bbox 1088 1469 1355 1525; x_wconf 69' lang='grc' dir='ltr'><strong><em>ἀπέστειλεν,</em></strong></span> <span class='ocrx_word' id='word_1_159' title='bbox 1393 1466 1508 1518; x_wconf 76' lang='grc' dir='ltr'><strong><em>ὅπως</em></strong></span> <span class='ocrx_word' id='word_1_160' title='bbox 1534 1468 1582 1510; x_wconf 81' lang='grc' dir='ltr'><strong><em>τό</em></strong></span> <span class='ocrx_word' id='word_1_161' title='bbox 1612 1469 1694 1509; x_wconf 74' lang='grc' dir='ltr'><strong><em>τῶν</em></strong></span> 
     </span>
     <span class='ocr_line' id='line_1_21' title="bbox 188 1533 1757 1593; baseline 0 -18"><span class='ocrx_word' id='word_1_162' title='bbox 188 1540 190 1542; x_wconf 77' lang='grc'>’</span> <span class='ocrx_word' id='word_1_163' title='bbox 214 1535 379 1578; x_wconf 76' lang='grc' dir='ltr'><strong><em>ναυτῶν</em></strong></span> <span class='ocrx_word' id='word_1_164' title='bbox 407 1535 577 1593; x_wconf 79' lang='grc' dir='ltr'><strong><em>διολέσῃ</em></strong></span> <span class='ocrx_word' id='word_1_165' title='bbox 607 1533 744 1593; x_wconf 71' lang='grc' dir='ltr'><strong><em>ἔθνος,</em></strong></span> <span class='ocrx_word' id='word_1_166' title='bbox 773 1534 834 1586; x_wconf 77' lang='grc' dir='ltr'><strong><em>ὦς’</em></strong></span> <span class='ocrx_word' id='word_1_167' title='bbox 858 1536 1091 1591; x_wconf 82' lang='grc' dir='ltr'><strong><em>σύμμαχον</em></strong></span> <span class='ocrx_word' id='word_1_168' title='bbox 1121 1538 1204 1579; x_wconf 76' lang='grc' dir='ltr'><strong><em>τῶν</em></strong></span> <span class='ocrx_word' id='word_1_169' title='bbox 1232 1535 1480 1591; x_wconf 59' lang='grc' dir='ltr'><strong><em>Ῥωμαιων.</em></strong></span> <span class='ocrx_word' id='word_1_170' title='bbox 1538 1534 1690 1579; x_wconf 81' lang='grc' dir='ltr'><strong><em>τούτου</em></strong></span> <span class='ocrx_word' id='word_1_171' title='bbox 1705 1551 1757 1576; x_wconf 84' lang='lat'><strong>20</strong></span> 
     </span>
    </p>
   </div>
   <div class='ocr_carea' id='block_1_3' title="bbox 314 1699 1691 1843">
    <p class='ocr_par' dir='ltr' id='par_1_3' title="bbox 314 1699 1691 1843">
     <span class='ocr_line' id='line_1_22' title="bbox 314 1699 1690 1750; baseline 0 -16"><span class='ocrx_word' id='word_1_172' title='bbox 314 1712 341 1734; x_wconf 90' lang='lat'><strong>1.</strong></span> <span class='ocrx_word' id='word_1_173' title='bbox 362 1699 559 1748; x_wconf 83' lang='grc' dir='ltr'><strong><em>Ῥωμανοῦ</em></strong></span> <span class='ocrx_word' id='word_1_174' title='bbox 585 1713 617 1735; x_wconf 90' lang='lat' dir='ltr'><strong>a.</strong></span> <span class='ocrx_word' id='word_1_175' title='bbox 754 1703 789 1737; x_wconf 89' lang='grc'><strong>8.</strong></span> <span class='ocrx_word' id='word_1_176' title='bbox 815 1703 1079 1750; x_wconf 79' lang='grc' dir='ltr'><strong><em>καταρράκτας</em></strong></span> <span class='ocrx_word' id='word_1_177' title='bbox 1102 1703 1142 1737; x_wconf 91' lang='grc' dir='ltr'><strong>Α.</strong></span> <span class='ocrx_word' id='word_1_178' title='bbox 1284 1715 1336 1737; x_wconf 84' lang='grc' dir='ltr'><strong><em>ιο.</em></strong></span> <span class='ocrx_word' id='word_1_179' title='bbox 1374 1704 1461 1749; x_wconf 84' lang='grc' dir='ltr'><strong><em>περὶ</em></strong></span> <span class='ocrx_word' id='word_1_180' title='bbox 1487 1701 1570 1736; x_wconf 90' lang='lat' dir='ltr'><strong>add.</strong></span> <span class='ocrx_word' id='word_1_181' title='bbox 1591 1712 1635 1735; x_wconf 79' lang='lat' dir='ltr'><strong>ex</strong></span> <span class='ocrx_word' id='word_1_182' title='bbox 1651 1702 1690 1734; x_wconf 85' lang='lat' dir='ltr'><strong>A.</strong></span> 
     </span>
     <span class='ocr_line' id='line_1_23' title="bbox 317 1746 1691 1794; baseline 0.004 -13"><span class='ocrx_word' id='word_1_183' title='bbox 317 1760 367 1782; x_wconf 86' lang='grc' dir='ltr'><strong><em>ιι.</em></strong></span> <span class='ocrx_word' id='word_1_184' title='bbox 396 1750 459 1784; x_wconf 74' lang='grc' dir='ltr'><strong><em>ἐπὶ</em></strong></span> <span class='ocrx_word' id='word_1_185' title='bbox 479 1746 545 1793; x_wconf 73' lang='grc' dir='ltr'><strong>τὴν</strong></span> <span class='ocrx_word' id='word_1_186' title='bbox 568 1753 885 1788; x_wconf 81' lang='grc' dir='ltr'><strong><em>Κωνστανιίολον</em></strong></span> <span class='ocrx_word' id='word_1_187' title='bbox 909 1753 948 1793; x_wconf 90' lang='grc' dir='ltr'><strong>Α,</strong></span> <span class='ocrx_word' id='word_1_188' title='bbox 977 1752 1061 1786; x_wconf 89' lang='lat' dir='ltr'><strong>fort.</strong></span> <span class='ocrx_word' id='word_1_189' title='bbox 1094 1753 1157 1788; x_wconf 73' lang='grc' dir='ltr'><strong><em>ἐπὶ</em></strong></span> <span class='ocrx_word' id='word_1_190' title='bbox 1179 1746 1246 1794; x_wconf 76' lang='grc' dir='ltr'><strong>τὴν</strong></span> <span class='ocrx_word' id='word_1_191' title='bbox 1268 1749 1691 1788; x_wconf 74' lang='grc' dir='ltr'><strong><em>Κωνσταντινούπολιν.</em></strong></span> 
     </span>
     <span class='ocr_line' id='line_1_24' title="bbox 314 1796 1365 1843; baseline 0 -11"><span class='ocrx_word' id='word_1_192' title='bbox 314 1798 368 1832; x_wconf 80' lang='grc' dir='ltr'><strong>ι5.</strong></span> <span class='ocrx_word' id='word_1_193' title='bbox 391 1796 577 1835; x_wconf 83' lang='grc' dir='ltr'><strong><em>Βόνωσον</em></strong></span> <span class='ocrx_word' id='word_1_194' title='bbox 603 1798 646 1832; x_wconf 84' lang='grc' dir='ltr'><strong>Α.</strong></span> <span class='ocrx_word' id='word_1_195' title='bbox 775 1810 826 1843; x_wconf 84' lang='lat'><strong>¹9·</strong></span> <span class='ocrx_word' id='word_1_196' title='bbox 852 1799 931 1837; x_wconf 75' lang='grc' dir='ltr'><strong>τῶν</strong></span> <span class='ocrx_word' id='word_1_197' title='bbox 956 1798 1081 1837; x_wconf 79' lang='grc' dir='ltr'><strong><em>αὐτῶν</em></strong></span> <span class='ocrx_word' id='word_1_198' title='bbox 1108 1800 1134 1842; x_wconf 87' lang='lat' dir='ltr'><strong>s,</strong></span> <span class='ocrx_word' id='word_1_199' title='bbox 1159 1799 1307 1836; x_wconf 76' lang='grc' dir='ltr'><strong><em>ταυτῶν</em></strong></span> <span class='ocrx_word' id='word_1_200' title='bbox 1333 1811 1365 1833; x_wconf 92' lang='lat' dir='ltr'><strong>e.</strong></span> 
     </span>
    </p>
   </div>
   <div class='ocr_carea' id='block_1_4' title="bbox 214 1961 1690 2826">
    <p class='ocr_par' dir='ltr' id='par_1_4' title="bbox 214 1961 1690 2826">
     <span class='ocr_line' id='line_1_25' title="bbox 216 1961 1690 2011; baseline 0.003 -18"><span class='ocrx_word' id='word_1_201' title='bbox 216 1961 330 1994; x_wconf 87' lang='lat' dir='ltr'><strong>filium</strong></span> <span class='ocrx_word' id='word_1_202' title='bbox 359 1961 457 1995; x_wconf 81' lang='lat' dir='ltr'><strong>filiae</strong></span> <span class='ocrx_word' id='word_1_203' title='bbox 484 1962 655 1997; x_wconf 84' lang='lat' dir='ltr'>Germani</span> <span class='ocrx_word' id='word_1_204' title='bbox 689 1964 833 2010; x_wconf 77' lang='lat' dir='ltr'><strong>patricii</strong></span> <span class='ocrx_word' id='word_1_205' title='bbox 871 1966 1102 2000; x_wconf 85' lang='lat' dir='ltr'><strong>matrimonio</strong></span> <span class='ocrx_word' id='word_1_206' title='bbox 1142 1965 1272 2008; x_wconf 82' lang='lat' dir='ltr'><strong>iunxit,</strong></span> <span class='ocrx_word' id='word_1_207' title='bbox 1312 1965 1461 2009; x_wconf 69' lang='lat' dir='ltr'><strong>Cyn-iaco</strong></span> <span class='ocrx_word' id='word_1_208' title='bbox 1486 1965 1690 2011; x_wconf 84' lang='lat' dir='ltr'><strong>patriarcha</strong></span> 
     </span>
     <span class='ocr_line' id='line_1_26' title="bbox 215 2008 1690 2059; baseline 0.003 -18"><span class='ocrx_word' id='word_1_209' title='bbox 215 2008 372 2054; x_wconf 87' lang='lat' dir='ltr'><strong>Cpoleos</strong></span> <span class='ocrx_word' id='word_1_210' title='bbox 395 2010 578 2055; x_wconf 74' lang='lat' dir='ltr'><strong>nuptiales</strong></span> <span class='ocrx_word' id='word_1_211' title='bbox 602 2023 750 2046; x_wconf 88' lang='lat' dir='ltr'><strong>coronas</strong></span> <span class='ocrx_word' id='word_1_212' title='bbox 770 2014 994 2059; x_wconf 82' lang='lat' dir='ltr'><strong>imponente.</strong></span> <span class='ocrx_word' id='word_1_213' title='bbox 1020 2014 1187 2048; x_wconf 88' lang='lat' dir='ltr'><strong>Ianuario</strong></span> <span class='ocrx_word' id='word_1_214' title='bbox 1211 2025 1296 2048; x_wconf 88' lang='lat' dir='ltr'><strong>vero</strong></span> <span class='ocrx_word' id='word_1_215' title='bbox 1324 2024 1448 2047; x_wconf 89' lang='lat' dir='ltr'><strong>mense</strong></span> <span class='ocrx_word' id='word_1_216' title='bbox 1464 2013 1690 2046; x_wconf 85' lang='lat' dir='ltr'><strong>Domitianus</strong></span> 
     </span>
     <span class='ocr_line' id='line_1_27' title="bbox 214 2056 1688 2107; baseline 0.003 -17"><span class='ocrx_word' id='word_1_217' title='bbox 214 2056 401 2090; x_wconf 86' lang='lat' dir='ltr'><strong>Melitines</strong></span> <span class='ocrx_word' id='word_1_218' title='bbox 429 2058 621 2104; x_wconf 83' lang='lat' dir='ltr'><strong>episcopus</strong></span> <span class='ocrx_word' id='word_1_219' title='bbox 657 2060 886 2106; x_wconf 81' lang='lat' dir='ltr'><strong>imperatoris</strong></span> <span class='ocrx_word' id='word_1_220' title='bbox 918 2063 1206 2107; x_wconf 83' lang='lat' dir='ltr'><strong>consanguineus</strong></span> <span class='ocrx_word' id='word_1_221' title='bbox 1231 2061 1330 2096; x_wconf 88' lang='lat' dir='ltr'><strong>diem</strong></span> <span class='ocrx_word' id='word_1_222' title='bbox 1356 2066 1557 2095; x_wconf 80' lang='lat' dir='ltr'><strong>extremum</strong></span> <span class='ocrx_word' id='word_1_223' title='bbox 1583 2060 1688 2102; x_wconf 85' lang='lat' dir='ltr'><strong>obiit,</strong></span> 
     </span>
     <span class='ocr_line' id='line_1_28' title="bbox 215 2104 1688 2156; baseline 0.005 -21"><span class='ocrx_word' id='word_1_224' title='bbox 215 2109 253 2137; x_wconf 90' lang='lat' dir='ltr'><strong>et</strong></span> <span class='ocrx_word' id='word_1_225' title='bbox 277 2115 298 2136; x_wconf 89' lang='lat' dir='ltr'><strong>a</strong></span> <span class='ocrx_word' id='word_1_226' title='bbox 324 2104 473 2147; x_wconf 78' lang='lat' dir='ltr'><strong>cyriaco</strong></span> <span class='ocrx_word' id='word_1_227' title='bbox 512 2107 717 2151; x_wconf 83' lang='lat' dir='ltr'><strong>patriarcha</strong></span> <span class='ocrx_word' id='word_1_228' title='bbox 754 2109 799 2142; x_wconf 86' lang='lat' dir='ltr'><strong>ad</strong></span> <span class='ocrx_word' id='word_1_229' title='bbox 835 2115 1037 2143; x_wconf 83' lang='lat' dir='ltr'><strong>sanctorum</strong></span> <span class='ocrx_word' id='word_1_230' title='bbox 1065 2109 1313 2156; x_wconf 86' lang='lat' dir='ltr'><strong>apostolorum</strong></span> <span class='ocrx_word' id='word_1_231' title='bbox 1350 2109 1513 2154; x_wconf 80' lang='lat' dir='ltr'><strong>sepultus</strong></span> <span class='ocrx_word' id='word_1_232' title='bbox 1539 2114 1606 2150; x_wconf 82' lang='lat' dir='ltr'><strong>est,</strong></span> <span class='ocrx_word' id='word_1_233' title='bbox 1629 2120 1688 2142; x_wconf 88' lang='lat' dir='ltr'><strong>se-</strong></span> 
     </span>
     <span class='ocr_line' id='line_1_29' title="bbox 214 2151 1688 2202; baseline 0.004 -19"><span class='ocrx_word' id='word_1_234' title='bbox 214 2156 302 2184; x_wconf 87' lang='lat' dir='ltr'><strong>natu</strong></span> <span class='ocrx_word' id='word_1_235' title='bbox 322 2151 488 2186; x_wconf 87' lang='lat' dir='ltr'><strong>universo</strong></span> <span class='ocrx_word' id='word_1_236' title='bbox 509 2154 724 2189; x_wconf 83' lang='lat' dir='ltr'>funebribus</span> <span class='ocrx_word' id='word_1_237' title='bbox 739 2156 938 2190; x_wconf 85' lang='lat' dir='ltr'><strong>honoribus</strong></span> <span class='ocrx_word' id='word_1_238' title='bbox 963 2159 1170 2192; x_wconf 83' lang='lat' dir='ltr'>memoriam</span> <span class='ocrx_word' id='word_1_239' title='bbox 1194 2157 1272 2191; x_wconf 87' lang='lat' dir='ltr'><strong>eius</strong></span> <span class='ocrx_word' id='word_1_240' title='bbox 1295 2162 1553 2202; x_wconf 81' lang='lat' dir='ltr'><strong>prosequente.</strong></span> <span class='ocrx_word' id='word_1_241' title='bbox 1578 2168 1688 2202; x_wconf 89' lang='lat' dir='ltr'><strong>porro</strong></span> 
     </span>
     <span class='ocr_line' id='line_1_30' title="bbox 214 2199 1689 2244; baseline 0.005 -13"><span class='ocrx_word' id='word_1_242' title='bbox 214 2199 413 2244; x_wconf 85' lang='lat' dir='ltr'><strong>imperator</strong></span> <span class='ocrx_word' id='word_1_243' title='bbox 437 2201 578 2235; x_wconf 87' lang='lat' dir='ltr'><strong>Petrum</strong></span> <span class='ocrx_word' id='word_1_244' title='bbox 608 2203 752 2237; x_wconf 85' lang='lat' dir='ltr'><strong>fratrem</strong></span> <span class='ocrx_word' id='word_1_245' title='bbox 780 2216 885 2238; x_wconf 87' lang='lat' dir='ltr'><strong>suum</strong></span> <span class='ocrx_word' id='word_1_246' title='bbox 911 2205 1089 2239; x_wconf 77' lang='lat' dir='ltr'><strong>Thraciae</strong></span> <span class='ocrx_word' id='word_1_247' title='bbox 1126 2204 1253 2239; x_wconf 86' lang='lat' dir='ltr'><strong>ducem</strong></span> <span class='ocrx_word' id='word_1_248' title='bbox 1278 2205 1409 2238; x_wconf 89' lang='lat' dir='ltr'><strong>iterum</strong></span> <span class='ocrx_word' id='word_1_249' title='bbox 1437 2205 1689 2238; x_wconf 84' lang='lat' dir='ltr'><strong>renunciatum</strong></span> 
     </span>
     <span class='ocr_line' id='line_1_31' title="bbox 216 2247 1688 2298; baseline 0.004 -19"><span class='ocrx_word' id='word_1_250' title='bbox 216 2247 307 2280; x_wconf 87' lang='lat' dir='ltr'><strong>illuc</strong></span> <span class='ocrx_word' id='word_1_251' title='bbox 344 2248 554 2282; x_wconf 83' lang='lat' dir='ltr'><strong>transmisit.</strong></span> <span class='ocrx_word' id='word_1_252' title='bbox 619 2250 784 2285; x_wconf 89' lang='lat' dir='ltr'><strong>audierat</strong></span> <span class='ocrx_word' id='word_1_253' title='bbox 822 2253 916 2285; x_wconf 77' lang='lat' dir='ltr'><strong>enim</strong></span> <span class='ocrx_word' id='word_1_254' title='bbox 961 2253 1195 2287; x_wconf 79' lang='lat' dir='ltr'><strong>barbarorum</strong></span> <span class='ocrx_word' id='word_1_255' title='bbox 1241 2252 1515 2287; x_wconf 76' lang='lat' dir='ltr'><strong>multitudinem</strong></span> <span class='ocrx_word' id='word_1_256' title='bbox 1544 2252 1688 2298; x_wconf 87' lang='lat' dir='ltr'><strong>Apsech</strong></span> 
     </span>
     <span class='ocr_line' id='line_1_32' title="bbox 217 2293 1686 2346; baseline 0.005 -20"><span class='ocrx_word' id='word_1_257' title='bbox 217 2294 308 2329; x_wconf 89' lang='lat' dir='ltr'><strong>duce</strong></span> <span class='ocrx_word' id='word_1_258' title='bbox 335 2293 380 2327; x_wconf 85' lang='lat' dir='ltr'><strong>ad</strong></span> <span class='ocrx_word' id='word_1_259' title='bbox 405 2301 596 2330; x_wconf 81' lang='lat' dir='ltr'><strong>cataractas</strong></span> <span class='ocrx_word' id='word_1_260' title='bbox 623 2301 846 2344; x_wconf 76' lang='lat' dir='ltr'><strong>congregari.</strong></span> <span class='ocrx_word' id='word_1_261' title='bbox 898 2301 1020 2334; x_wconf 83' lang='lat' dir='ltr'><strong>Petrus</strong></span> <span class='ocrx_word' id='word_1_262' title='bbox 1048 2306 1168 2334; x_wconf 80' lang='lat' dir='ltr'><strong>autem</strong></span> <span class='ocrx_word' id='word_1_263' title='bbox 1193 2300 1300 2333; x_wconf 82' lang='lat' dir='ltr'><strong>misso</strong></span> <span class='ocrx_word' id='word_1_264' title='bbox 1326 2300 1372 2334; x_wconf 84' lang='lat' dir='ltr'><strong>ad</strong></span> <span class='ocrx_word' id='word_1_265' title='bbox 1396 2299 1538 2346; x_wconf 87' lang='lat' dir='ltr'><strong>Apsech</strong></span> <span class='ocrx_word' id='word_1_266' title='bbox 1564 2301 1686 2346; x_wconf 86' lang='lat' dir='ltr'><strong>legato</strong></span> 
     </span>
     <span class='ocr_line' id='line_1_33' title="bbox 218 2341 1686 2391; baseline 0.005 -17"><span class='ocrx_word' id='word_1_267' title='bbox 218 2341 264 2375; x_wconf 88' lang='lat' dir='ltr'><strong>de</strong></span> <span class='ocrx_word' id='word_1_268' title='bbox 301 2353 390 2388; x_wconf 84' lang='lat' dir='ltr'><strong>pace</strong></span> <span class='ocrx_word' id='word_1_269' title='bbox 427 2345 608 2378; x_wconf 85' lang='lat' dir='ltr'><strong>tractavit.</strong></span> <span class='ocrx_word' id='word_1_270' title='bbox 670 2346 812 2391; x_wconf 88' lang='lat' dir='ltr'><strong>Apsech</strong></span> <span class='ocrx_word' id='word_1_271' title='bbox 839 2358 882 2380; x_wconf 79' lang='lat' dir='ltr'><strong>ex</strong></span> <span class='ocrx_word' id='word_1_272' title='bbox 907 2347 1056 2382; x_wconf 87' lang='lat' dir='ltr'><strong>adverso</strong></span> <span class='ocrx_word' id='word_1_273' title='bbox 1091 2353 1350 2381; x_wconf 79' lang='lat' dir='ltr'><strong>cataractarum</strong></span> <span class='ocrx_word' id='word_1_274' title='bbox 1376 2349 1494 2382; x_wconf 87' lang='lat' dir='ltr'><strong>iocum</strong></span> <span class='ocrx_word' id='word_1_275' title='bbox 1518 2349 1686 2382; x_wconf 82' lang='lat' dir='ltr'><strong>Romanis</strong></span> 
     </span>
     <span class='ocr_line' id='line_1_34' title="bbox 217 2389 1686 2442; baseline 0.004 -20"><span class='ocrx_word' id='word_1_276' title='bbox 217 2390 357 2435; x_wconf 87' lang='lat' dir='ltr'><strong>eripere</strong></span> <span class='ocrx_word' id='word_1_277' title='bbox 385 2389 575 2432; x_wconf 83' lang='lat' dir='ltr'><strong>studebat,</strong></span> <span class='ocrx_word' id='word_1_278' title='bbox 602 2391 770 2437; x_wconf 85' lang='lat' dir='ltr'><strong>Chagano</strong></span> <span class='ocrx_word' id='word_1_279' title='bbox 810 2400 932 2428; x_wconf 86' lang='lat' dir='ltr'><strong>contra</strong></span> <span class='ocrx_word' id='word_1_280' title='bbox 971 2396 1112 2442; x_wconf 85' lang='lat' dir='ltr'><strong>Cpolim</strong></span> <span class='ocrx_word' id='word_1_281' title='bbox 1152 2396 1424 2441; x_wconf 77' lang='lat' dir='ltr'><strong>expeditionem</strong></span> <span class='ocrx_word' id='word_1_282' title='bbox 1453 2397 1686 2442; x_wconf 87' lang='lat' dir='ltr'><strong>suscipiente.</strong></span> 
     </span>
     <span class='ocr_line' id='line_1_35' title="bbox 217 2438 1686 2489; baseline 0.005 -19"><span class='ocrx_word' id='word_1_283' title='bbox 217 2439 344 2484; x_wconf 87' lang='lat' dir='ltr'><strong>itaque</strong></span> <span class='ocrx_word' id='word_1_284' title='bbox 368 2438 518 2472; x_wconf 80' lang='lat' dir='ltr'><strong>Romani</strong></span> <span class='ocrx_word' id='word_1_285' title='bbox 554 2439 592 2472; x_wconf 90' lang='lat' dir='ltr'><strong>in</strong></span> <span class='ocrx_word' id='word_1_286' title='bbox 625 2440 815 2474; x_wconf 79' lang='lat' dir='ltr'><strong>Thraciam</strong></span> <span class='ocrx_word' id='word_1_287' title='bbox 850 2444 981 2477; x_wconf 86' lang='lat' dir='ltr'><strong>reversi</strong></span> <span class='ocrx_word' id='word_1_288' title='bbox 1008 2443 1281 2489; x_wconf 87' lang='lat' dir='ltr'><strong>Adrianopolim</strong></span> <span class='ocrx_word' id='word_1_289' title='bbox 1320 2450 1510 2478; x_wconf 87' lang='lat' dir='ltr'><strong>venerunt.</strong></span> <span class='ocrx_word' id='word_1_290' title='bbox 1561 2455 1686 2478; x_wconf 87' lang='lat' dir='ltr'><strong>verum</strong></span> 
     </span>
     <span class='ocr_line' id='line_1_36' title="bbox 218 2485 1688 2537; baseline 0.005 -20"><span class='ocrx_word' id='word_1_291' title='bbox 218 2485 280 2519; x_wconf 85' lang='lat' dir='ltr'><strong>nbi</strong></span> <span class='ocrx_word' id='word_1_292' title='bbox 309 2485 518 2531; x_wconf 84' lang='lat' dir='ltr'><strong>Chaganum</strong></span> <span class='ocrx_word' id='word_1_293' title='bbox 546 2487 755 2531; x_wconf 79' lang='lat' dir='ltr'><strong>Byzantium</strong></span> <span class='ocrx_word' id='word_1_294' title='bbox 788 2489 960 2523; x_wconf 81' lang='lat' dir='ltr'><strong>accedere</strong></span> <span class='ocrx_word' id='word_1_295' title='bbox 997 2491 1166 2535; x_wconf 85' lang='lat' dir='ltr'><strong>coguovit</strong></span> <span class='ocrx_word' id='word_1_296' title='bbox 1199 2492 1417 2537; x_wconf 81' lang='lat' dir='ltr'><strong>imperator,</strong></span> <span class='ocrx_word' id='word_1_297' title='bbox 1444 2493 1550 2526; x_wconf 84' lang='lat' dir='ltr'><strong>Petro</strong></span> <span class='ocrx_word' id='word_1_298' title='bbox 1575 2498 1616 2526; x_wconf 84' lang='lat' dir='ltr'><strong>ut</strong></span> <span class='ocrx_word' id='word_1_299' title='bbox 1641 2491 1688 2526; x_wconf 85' lang='lat' dir='ltr'><strong>ad</strong></span> 
     </span>
     <span class='ocr_line' id='line_1_37' title="bbox 216 2533 1689 2584; baseline 0.005 -18"><span class='ocrx_word' id='word_1_300' title='bbox 216 2534 345 2567; x_wconf 85' lang='lat' dir='ltr'><strong>Istrum</strong></span> <span class='ocrx_word' id='word_1_301' title='bbox 370 2533 503 2575; x_wconf 82' lang='lat' dir='ltr'><strong>redeat,</strong></span> <span class='ocrx_word' id='word_1_302' title='bbox 530 2536 666 2570; x_wconf 88' lang='lat' dir='ltr'><strong>scribit.</strong></span> <span class='ocrx_word' id='word_1_303' title='bbox 736 2536 936 2571; x_wconf 85' lang='lat' dir='ltr'><strong>scribonem</strong></span> <span class='ocrx_word' id='word_1_304' title='bbox 963 2540 1069 2572; x_wconf 88' lang='lat' dir='ltr'><strong>etiam</strong></span> <span class='ocrx_word' id='word_1_305' title='bbox 1101 2540 1278 2574; x_wconf 87' lang='lat' dir='ltr'><strong>Bonosum</strong></span> <span class='ocrx_word' id='word_1_306' title='bbox 1305 2553 1384 2574; x_wconf 86' lang='lat' dir='ltr'><strong>cum</strong></span> <span class='ocrx_word' id='word_1_307' title='bbox 1413 2540 1565 2584; x_wconf 79' lang='lat' dir='ltr'><strong>navigiis</strong></span> <span class='ocrx_word' id='word_1_308' title='bbox 1589 2540 1689 2573; x_wconf 84' lang='lat' dir='ltr'><strong>mili-</strong></span> 
     </span>
     <span class='ocr_line' id='line_1_38' title="bbox 216 2582 1687 2633; baseline 0.006 -20"><span class='ocrx_word' id='word_1_309' title='bbox 216 2586 289 2614; x_wconf 73' lang='lat' dir='ltr'><strong>tem</strong></span> <span class='ocrx_word' id='word_1_310' title='bbox 319 2587 415 2615; x_wconf 84' lang='lat' dir='ltr'><strong>trans</strong></span> <span class='ocrx_word' id='word_1_311' title='bbox 439 2582 572 2616; x_wconf 86' lang='lat' dir='ltr'><strong>flumen</strong></span> <span class='ocrx_word' id='word_1_312' title='bbox 598 2583 813 2617; x_wconf 84' lang='lat' dir='ltr'><strong>devehendo</strong></span> <span class='ocrx_word' id='word_1_313' title='bbox 840 2586 964 2619; x_wconf 86' lang='lat' dir='ltr'><strong>mittit.</strong></span> <span class='ocrx_word' id='word_1_314' title='bbox 1015 2587 1139 2620; x_wconf 84' lang='lat' dir='ltr'><strong>Petrus</strong></span> <span class='ocrx_word' id='word_1_315' title='bbox 1166 2588 1274 2622; x_wconf 87' lang='lat' dir='ltr'><strong>misso</strong></span> <span class='ocrx_word' id='word_1_316' title='bbox 1292 2587 1449 2622; x_wconf 75' lang='lat' dir='ltr'><strong>(iundue</strong></span> <span class='ocrx_word' id='word_1_317' title='bbox 1477 2588 1596 2633; x_wconf 83' lang='lat' dir='ltr'><strong>legato</strong></span> <span class='ocrx_word' id='word_1_318' title='bbox 1623 2599 1687 2621; x_wconf 84' lang='lat' dir='ltr'><strong>ex-</strong></span> 
     </span>
     <span class='ocr_line' id='line_1_39' title="bbox 216 2629 1687 2681; baseline 0.005 -20"><span class='ocrx_word' id='word_1_319' title='bbox 216 2629 350 2663; x_wconf 86' lang='lat' dir='ltr'><strong>ercitus</strong></span> <span class='ocrx_word' id='word_1_320' title='bbox 366 2634 463 2665; x_wconf 89' lang='lat' dir='ltr'><strong>trans</strong></span> <span class='ocrx_word' id='word_1_321' title='bbox 489 2632 616 2665; x_wconf 87' lang='lat' dir='ltr'><strong>Istrum</strong></span> <span class='ocrx_word' id='word_1_322' title='bbox 645 2632 816 2677; x_wconf 82' lang='lat' dir='ltr'><strong>praedam</strong></span> <span class='ocrx_word' id='word_1_323' title='bbox 842 2635 1075 2681; x_wconf 87' lang='lat' dir='ltr'><strong>captivosque</strong></span> <span class='ocrx_word' id='word_1_324' title='bbox 1103 2635 1309 2670; x_wconf 84' lang='lat' dir='ltr'><strong>innumeros</strong></span> <span class='ocrx_word' id='word_1_325' title='bbox 1334 2637 1414 2669; x_wconf 88' lang='lat' dir='ltr'><strong>eius</strong></span> <span class='ocrx_word' id='word_1_326' title='bbox 1442 2636 1576 2670; x_wconf 87' lang='lat' dir='ltr'><strong>virtute</strong></span> <span class='ocrx_word' id='word_1_327' title='bbox 1601 2647 1687 2669; x_wconf 84' lang='lat' dir='ltr'><strong>coe-</strong></span> 
     </span>
     <span class='ocr_line' id='line_1_40' title="bbox 217 2676 1688 2730; baseline 0.005 -22"><span class='ocrx_word' id='word_1_328' title='bbox 217 2676 279 2719; x_wconf 76' lang='lat' dir='ltr'><strong>git.</strong></span> <span class='ocrx_word' id='word_1_329' title='bbox 331 2677 429 2723; x_wconf 87' lang='lat' dir='ltr'><strong>quod</strong></span> <span class='ocrx_word' id='word_1_330' title='bbox 459 2689 538 2712; x_wconf 91' lang='lat' dir='ltr'><strong>cum</strong></span> <span class='ocrx_word' id='word_1_331' title='bbox 565 2677 753 2724; x_wconf 86' lang='lat' dir='ltr'><strong>Chaganus</strong></span> <span class='ocrx_word' id='word_1_332' title='bbox 789 2681 953 2724; x_wconf 87' lang='lat' dir='ltr'><strong>rescivit,</strong></span> <span class='ocrx_word' id='word_1_333' title='bbox 990 2682 1131 2728; x_wconf 87' lang='lat' dir='ltr'><strong>Apsech</strong></span> <span class='ocrx_word' id='word_1_334' title='bbox 1157 2695 1236 2718; x_wconf 88' lang='lat' dir='ltr'><strong>cum</strong></span> <span class='ocrx_word' id='word_1_335' title='bbox 1262 2685 1376 2730; x_wconf 85' lang='lat' dir='ltr'><strong>copiis</strong></span> <span class='ocrx_word' id='word_1_336' title='bbox 1400 2684 1502 2718; x_wconf 85' lang='lat' dir='ltr'><strong>misit</strong></span> <span class='ocrx_word' id='word_1_337' title='bbox 1524 2683 1571 2717; x_wconf 87' lang='lat' dir='ltr'><strong>ad</strong></span> <span class='ocrx_word' id='word_1_338' title='bbox 1595 2695 1688 2717; x_wconf 89' lang='lat' dir='ltr'><strong>nau-</strong></span> 
     </span>
     <span class='ocr_line' id='line_1_41' title="bbox 215 2725 1687 2777; baseline 0.005 -21"><span class='ocrx_word' id='word_1_339' title='bbox 215 2729 332 2758; x_wconf 79' lang='lat' dir='ltr'><strong>tarum</strong></span> <span class='ocrx_word' id='word_1_340' title='bbox 358 2725 499 2759; x_wconf 85' lang='lat' dir='ltr'><strong>turbam</strong></span> <span class='ocrx_word' id='word_1_341' title='bbox 526 2726 604 2760; x_wconf 84' lang='lat' dir='ltr'><strong>illic</strong></span> <span class='ocrx_word' id='word_1_342' title='bbox 640 2727 900 2763; x_wconf 79' lang='lat' dir='ltr'><strong>conficiendam</strong></span> <span class='ocrx_word' id='word_1_343' title='bbox 916 2755 925 2771; x_wconf 85' lang='lat'><strong>,</strong></span> <span class='ocrx_word' id='word_1_344' title='bbox 970 2735 1098 2777; x_wconf 87' lang='lat' dir='ltr'><strong>utpote</strong></span> <span class='ocrx_word' id='word_1_345' title='bbox 1123 2732 1184 2777; x_wconf 84' lang='lat' dir='ltr'><strong>qui</strong></span> <span class='ocrx_word' id='word_1_346' title='bbox 1214 2732 1383 2766; x_wconf 83' lang='lat' dir='ltr'><strong>Romanis</strong></span> <span class='ocrx_word' id='word_1_347' title='bbox 1408 2731 1574 2766; x_wconf 81' lang='lat' dir='ltr'><strong>auxiliati</strong></span> <span class='ocrx_word' id='word_1_348' title='bbox 1598 2731 1687 2765; x_wconf 88' lang='lat' dir='ltr'><strong>suis-</strong></span> 
     </span>
     <span class='ocr_line' id='line_1_42' title="bbox 216 2773 1685 2826; baseline 0.005 -20"><span class='ocrx_word' id='word_1_349' title='bbox 216 2778 306 2807; x_wconf 80' lang='lat' dir='ltr'><strong>sent.</strong></span> <span class='ocrx_word' id='word_1_350' title='bbox 358 2783 430 2820; x_wconf 87' lang='lat' dir='ltr'><strong>quo</strong></span> <span class='ocrx_word' id='word_1_351' title='bbox 457 2773 601 2809; x_wconf 87' lang='lat' dir='ltr'><strong>demum</strong></span> <span class='ocrx_word' id='word_1_352' title='bbox 637 2775 755 2818; x_wconf 82' lang='lat' dir='ltr'><strong>facto,</strong></span> <span class='ocrx_word' id='word_1_353' title='bbox 781 2778 899 2823; x_wconf 81' lang='lat' dir='ltr'><strong>portio</strong></span> <span class='ocrx_word' id='word_1_354' title='bbox 937 2785 1030 2824; x_wconf 85' lang='lat' dir='ltr'><strong>qua&#39;e</strong></span> <span class='ocrx_word' id='word_1_355' title='bbox 1059 2778 1220 2813; x_wconf 81' lang='lat' dir='ltr'><strong>barbaris</strong></span> <span class='ocrx_word' id='word_1_356' title='bbox 1248 2781 1460 2826; x_wconf 73' lang='lat' dir='ltr'><strong>contigerat,</strong></span> <span class='ocrx_word' id='word_1_357' title='bbox 1485 2779 1531 2814; x_wconf 83' lang='lat' dir='ltr'><strong>ad</strong></span> <span class='ocrx_word' id='word_1_358' title='bbox 1558 2781 1685 2814; x_wconf 81' lang='lat' dir='ltr'><strong>Roma-</strong></span> 
     </span>
    </p>
   </div>
  </div>
 </body>
</html>
