1786 3204
269 149 343 217 48
812 153 1159 200 THEoPnANis

270 283 404 322 σαμεν
438 265 697 310 Ἀθανασιόυ
738 261 1008 307 ἀπειλοῦντος
1044 250 1220 298 κωλύειν
1249 247 1324 306 τὴν
1353 249 1632 303 σιτοπομπίαν
1657 246 1731 304 τήν

268 335 498 390 ἐρχομένην
541 333 585 383 ἐξ
625 330 848 384 Αἰγύπτου
886 327 947 376 εἷς
988 324 1037 367 τὸ
1070 318 1326 374 Βυζάντιον.
1382 313 1483 358 ὅθεν
1513 314 1587 358 καί
1616 313 1733 370 κινή-

271 417 420 450 σαντες
463 401 522 448 εἰς
569 397 700 453 ὀργὴν
747 394 822 438 τὸν
861 391 1133 451 φιλόχριστον
1173 386 1378 441 βασιλέα,
1409 383 1734 439 παρεσκεύασαν

270 470 459 524 ἐξορίσαι
496 464 571 508 τὸν
617 465 749 518 μέγαν
793 459 1047 506 Ἀθανάσιον
1086 457 1146 505 εἷς
1190 456 1387 509 Τρίβεριν
1431 452 1505 507 τῆς
1533 452 1735 501 Γαλλίας.

266 532 527 580 Ἀθανασίου
558 534 604 575 δὲ
633 531 929 585 ἐξορισθέντος,
948 522 1118 583 ’Ἀρειος
1147 521 1274 565 πάλιν
1302 517 1532 575 ἐτάραττεν
1562 516 1636 574 τὴν
1652 516 1775 562 ,Αἵ-5

270 617 443 659 γυπτον.
473 598 595 657 γνούς
630 601 675 640 δὲ
705 597 725 640 ὃ
751 591 963 650 βασιλεύς,
995 586 1381 645 μεταπεμψάμενος
1410 583 1565 639 αὐτόν,
1593 582 1739 641 ἤριότα

275 672 317 713 εἰ
340 674 426 718 τοῖς
467 670 511 711 ἐν
540 668 698 724 Νικαίᾳ
738 663 916 718 δόγμασι
957 658 1203 702 συντίθεται
1258 655 1356 710 περὶ
1390 655 1466 696 τοῦ
1489 651 1738 707 δμοουσιόυ,

276 739 351 780 τοῦ
377 739 422 779 δὲ
445 735 542 789 μεθ’
579 730 706 788 ὅρκου
747 730 935 778 εἰπόντος
967 726 1276 776 συντίθεσθαι,
1315 718 1435 764 δόλον
1464 735 1511 762 τε
1542 720 1617 762 καί
1639 721 1743 772 νῦν,

278 804 336 854 αἷς
368 803 451 857 ἀεί,
481 802 772 857 ἐργαζομένου·
805 795 880 838 δύο
909 793 991 851 γὰρ
1020 794 1182 848 χάρτας
1209 791 1503 833 συντέθεικεν·
1562 786 1636 829 ἕνα
1663 787 1743 840 μὲν

238 870 384 928 Οὖπὲρ
411 872 489 913 τοῦ
516 868 765 922 ὄμοουσιόυ,
793 863 978 919 θάτερον
1005 863 1053 904 δὲ
1081 862 1174 902 κατ’
1197 858 1354 901 αὐτοῦ·
1387 853 1437 898 ὃν
1463 856 1539 898 καί
1560 856 1617 897 δι’
1642 851 1742 897 ἑαυ-
1760 871 1786 897 ιι

276 939 355 982 τοῦ
385 937 594 994 ἔγραψεν,
623 934 698 976 τὸν
728 935 892 990 πρῶτον
924 932 979 972 δι’
1007 925 1151 983 ἑτέρου
1180 924 1374 982 γράψας·
1431 925 1574 966 πείθει
1602 925 1746 965 τοίνυν

277 1005 351 1048 τὸν
376 1004 568 1059 βασιλέα,
601 1000 762 1055 ὀμόσας
790 994 896 1041 οὕτω
926 993 1140 1040 πιστεύειν
1158 1027 1169 1046 ,
1202 993 1401 1036 κελεῦσαι
1428 992 1636 1047 δεχθῆναι
1665 987 1748 1032 αὖ-

278 1072 352 1115 τὸν
378 1073 422 1114 ἐν
446 1073 496 1127 τῇ
532 1069 736 1124 καθολικῇ
770 1068 977 1123 ἐκκλησίᾳ.
1047 1061 1149 1119 ὅπερ
1179 1059 1335 1117 μαθών
1364 1059 1387 1102 ὅ
1411 1062 1529 1109 θεῖος
1556 1059 1747 1109 Ἀλέξαν-

281 1141 377 1194 δρος
394 1171 406 1192 ,
447 1139 504 1198 τῷ
530 1138 616 1195 θεῷ
640 1136 951 1191 προσέκλαυσεν
978 1132 1039 1181 εἰς
1067 1128 1145 1185 την
1171 1130 1435 1183 καλουμένην
1464 1125 1650 1182 Εἰρήνην
1678 1125 1746 1167 ἐκ-

279 1207 473 1262 κλησίαν·
506 1203 578 1246 καί
607 1202 729 1258 λόγου
757 1202 914 1244 θᾶττον
941 1199 966 1256 ἦ
997 1200 1097 1241 θειά
1128 1198 1223 1252 δι’κη
1254 1197 1442 1251 μετῆλθε
1471 1192 1541 1238 τὸν
1555 1189 1745 1247 ”Αρειον,
1765 1208 1779 1234 ι

271 1276 326 1316 ’έν
353 1271 493 1322 τόποις
536 1270 667 1323 ἀξίοις
714 1271 796 1311 τῶν
837 1268 912 1323 τῆς
953 1266 1143 1322 γλώσσης
1173 1260 1493 1320 ἀμαρευμάτων
1529 1260 1750 1314 ἐκκόψασα

282 1341 358 1383 τοῦ
385 1341 472 1398 ζῇν,
501 1340 547 1382 ἐν
573 1340 630 1395 τῷ
658 1338 735 1380 νῦν
759 1337 832 1378 καί
859 1337 903 1378 ἐν
929 1336 986 1393 τῷ
1015 1334 1235 1387 μέλλοντι,
1279 1332 1362 1374 τῶν
1391 1328 1643 1385 σπλάγχνων
1671 1327 1751 1370 αυ’-

283 1409 364 1449 τοῦ
402 1408 737 1460 κατενεχθέντων
777 1405 822 1446 ἐν
867 1400 1070 1460 οἷφόδοις,
1110 1403 1208 1442 καθ’
1245 1398 1298 1455 ἢν
1328 1394 1444 1453 ὥραν
1473 1395 1645 1452 ἔμελλεν
1669 1396 1752 1438 τῶν

286 1473 412 1531 ἱερῶν
450 1473 631 1524 ἀναξίως
669 1474 902 1526 ἐπιβαίνειν
945 1469 1197 1525 περιβόλων.
1263 1468 1398 1510 ταῦτα
1428 1465 1486 1523 τῷ
1515 1462 1753 1520 τριακοστῷ

236 1553 267 1588 D
287 1540 435 1601 πρώτῳ
477 1538 562 1584 ἔτει
605 1541 744 1597 γέγονε
788 1541 868 1582 τοῦ
893 1535 1080 1594 μεγάλου
1111 1535 1466 1587 Κωνσταντίνου,
1512 1531 1590 1575 τοῦ
1628 1528 1786 1574 θειόυα

380 1667 415 1711 4.
445 1669 618 1714 Τρίβεριν
656 1677 700 1707 a,
737 1667 886 1711 Τίβεριν
920 1664 948 1699 Α
982 1675 1001 1698 e
1027 1663 1053 1705 f,
1089 1662 1185 1710 apud
1212 1660 1383 1706 Tyberim
1414 1660 1537 1694 Anast.
1577 1654 1754 1705 Τίβερῥιν

379 1714 474 1759 vulg.
599 1726 631 1759 7.
659 1715 693 1750 εἰ
714 1715 798 1750 Νικ.
824 1713 902 1746 Par.
1035 1713 1069 1744 8.
1097 1714 1162 1745 καὶ
1187 1710 1270 1743 add.
1301 1721 1344 1742 ex
1369 1709 1409 1742 A.
1544 1707 1596 1740 16.
1623 1706 1752 1753 ἁμαρ-

381 1762 556 1810 τημάτων
589 1774 621 1795 a.
796 1762 849 1796 18·
887 1761 930 1797 ἐν
964 1758 1129 1807 ἅφόδοις
1153 1760 1182 1794 Α
1209 1764 1247 1793 et
1271 1758 1346 1800 alii,
1369 1758 1410 1794 ἐν
1435 1753 1631 1805 ἀμφόδοις
1657 1754 1750 1797 vulg.

289 1889 374 1923 gnes
399 1883 506 1911 testes
547 1878 656 1911 falsos
689 1877 963 1923 produxerunt:
1002 1878 1171 1924 quicum
1199 1876 1401 1909 iuramento
1437 1883 1641 1907 asseverare
1676 1871 1755 1905 ausi

289 1931 374 1960 sunt
401 1925 456 1959 his
477 1926 618 1959 verbis:
661 1926 861 1959 audivimus
889 1925 1120 1959 Athanasium
1152 1924 1324 1957 frumenti
1352 1921 1658 1957 transvectionem
1683 1921 1755 1962 By-

288 1973 443 2007 zantium
473 1984 515 2006 ex
542 1975 701 2018 Aegypto
728 1973 943 2007 destinatam
973 1972 1228 2018 impediturum
1255 1983 1293 2005 se
1319 1971 1562 2005 minitantem.
1613 1980 1657 2002 ex
1683 1977 1756 2014 quo

290 2021 420 2055 Christi
460 2022 702 2054 amantissimo
738 2022 945 2066 imperatori
986 2022 1073 2054 iram
1099 2021 1350 2061 concitantes,
1375 2019 1493 2065 ipsum
1518 2017 1565 2051 ad
1589 2027 1757 2061 magnum

290 2068 526 2102 Athanasium
554 2069 650 2114 apud
674 2070 850 2102 Treveros
880 2069 1077 2103 Galliarum
1110 2069 1234 2102 urbem
1261 2066 1498 2113 relegandum
1521 2065 1757 2111 impulerunt.

290 2115 486 2151 Athanasio
509 2116 617 2159 igitur
655 2116 694 2149 in
719 2117 867 2149 exilium
893 2118 1017 2162 pulso,
1056 2128 1192 2150 rursum
1222 2117 1326 2149 Arius
1351 2113 1590 2162 perturbabat
1615 2113 1758 2157 Aegyp-

291 2169 381 2197 tum.
433 2163 487 2195 his
517 2164 562 2196 ad
588 2175 625 2197 se
653 2163 802 2204 delatis,
832 2165 1026 2210 imperator
1064 2165 1273 2198 accersitum
1306 2169 1407 2208 rogat
1431 2162 1566 2203 Arium,
1598 2173 1683 2195 num
1713 2160 1759 2193 de

293 2210 595 2244 consubstantiali
621 2211 716 2257 apud
743 2211 910 2245 Nicaeam
949 2213 1095 2246 sancitis
1130 2212 1357 2257 dogmatibus
1385 2209 1630 2245 assentiatur?
1679 2208 1759 2254 ipse

293 2271 373 2292 cum
401 2259 603 2292 iuramento
640 2264 792 2292 testatur
827 2260 1015 2301 assentiri,
1057 2266 1094 2295 et
1127 2260 1230 2293 dolos
1257 2272 1300 2293 ex
1334 2271 1433 2294 more
1460 2257 1757 2292 comminiscitur.

294 2307 382 2340 duas
420 2318 574 2352 namque
609 2306 760 2340 schedas
798 2314 938 2353 paratas
974 2309 1114 2342 tenuit:
1152 2308 1245 2341 hauc
1281 2319 1375 2354 quae
1411 2305 1760 2341 consubstantialem

291 2355 552 2400 profiteretur,
591 2354 739 2387 alteram
772 2366 864 2400 quae
901 2356 994 2389 foret
1030 2355 1195 2389 adversa:
1238 2356 1431 2391 secundam
1457 2367 1564 2388 manu
1592 2354 1759 2400 propria,

289 2402 443 2447 primam
467 2402 585 2435 alieno
613 2401 817 2435 charactere
858 2404 1096 2448 conscriptam
1122 2402 1301 2438 exhibuit.
1361 2403 1493 2438 suadet
1528 2403 1654 2448 itaque
1690 2401 1759 2434 im-

289 2449 451 2495 peratori
471 2474 479 2490 ,
510 2455 545 2482 et
571 2450 620 2482 ita
646 2461 683 2482 se
709 2450 855 2483 credere
882 2451 1083 2484 iuramento
1110 2451 1272 2485 affirmat:
1315 2458 1352 2486 et
1378 2458 1418 2486 ut
1443 2452 1521 2485 eius
1540 2449 1697 2495 iiissihus
1722 2449 1760 2482 in

292 2497 479 2530 ecclesian·
506 2496 717 2530 catholicam
743 2498 957 2532 admittatur
974 2500 1146 2544 postulat.
1199 2500 1297 2546 quod
1325 2512 1405 2534 cum
1432 2499 1577 2533 divinus
1605 2497 1762 2531 Alexan.-

290 2544 356 2578 der
386 2545 550 2585 rescivit,
575 2557 656 2578 cum
685 2546 843 2592 querelis
868 2546 1067 2590 lachrymas
1092 2548 1130 2580 in
1157 2548 1308 2582 ecclesia
1335 2549 1392 2581 cui
1417 2558 1552 2581 nomen
1566 2547 1671 2579 Irene
1699 2555 1762 2578 co-

295 2604 370 2625 ram
397 2591 465 2625 deo
492 2592 679 2637 profudit:
713 2598 750 2627 et
777 2593 873 2627 dicto
901 2594 1008 2627 citius
1039 2595 1078 2628 in
1109 2596 1195 2629 locis
1223 2596 1296 2629 Arii
1327 2597 1474 2641 linguae
1499 2595 1598 2640 turpi
1623 2592 1762 2639 proflu-

289 2640 348 2673 vio
374 2640 503 2684 dignis,
531 2641 567 2672 in
595 2640 750 2686 publicis
775 2641 857 2674 dico
883 2642 1045 2682 latrinis,
1073 2644 1149 2676 eius
1180 2644 1301 2677 effusis
1327 2643 1548 2684 visceribus,
1575 2642 1669 2675 circa
1694 2641 1763 2674 ho-

291 2700 385 2728 ram,
413 2699 484 2734 qua
512 2699 608 2720 sacra
637 2688 745 2732 adyta
771 2695 1040 2734 penetraturum
1077 2701 1114 2724 se
1141 2691 1347 2725 confidebat
1384 2691 1556 2736 indigne,
1595 2693 1761 2724 truncata

291 2734 337 2768 de
362 2741 512 2780 repente
539 2737 613 2770 vita
639 2743 842 2781 praesente,
869 2743 904 2771 et
923 2743 1069 2771 aeterna
1097 2740 1240 2782 amissa,
1269 2739 1388 2773 diviua
1415 2740 1509 2773 ultio
1532 2739 1649 2786 ipsum
1675 2747 1762 2782 pro-

291 2788 445 2830 sequuta
474 2788 539 2821 est.
590 2783 678 2822 haec
714 2785 897 2832 trigesimo
925 2786 1040 2833 primo
1067 2789 1188 2833 magni·
1215 2787 1446 2822 Constantini
1474 2797 1569 2822 anno
1599 2785 1764 2830 contige-
