1768 3106
275 125 392 183 680
837 142 1186 186 THEOPHANJS

273 244 444 302 ἔλεγχον
485 247 564 299 μὲν
605 247 681 300 τῆς
716 245 870 287 τούτου
908 244 1164 301 ἀθεότητος,
1200 241 1376 296 ἔνδειξιν
1419 245 1467 286 δὲ
1498 245 1574 300 τῆς
1598 243 1756 287 τούτων

270 315 535 369 θεοσεβείας.
607 314 736 355 τοῦτο
768 314 816 355 δὲ
844 311 888 354 τό
919 310 1176 365 θαυμαστὸν
1207 310 1282 353 καί
1309 310 1572 368 οἷξιόγραφον
1600 314 1756 365 θαῦμα

270 378 377 435 μετὰ
407 380 588 436 χρόνους
616 380 675 434 κβ’
707 380 782 435 τῆς
809 380 886 421 τοῦ
921 378 1174 434 παρανόμου
1199 381 1397 433 τελευτῆς
1423 376 1505 421 οὖν
1523 385 1608 428 τοῖς
1635 379 1757 421 εὐσε-

269 445 491 502 βεστάτοις
535 448 764 502 βασιλεῦσι
795 445 870 488 καί
906 449 1107 505 Ταρασίῳ
1148 449 1208 502 τῷ
1248 446 1468 505 ἁγιωτάτῳ
1508 445 1756 505 πατριάρχῃ

224 525 256 558 D
272 515 394 571 ἡμεῖς
416 513 707 569 ἐθεασάμεθα,
742 516 818 556 καί
834 513 915 557 οὐν
935 515 1083 563 αὐτοῖς
1103 513 1483 572 κατησπασάμεθα,
1503 515 1559 565 ὦς
1579 515 1756 573 ἀνάξιοι,

267 581 456 640 μεγάλης
499 581 752 634 ἀξιωθέντες
776 580 970 639 χάριτος.
1037 584 1092 640 τῇ
1121 584 1167 624 δὲ
1198 579 1474 640 ἑκκαιδεκάτῃ
1503 585 1582 625 τοῦ
1611 586 1757 638 Νοεμ-

266 654 394 707 βρίου
424 650 553 707 μηνὸς
582 652 659 706 τῆς
687 651 819 705 αὐτῆς
850 652 1042 706 πέμπτης
1073 651 1332 700 ἰνδικτιῶνος
1359 649 1495 708 ψήφῳ
1520 653 1599 694 τοῦ
1625 654 1755 706 βασι-

267 721 373 768 λέως
404 723 707 775 χειοοτονεῖται
738 717 929 772 Νικὴτας
972 714 994 759 ὃ
1043 713 1127 760 α’πό
1169 715 1374 772 §uidam
1417 734 1622 773 ευνουχος
1651 720 1755 761 ‹23⁶¹-

266 802 387 838 σμως
417 801 688 842 πατριαρχης
719 785 1218 835 Κωνσταντινουπόλεως
1263 787 1338 829 καί
1373 786 1533 842 ἐγένετο
1557 787 1756 842 α’βροχιά,

267 850 375 896 ὥστε
399 855 511 909 μηδὲ
539 851 696 908 δρόσον
733 858 879 896 πεσεῖν
905 853 953 895 ἐκ
979 854 1056 895 τοῦ
1093 853 1299 909 ου’ρανοῢ·
1357 852 1432 896 καί
1458 855 1620 906 ἐξέλιπε
1649 871 1754 897 παν·

266 924 399 971 τελῶς
424 919 469 963 τὸ
500 918 619 976 ὕδωρ
652 923 699 964 ἐκ
732 923 810 977 τῆς
836 918 1012 970 πόλεως.
1081 920 1155 963 καί
1198 916 1391 978 ἧργησαν
1427 921 1479 964 τά
1519 938 1567 964 τε
1606 923 1755 977 δοχεῖα

265 1005 339 1032 και
376 987 429 1032 τὰ
466 988 646 1044 λουτρά,
685 1003 734 1031 ov
780 987 867 1045 μὴν
908 989 957 1031 δὲ
996 987 1069 1030 καί
1106 986 1158 1031 τὰ
1189 994 1348 1045 πηγαῖα
1376 986 1545 1044 νάματα
1572 988 1626 1032 τά
1656 989 1755 1032 οἷεν·

127 1066 172 1099 Ρ.
186 1065 248 1112 37¹
266 1055 379 1107 τοίως
411 1056 565 1113 ῥέοντα
591 1053 823 1112 πρότερον·
898 1057 1024 1098 τοῦτο
1053 1054 1158 1098 ἰδών
1183 1054 1205 1097 ὅ
1235 1057 1439 1110 βασιλεύς
1465 1052 1621 1113 ἤρξατο
1651 1057 1754 1100 α’να-

266 1125 474 1176 καινίζειν
502 1121 575 1166 τὸν
608 1122 965 1167 Ουάλεντινιανόν
991 1122 1157 1178 α’γωγὸν
1197 1126 1330 1180 μέχρι
1360 1123 1618 1180 (Ηρακλειόυ
1647 1141 1755 1182 χρη-

127 1199 171 1233 V.
184 1199 253 1244 295
265 1190 517 1248 ματίσαντα,
550 1190 623 1233 καί
649 1190 735 1233 ὑπὸ
764 1193 851 1234 τῶν
877 1191 1073 1247 Ἀράβων
1112 1194 1478 1248 καταστραφέντα,
1506 1192 1754 1246 ἐπιλεξάμε-

264 1275 336 1309 νος
379 1261 427 1301 δὲ
456 1261 503 1302 ὲκ
544 1258 766 1316 διαφόρων
793 1259 936 1301 τόπων
973 1259 1178 1314 τεχνίτας,
1206 1255 1362 1315 ἤγαγεν
1390 1258 1472 1301 οἷπό
1503 1262 1583 1314 μὲν
1603 1257 1754 1310 Ἀσίας

264 1328 339 1369 καί
365 1325 536 1369 Πόντου
564 1317 814 1380 οἰκοδόμους
841 1329 1010 1381 χιλίους
1029 1327 1104 1368 καί
1133 1324 1314 1381 χριστοὶς
1345 1328 1612 1377 διακοσίους·
1671 1325 1754 1369 ἀπὸ

266 1395 314 1437 δὲ
342 1396 416 1450 τῆς
436 1393 638 1443 Ἑλλάδος
670 1396 746 1436 καί
771 1396 857 1437 τῶν
888 1395 1044 1450 νησι’ων
1083 1395 1396 1454 ὀστρακαρίους
1424 1395 1751 1444 πεντακοσίους·

265 1463 311 1515 ἐξ
343 1463 476 1518 αὐτῆς
505 1462 552 1504 δὲ
581 1464 658 1518 τῆς
683 1459 855 1521 Θρᾴκης
888 1464 1047 1518 όπέρας
1072 1464 1439 1518 πεντακισχιλίους
1468 1462 1542 1505 καί
1568 1479 1751 1521 κεραμο-

366 1623 396 1645 1.
422 1609 568 1647 τούτων
592 1610 634 1654 A,
658 1610 791 1647 τούτου
815 1611 912 1655 vulg.
1033 1612 1066 1656 4.
1099 1613 1281 1660 Ταρασίω
1318 1610 1370 1659 τῶ
1395 1611 1478 1644 add.
1506 1622 1551 1645 ex
1576 1612 1617 1646 A.
1717 1615 1750 1648 5.

364 1659 415 1699 ὥς
439 1658 548 1700 ἄξιον
572 1660 599 1693 Α
625 1671 657 1693 a.
778 1660 814 1693 6.
840 1658 907 1695 τοῦ
929 1657 1014 1692 add.
1043 1670 1088 1693 ex
1111 1661 1153 1694 A.
1278 1660 1313 1694 8.
1345 1646 1371 1695 ὁ
1399 1653 1475 1696 ἀπὸ
1500 1660 1585 1695 Σκλ.
1615 1671 1684 1694 om
1709 1661 1749 1694 A.

369 1719 421 1741 12.
449 1707 493 1744 οὐ
524 1702 600 1756 μὴν
627 1707 668 1743 δὲ
693 1708 733 1750 A,
759 1706 803 1744 οὐ
829 1708 906 1755 μήν
933 1718 972 1742 τε
996 1707 1094 1752 vulg.
1191 1709 1241 1754 14.
1270 1708 1337 1744 τοῦ
1364 1707 1684 1744 Οὐαλεντινιανοῦ
1709 1712 1750 1743 A.

368 1757 422 1789 15·
464 1757 599 1797 ἐπιλεξ.
627 1756 669 1792 δὲ
699 1758 746 1799 A,
784 1754 974 1804 διαλεξάμ.
1008 1756 1107 1802 vulg.
1234 1757 1287 1791 18.
1314 1756 1391 1794 τῶν
1414 1759 1560 1802 νησίων
1583 1759 1612 1791 Α
1636 1757 1662 1799 f,
1688 1756 1754 1801 νή-

365 1814 446 1841 σων
470 1805 567 1851 vulg.

267 1925 582 1963 consecraverunt,
606 1932 685 1955 cum
713 1920 919 1967 arguendae
941 1920 1172 1956 Constantini
1205 1922 1313 1955 unius
1347 1921 1527 1968 impietati
1553 1925 1630 1956 tum
1654 1921 1752 1954 alte-

266 1971 342 2003 rius
368 1970 406 2002 in
430 1969 537 2003 deum
567 1970 754 2014 religionis
784 1969 1087 2004 demonstrandae
1115 1970 1394 2004 monimentum.
1445 1970 1516 2003 hoc
1545 1981 1654 2014 porro
1679 1970 1750 2002 mi—

266 2017 421 2051 randum
447 2024 485 2052 et
509 2018 625 2051 relatu
653 2018 802 2063 dignum
831 2023 1041 2063 portentum
1069 2029 1089 2051 a
1115 2024 1230 2052 morte
1256 2019 1389 2051 nefarii
1420 2018 1525 2052 istius
1551 2019 1751 2063 imperato-

267 2066 316 2098 ris
345 2065 436 2098 circa
463 2077 578 2099 annos
607 2065 698 2099 duos
723 2071 760 2100 et
781 2066 912 2111 viginti
941 2078 1013 2100 una
1041 2078 1121 2100 cum
1146 2066 1384 2112 pientissimis
1409 2065 1689 2111 imperatoribus
1713 2071 1752 2099 et

270 2113 437 2153 Tarasio‚
465 2114 691 2147 sanctissimo
721 2113 939 2159 patriarcha,
964 2127 1029 2148 nos
1053 2115 1123 2160 ipsi
1146 2114 1412 2160 conspeximus,
1438 2119 1475 2147 et
1499 2114 1662 2159 quamvis
1690 2113 1751 2147 in-

267 2160 382 2206 digni,
409 2172 451 2194 ea
477 2166 600 2194 tamen
628 2163 741 2205 gratia
764 2173 784 2194 a
811 2162 880 2196 deo
907 2163 1094 2204 cumulati,
1129 2161 1225 2196 illud
1249 2162 1411 2195 venerati
1442 2173 1575 2196 sumus.
1628 2167 1751 2195 caete-

266 2220 345 2242 rum
369 2209 504 2242 mensis
531 2210 748 2243 Novembris
775 2209 833 2243 die
860 2209 1000 2244 decimo
1026 2216 1128 2247 sexto
1167 2209 1327 2244 eiusdem
1357 2210 1509 2256 quintae
1537 2209 1751 2244 indictionis

266 2257 428 2297 Nicetas‚
456 2268 477 2289 a
513 2257 648 2290 Sclavis
687 2259 864 2302 originem
905 2258 1041 2292 ducens
1080 2258 1282 2299 eunuchus,
1313 2263 1456 2303 praeter
1492 2258 1544 2292 fas
1570 2270 1751 2292 canonum

267 2304 426 2350 Cpoleos
452 2304 658 2350 patriarcha
683 2305 912 2351 imperatoris
953 2307 1122 2352 suffragio
1160 2311 1402 2339 consecratur.
1454 2317 1495 2340 ea
1519 2318 1605 2340 vero
1631 2306 1752 2339 conti-

268 2353 322 2397 git
355 2352 481 2385 imbris
516 2353 694 2398 penuria,
730 2360 771 2386 ut
796 2365 916 2399 neque¹
953 2366 1009 2388 ros
1037 2355 1127 2388 levis
1169 2365 1188 2387 e
1214 2353 1315 2387 caelo
1354 2353 1552 2396 decideret,
1579 2360 1628 2395 et,
1655 2365 1751 2400 aqua

266 2401 376 2446 Cpoli
402 2401 551 2434 omnino
579 2400 799 2442 deficiente,
835 2402 1085 2447 aquaeductus
1115 2407 1152 2436 et
1185 2400 1318 2435 balnea
1351 2413 1395 2435 ex
1425 2403 1568 2448 integro
1596 2413 1752 2436 exarue-

268 2454 364 2489 runt,
396 2459 476 2482 curn
501 2449 599 2494 prius
637 2459 813 2494 aquarum
854 2450 1089 2495 scaturigines
1116 2455 1154 2483 et
1182 2449 1302 2483 fontes
1338 2456 1518 2496 perpetuo
1544 2451 1642 2484 fluxu
1670 2461 1753 2483 cur·

266 2502 389 2530 rentes
424 2497 516 2529 aeris
553 2496 717 2530 siccitate
750 2497 1010 2531 constitissent.
1074 2497 1129 2531 his
1161 2499 1247 2531 visis
1272 2500 1472 2544 imperator
1498 2498 1751 2532 Valentiniani

266 2545 555 2591 aquaeductum,
593 2546 654 2591 qui
684 2556 763 2578 cum
800 2556 915 2600 usque
943 2545 989 2578 ad
1020 2545 1183 2579 Heraclii
1212 2551 1377 2592 tempora
1403 2546 1647 2592 perdurasset,
1673 2552 1750 2579 tum

265 2592 312 2625 ab
341 2592 520 2626 Arabibus
548 2603 692 2626 eversus
719 2593 850 2633 fuerat,
877 2593 1077 2627 instaurare
1105 2594 1254 2639 coepit.
1282 2595 1520 2640 quamobrem
1545 2595 1681 2628 electos
1707 2605 1751 2627 ex

264 2641 373 2674 variis
399 2641 490 2674 locis
515 2641 671 2675 artifices
697 2641 736 2674 in
763 2652 874 2674 unum
895 2641 1056 2686 collegit,
1087 2653 1132 2675 ex
1155 2642 1238 2675 Asia
1265 2641 1416 2689 quidem
1442 2648 1480 2677 et
1503 2643 1618 2677 Ponto
1644 2641 1748 2676 aedi-

264 2688 432 2722 ficatores
460 2688 573 2730 mille,
602 2695 639 2724 et
664 2689 900 2734 laevigatores
928 2689 1118 2729 ducentos,
1144 2702 1163 2723 e
1181 2690 1334 2724 Graecia
1359 2697 1396 2724 et
1413 2690 1664 2724 adiacentibus
1692 2691 1751 2722 in—

264 2736 354 2770 sulis
384 2738 596 2771 ostracarios
631 2738 877 2783 quingentos,
908 2748 953 2770 ex
982 2738 1061 2783 ipsa
1089 2737 1245 2772 Thracia
1275 2749 1469 2784 operarum
1497 2739 1613 2772 millia
1638 2739 1749 2783 quin-

266 2795 338 2832 que
375 2790 412 2819 et
438 2785 567 2830 figulos
605 2784 799 2828 ducentos,
833 2795 1100 2834 proceresque,
1130 2787 1194 2835 qui
1231 2799 1323 2836 opus
1352 2792 1535 2833 urgerent,
1562 2786 1746 2836 praefecit,
