<?xml version="1.0" encoding="UTF-8"?>
<!DOCTYPE html PUBLIC "-//W3C//DTD XHTML 1.0 Transitional//EN"
    "http://www.w3.org/TR/xhtml1/DTD/xhtml1-transitional.dtd">
<html xmlns="http://www.w3.org/1999/xhtml" xml:lang="en" lang="en">
 <head>
  <title>
</title>
<meta http-equiv="Content-Type" content="text/html;charset=utf-8" />
  <meta name='ocr-system' content='tesseract 3.04.00' />
  <meta name='ocr-capabilities' content='ocr_page ocr_carea ocr_par ocr_line ocrx_word'/>
</head>
<body>
  <div class='ocr_page' id='page_1' title='image "./corpusscriptorum46niebuoft_0037.png"; bbox 0 0 1708 3172; ppageno 0'>
   <div class='ocr_carea' id='block_1_1' title="bbox 509 189 1511 236">
    <p class='ocr_par' dir='ltr' id='par_1_1' title="bbox 509 189 1511 236">
     <span class='ocr_line' id='line_1_1' title="bbox 509 189 1511 236; baseline -0.007 0"><span class='ocrx_word' id='word_1_1' title='bbox 509 192 855 236; x_wconf 77' lang='lat' dir='ltr'><strong>THEOPHANis</strong></span> <span class='ocrx_word' id='word_1_2' title='bbox 895 191 1040 234; x_wconf 71' lang='lat' dir='ltr'><strong>Vl&#39;rA.</strong></span> <span class='ocrx_word' id='word_1_3' title='bbox 1359 225 1367 232; x_wconf 89' lang='lat'><strong>.</strong></span> <span class='ocrx_word' id='word_1_4' title='bbox 1380 189 1511 230; x_wconf 75' lang='lat' dir='ltr'>XXXI</span> 
     </span>
    </p>
   </div>
   <div class='ocr_carea' id='block_1_2' title="bbox 0 289 1523 1759">
    <p class='ocr_par' dir='ltr' id='par_1_2' title="bbox 0 289 1523 1759">
     <span class='ocr_line' id='line_1_2' title="bbox 46 289 1516 349; baseline -0.007 -7"><span class='ocrx_word' id='word_1_5' title='bbox 46 296 173 342; x_wconf 84' lang='grc' dir='ltr'><strong><em>λάσαι</em></strong></span> <span class='ocrx_word' id='word_1_6' title='bbox 203 296 279 345; x_wconf 69' lang='grc' dir='ltr'><strong><em>τάν</em></strong></span> <span class='ocrx_word' id='word_1_7' title='bbox 316 294 510 338; x_wconf 73' lang='grc' dir='ltr'><strong><em>κλύδωνα</em></strong></span> <span class='ocrx_word' id='word_1_8' title='bbox 550 297 624 337; x_wconf 83' lang='grc' dir='ltr'><strong><em>καί</em></strong></span> <span class='ocrx_word' id='word_1_9' title='bbox 659 294 713 337; x_wconf 79' lang='grc' dir='ltr'><strong><em>τὰ</em></strong></span> <span class='ocrx_word' id='word_1_10' title='bbox 740 296 853 336; x_wconf 76' lang='grc' dir='ltr'><strong><em>νῶτα</em></strong></span> <span class='ocrx_word' id='word_1_11' title='bbox 888 292 988 349; x_wconf 79' lang='grc' dir='ltr'><strong><em>ἡμῖν</em></strong></span> <span class='ocrx_word' id='word_1_12' title='bbox 1032 292 1291 348; x_wconf 77' lang='grc' dir='ltr'><strong><em>ὖφαπλῶσαι</em></strong></span> <span class='ocrx_word' id='word_1_13' title='bbox 1320 289 1516 345; x_wconf 76' lang='grc' dir='ltr'><strong><em>γαλήνια,</em></strong></span> 
     </span>
     <span class='ocr_line' id='line_1_3' title="bbox 47 350 1516 420; baseline -0.007 -12"><span class='ocrx_word' id='word_1_14' title='bbox 47 367 116 409; x_wconf 80' lang='grc' dir='ltr'><strong><em>ἵνα</em></strong></span> <span class='ocrx_word' id='word_1_15' title='bbox 156 363 234 420; x_wconf 73' lang='grc' dir='ltr'><strong><em>τὴν</em></strong></span> <span class='ocrx_word' id='word_1_16' title='bbox 277 361 418 406; x_wconf 80' lang='grc' dir='ltr'><strong><em>οἴκαδε</em></strong></span> <span class='ocrx_word' id='word_1_17' title='bbox 461 364 637 415; x_wconf 76' lang='grc' dir='ltr'><strong><em>πορείαν</em></strong></span> <span class='ocrx_word' id='word_1_18' title='bbox 678 360 817 416; x_wconf 76' lang='grc' dir='ltr'><strong><em>ἤρε’μα</em></strong></span> <span class='ocrx_word' id='word_1_19' title='bbox 858 357 1127 414; x_wconf 81' lang='grc' dir='ltr'><em>ποιήσωμαι·</em></span> <span class='ocrx_word' id='word_1_20' title='bbox 1187 357 1272 399; x_wconf 80' lang='grc' dir='ltr'><strong><em>’καί</em></strong></span> <span class='ocrx_word' id='word_1_21' title='bbox 1300 350 1516 409; x_wconf 79' lang='grc' dir='ltr'><strong><em>θᾶττονῆ</em></strong></span> 
     </span>
     <span class='ocr_line' id='line_1_4' title="bbox 47 421 1518 487; baseline -0.007 -13"><span class='ocrx_word' id='word_1_22' title='bbox 47 431 165 487; x_wconf 77' lang='grc' dir='ltr'><strong><em>λόγος</em></strong></span> <span class='ocrx_word' id='word_1_23' title='bbox 191 432 476 482; x_wconf 65' lang='grc' dir='ltr'><strong><em>ἐπακολουθεῖ</em></strong></span> <span class='ocrx_word' id='word_1_24' title='bbox 500 429 563 470; x_wconf 60' lang='grc' dir='ltr'><strong><em>τὰ</em></strong></span> <span class='ocrx_word' id='word_1_25' title='bbox 583 427 729 483; x_wconf 76' lang='grc' dir='ltr'><strong><em>ἔργον,</em></strong></span> <span class='ocrx_word' id='word_1_26' title='bbox 757 427 830 470; x_wconf 88' lang='grc' dir='ltr'><strong><em>τὸν</em></strong></span> <span class='ocrx_word' id='word_1_27' title='bbox 863 425 1054 479; x_wconf 76' lang='grc' dir='ltr'><strong><em>Χριστόν</em></strong></span> <span class='ocrx_word' id='word_1_28' title='bbox 1081 425 1156 467; x_wconf 82' lang='grc' dir='ltr'><strong><em>καί</em></strong></span> <span class='ocrx_word' id='word_1_29' title='bbox 1181 421 1284 466; x_wconf 77' lang='grc' dir='ltr'><strong><em>θεὸν</em></strong></span> <span class='ocrx_word' id='word_1_30' title='bbox 1314 423 1432 478; x_wconf 70' lang='grc' dir='ltr'><strong><em>ἡμῶν</em></strong></span> <span class='ocrx_word' id='word_1_31' title='bbox 1462 421 1518 474; x_wconf 78' lang='grc' dir='ltr'><strong><em>ὥς</em></strong></span> 
     </span>
     <span class='ocr_line' id='line_1_5' title="bbox 48 492 1519 555; baseline -0.007 -14"><span class='ocrx_word' id='word_1_32' title='bbox 48 502 93 541; x_wconf 83' lang='grc' dir='ltr'><strong><em>ἐν</em></strong></span> <span class='ocrx_word' id='word_1_33' title='bbox 122 500 228 539; x_wconf 81' lang='grc' dir='ltr'><strong><em>πᾶσι</em></strong></span> <span class='ocrx_word' id='word_1_34' title='bbox 255 493 333 555; x_wconf 66' lang='grc' dir='ltr'><strong><em>κᾷν</em></strong></span> <span class='ocrx_word' id='word_1_35' title='bbox 357 494 492 554; x_wconf 79' lang='grc' dir='ltr'><strong><em>τούτῳ</em></strong></span> <span class='ocrx_word' id='word_1_36' title='bbox 521 495 726 536; x_wconf 76' lang='grc' dir='ltr'><strong><em>δεικνύων</em></strong></span> <span class='ocrx_word' id='word_1_37' title='bbox 764 496 1099 548; x_wconf 74' lang='grc' dir='ltr'><strong><em>ἐπαληθειῖοντα,</em></strong></span> <span class='ocrx_word' id='word_1_38' title='bbox 1126 492 1300 545; x_wconf 83' lang='grc' dir='ltr'><strong><em>μείζονα</em></strong></span> <span class='ocrx_word' id='word_1_39' title='bbox 1329 492 1519 543; x_wconf 72' lang='grc' dir='ltr'><strong><em>ποιῆσειν</em></strong></span> 
     </span>
     <span class='ocr_line' id='line_1_6' title="bbox 9 556 1517 619; baseline -0.007 -10"><span class='ocrx_word' id='word_1_40' title='bbox 9 564 145 615; x_wconf 82' lang='grc' dir='ltr'><strong><em>5τοὺς</em></strong></span> <span class='ocrx_word' id='word_1_41' title='bbox 174 566 351 614; x_wconf 77' lang='grc' dir='ltr'><strong><em>οἰκείους</em></strong></span> <span class='ocrx_word' id='word_1_42' title='bbox 394 560 659 619; x_wconf 74' lang='grc' dir='ltr'><strong><em>θεράποντας</em></strong></span> <span class='ocrx_word' id='word_1_43' title='bbox 697 565 774 603; x_wconf 85' lang='grc' dir='ltr'><strong><em>τοῦ</em></strong></span> <span class='ocrx_word' id='word_1_44' title='bbox 803 563 915 603; x_wconf 84' lang='grc' dir='ltr'><strong><em>ἰδίου</em></strong></span> <span class='ocrx_word' id='word_1_45' title='bbox 960 558 1168 603; x_wconf 81' lang='grc' dir='ltr'><strong><em>δεσπότου</em></strong></span> <span class='ocrx_word' id='word_1_46' title='bbox 1199 556 1517 611; x_wconf 87' lang='grc' dir='ltr'><strong><em>διατεινόμενον.</em></strong></span> 
     </span>
     <span class='ocr_line' id='line_1_7' title="bbox 46 624 1518 683; baseline -0.007 -8"><span class='ocrx_word' id='word_1_47' title='bbox 46 635 151 675; x_wconf 78' lang='grc' dir='ltr'><strong><em>πᾶσι</em></strong></span> <span class='ocrx_word' id='word_1_48' title='bbox 180 633 228 674; x_wconf 85' lang='grc' dir='ltr'><strong><em>δὲ</em></strong></span> <span class='ocrx_word' id='word_1_49' title='bbox 254 636 343 680; x_wconf 89' lang='grc' dir='ltr'><strong><em>τοῖς</em></strong></span> <span class='ocrx_word' id='word_1_50' title='bbox 370 625 511 679; x_wconf 66' lang='grc' dir='ltr'><strong><em>ἄλλοις</em></strong></span> <span class='ocrx_word' id='word_1_51' title='bbox 531 627 802 682; x_wconf 76' lang='grc' dir='ltr'><strong><em>λαμπόμενος</em></strong></span> <span class='ocrx_word' id='word_1_52' title='bbox 828 627 1149 683; x_wconf 74' lang='grc' dir='ltr'><strong><em>κατορθώμασι,</em></strong></span> <span class='ocrx_word' id='word_1_53' title='bbox 1178 629 1253 680; x_wconf 71' lang='grc' dir='ltr'><strong><em>τῆς</em></strong></span> <span class='ocrx_word' id='word_1_54' title='bbox 1281 627 1367 666; x_wconf 77' lang='grc' dir='ltr'><strong><em>ταῖν</em></strong></span> <span class='ocrx_word' id='word_1_55' title='bbox 1387 624 1518 680; x_wconf 65' lang='grc' dir='ltr'><strong><em>πενή-</em></strong></span> 
     </span>
     <span class='ocr_line' id='line_1_8' title="bbox 46 691 1519 752; baseline -0.006 -10"><span class='ocrx_word' id='word_1_56' title='bbox 46 716 131 742; x_wconf 86' lang='grc' dir='ltr'><strong><em>των</em></strong></span> <span class='ocrx_word' id='word_1_57' title='bbox 157 701 398 752; x_wconf 77' lang='grc' dir='ltr'><strong><em>ἐπιμελείας</em></strong></span> <span class='ocrx_word' id='word_1_58' title='bbox 422 696 593 739; x_wconf 85' lang='grc' dir='ltr'><strong><em>πλείονα</em></strong></span> <span class='ocrx_word' id='word_1_59' title='bbox 621 697 826 751; x_wconf 79' lang='grc' dir='ltr'><strong><em>φροντίδα</em></strong></span> <span class='ocrx_word' id='word_1_60' title='bbox 856 698 939 737; x_wconf 76' lang='grc' dir='ltr'><strong><em>τῶν</em></strong></span> <span class='ocrx_word' id='word_1_61' title='bbox 970 691 1111 737; x_wconf 77' lang='grc' dir='ltr'><strong><em>ἄλλων</em></strong></span> <span class='ocrx_word' id='word_1_62' title='bbox 1141 696 1327 736; x_wconf 75' lang='grc' dir='ltr'><strong><em>ἐτίθετο·</em></strong></span> <span class='ocrx_word' id='word_1_63' title='bbox 1386 696 1519 747; x_wconf 89' lang='grc' dir='ltr'><strong><em>φιλα-</em></strong></span> 
     </span>
     <span class='ocr_line' id='line_1_9' title="bbox 47 757 1519 824; baseline -0.005 -16"><span class='ocrx_word' id='word_1_64' title='bbox 47 769 200 824; x_wconf 75' lang='grc' dir='ltr'><strong><em>δελφίᾳ</em></strong></span> <span class='ocrx_word' id='word_1_65' title='bbox 227 766 275 808; x_wconf 83' lang='grc' dir='ltr'><strong><em>δὲ</em></strong></span> <span class='ocrx_word' id='word_1_66' title='bbox 303 766 478 821; x_wconf 81' lang='grc' dir='ltr'><strong><em>πλείστῃ</em></strong></span> <span class='ocrx_word' id='word_1_67' title='bbox 495 765 579 805; x_wconf 79' lang='grc' dir='ltr'><strong><em>τῶν</em></strong></span> <span class='ocrx_word' id='word_1_68' title='bbox 600 759 739 805; x_wconf 76' lang='grc' dir='ltr'><strong><em>ἄλλων</em></strong></span> <span class='ocrx_word' id='word_1_69' title='bbox 757 759 1054 816; x_wconf 75' lang='grc' dir='ltr'><strong><em>κοσμούμενος,</em></strong></span> <span class='ocrx_word' id='word_1_70' title='bbox 1078 761 1151 804; x_wconf 87' lang='grc' dir='ltr'><strong><em>τὸν</em></strong></span> <span class='ocrx_word' id='word_1_71' title='bbox 1171 763 1215 811; x_wconf 79' lang='grc' dir='ltr'><strong><em>ἐξ</em></strong></span> <span class='ocrx_word' id='word_1_72' title='bbox 1240 761 1374 815; x_wconf 74' lang='grc' dir='ltr'><strong><em>αὕτῆς</em></strong></span> <span class='ocrx_word' id='word_1_73' title='bbox 1403 757 1519 817; x_wconf 76' lang='grc' dir='ltr'><strong><em>φυό-</em></strong></span> 
     </span>
     <span class='ocr_line' id='line_1_10' title="bbox 47 827 1517 887; baseline -0.004 -13"><span class='ocrx_word' id='word_1_74' title='bbox 47 849 175 886; x_wconf 85' lang='grc' dir='ltr'><strong><em>μενον</em></strong></span> <span class='ocrx_word' id='word_1_75' title='bbox 206 830 321 874; x_wconf 79' lang='grc' dir='ltr'><strong><em>ἔλεον</em></strong></span> <span class='ocrx_word' id='word_1_76' title='bbox 357 830 644 887; x_wconf 79' lang='grc' dir='ltr'><strong><em>διαφερόντως</em></strong></span> <span class='ocrx_word' id='word_1_77' title='bbox 690 827 909 885; x_wconf 73' lang='grc' dir='ltr'><strong><em>ἠσπάζετο.</em></strong></span> <span class='ocrx_word' id='word_1_78' title='bbox 978 832 1050 871; x_wconf 83' lang='grc' dir='ltr'><em>καί</em></span> <span class='ocrx_word' id='word_1_79' title='bbox 1087 827 1139 883; x_wconf 81' lang='grc' dir='ltr'><strong><em>δὴ</em></strong></span> <span class='ocrx_word' id='word_1_80' title='bbox 1176 835 1265 878; x_wconf 88' lang='grc' dir='ltr'><strong><em>τοῖς</em></strong></span> <span class='ocrx_word' id='word_1_81' title='bbox 1293 829 1517 883; x_wconf 80' lang='grc' dir='ltr'><strong><em>προσιοῦσι</em></strong></span> 
     </span>
     <span class='ocr_line' id='line_1_11' title="bbox 0 894 1518 955; baseline -0.004 -13"><span class='ocrx_word' id='word_1_82' title='bbox 0 917 36 944; x_wconf 66' lang='grc' dir='ltr'><strong><em>το</em></strong></span> <span class='ocrx_word' id='word_1_83' title='bbox 46 905 174 955; x_wconf 81' lang='grc' dir='ltr'><strong><em>χεῖρα</em></strong></span> <span class='ocrx_word' id='word_1_84' title='bbox 202 898 363 953; x_wconf 77' lang='grc' dir='ltr'><strong><em>κιχρῶν</em></strong></span> <span class='ocrx_word' id='word_1_85' title='bbox 391 897 611 953; x_wconf 81' lang='grc' dir='ltr'><strong><em>σωτήριον,</em></strong></span> <span class='ocrx_word' id='word_1_86' title='bbox 639 898 750 953; x_wconf 83' lang='grc' dir='ltr'><strong><em>μησί</em></strong></span> <span class='ocrx_word' id='word_1_87' title='bbox 772 899 972 952; x_wconf 82' lang='grc' dir='ltr'><strong><em>τέσσαρσι</em></strong></span> <span class='ocrx_word' id='word_1_88' title='bbox 999 895 1072 938; x_wconf 83' lang='grc' dir='ltr'><strong><em>τὸν</em></strong></span> <span class='ocrx_word' id='word_1_89' title='bbox 1102 894 1315 951; x_wconf 87' lang='grc' dir='ltr'><strong><em>προσόντα</em></strong></span> <span class='ocrx_word' id='word_1_90' title='bbox 1337 897 1389 953; x_wconf 80' lang='grc' dir='ltr'><strong><em>τῇ</em></strong></span> <span class='ocrx_word' id='word_1_91' title='bbox 1413 896 1518 951; x_wconf 82' lang='grc' dir='ltr'><strong><em>μονῇ</em></strong></span> 
     </span>
     <span class='ocr_line' id='line_1_12' title="bbox 48 961 1517 1022; baseline -0.005 -13"><span class='ocrx_word' id='word_1_92' title='bbox 48 972 172 1022; x_wconf 81' lang='grc' dir='ltr'><strong><em>σῖτον,</em></strong></span> <span class='ocrx_word' id='word_1_93' title='bbox 199 967 310 1021; x_wconf 72' lang='grc' dir='ltr'><strong><em>μηδὲ</em></strong></span> <span class='ocrx_word' id='word_1_94' title='bbox 335 971 421 1015; x_wconf 89' lang='grc' dir='ltr'><strong><em>τοῖς</em></strong></span> <span class='ocrx_word' id='word_1_95' title='bbox 448 962 555 1008; x_wconf 83' lang='grc' dir='ltr'><strong><em>οἴκοι</em></strong></span> <span class='ocrx_word' id='word_1_96' title='bbox 590 965 824 1018; x_wconf 85' lang='grc' dir='ltr'><strong><em>δυνάμει·ον</em></strong></span> <span class='ocrx_word' id='word_1_97' title='bbox 861 965 1061 1019; x_wconf 79' lang='grc' dir='ltr'><strong><em>ἐπαρκεῖν</em></strong></span> <span class='ocrx_word' id='word_1_98' title='bbox 1092 964 1284 1020; x_wconf 80' lang='grc' dir='ltr'><strong><em>α’φειδῶς</em></strong></span> <span class='ocrx_word' id='word_1_99' title='bbox 1311 961 1517 1019; x_wconf 78' lang='grc' dir='ltr'><strong><em>ἐξεφόρει.</em></strong></span> 
     </span>
     <span class='ocr_line' id='line_1_13' title="bbox 49 1030 1520 1089; baseline -0.004 -13"><span class='ocrx_word' id='word_1_100' title='bbox 49 1036 128 1077; x_wconf 76' lang='grc' dir='ltr'><strong><em>τοῦ</em></strong></span> <span class='ocrx_word' id='word_1_101' title='bbox 156 1035 204 1076; x_wconf 80' lang='grc' dir='ltr'><strong><em>δὲ</em></strong></span> <span class='ocrx_word' id='word_1_102' title='bbox 231 1032 309 1089; x_wconf 78' lang='grc' dir='ltr'><strong><em>τὴν</em></strong></span> <span class='ocrx_word' id='word_1_103' title='bbox 337 1034 553 1074; x_wconf 78' lang='grc' dir='ltr'><strong><em>διακονίαν</em></strong></span> <span class='ocrx_word' id='word_1_104' title='bbox 569 1032 787 1080; x_wconf 84' lang='grc' dir='ltr'><strong><em>διέποντος</em></strong></span> <span class='ocrx_word' id='word_1_105' title='bbox 810 1032 885 1073; x_wconf 76' lang='grc' dir='ltr'><strong><em>ἐπί</em></strong></span> <span class='ocrx_word' id='word_1_106' title='bbox 899 1032 1034 1089; x_wconf 79' lang='grc' dir='ltr'><strong><em>τούτῳ</em></strong></span> <span class='ocrx_word' id='word_1_107' title='bbox 1054 1030 1420 1085; x_wconf 78' lang='grc' dir='ltr'><strong><em>δυσχεραίνοντος,</em></strong></span> <span class='ocrx_word' id='word_1_108' title='bbox 1449 1032 1520 1070; x_wconf 78' lang='grc' dir='ltr'><strong><em>καί</em></strong></span> 
     </span>
     <span class='ocr_line' id='line_1_14' title="bbox 47 1095 1518 1156; baseline -0.005 -13"><span class='ocrx_word' id='word_1_109' title='bbox 47 1102 158 1156; x_wconf 80' lang='grc' dir='ltr'><strong><em>μηδὲ</em></strong></span> <span class='ocrx_word' id='word_1_110' title='bbox 195 1106 282 1150; x_wconf 80' lang='grc' dir='ltr'><strong><em>τοῖς</em></strong></span> <span class='ocrx_word' id='word_1_111' title='bbox 334 1097 439 1143; x_wconf 80' lang='grc' dir='ltr'><strong><em>οἴκοι</em></strong></span> <span class='ocrx_word' id='word_1_112' title='bbox 485 1095 721 1152; x_wconf 76' lang='grc' dir='ltr'><strong><em>δυνάμενον</em></strong></span> <span class='ocrx_word' id='word_1_113' title='bbox 773 1100 963 1153; x_wconf 80' lang='grc' dir='ltr'><strong><em>διαρκεῖν</em></strong></span> <span class='ocrx_word' id='word_1_114' title='bbox 1018 1099 1169 1140; x_wconf 82' lang='grc' dir='ltr'><strong><em>τοῦτον</em></strong></span> <span class='ocrx_word' id='word_1_115' title='bbox 1211 1098 1518 1150; x_wconf 75' lang='grc' dir='ltr'><strong><em>ε’πομνυμένου,</em></strong></span> 
     </span>
     <span class='ocr_line' id='line_1_15' title="bbox 47 1163 1520 1226; baseline -0.004 -17"><span class='ocrx_word' id='word_1_116' title='bbox 47 1170 203 1226; x_wconf 79' lang='grc' dir='ltr'><strong><em>πραείᾳ</em></strong></span> <span class='ocrx_word' id='word_1_117' title='bbox 232 1169 356 1224; x_wconf 81' lang='grc' dir='ltr'><strong><em>φωνῇ’</em></strong></span> <span class='ocrx_word' id='word_1_118' title='bbox 381 1164 455 1208; x_wconf 80' lang='grc' dir='ltr'><strong><em>τὸν</em></strong></span> <span class='ocrx_word' id='word_1_119' title='bbox 482 1171 600 1208; x_wconf 89' lang='grc' dir='ltr'><strong><em>σῖτον</em></strong></span> <span class='ocrx_word' id='word_1_120' title='bbox 628 1165 870 1220; x_wconf 78' lang='grc' dir='ltr'><strong><em>ἀριθμῆσαι</em></strong></span> <span class='ocrx_word' id='word_1_121' title='bbox 899 1163 1205 1207; x_wconf 76' lang='grc' dir='ltr'><strong><em>διακελεύεται.</em></strong></span> <span class='ocrx_word' id='word_1_122' title='bbox 1262 1163 1284 1205; x_wconf 79' lang='grc' dir='ltr'><em>ὃ</em></span> <span class='ocrx_word' id='word_1_123' title='bbox 1316 1166 1363 1206; x_wconf 85' lang='grc' dir='ltr'><strong><em>δὲ</em></strong></span> <span class='ocrx_word' id='word_1_124' title='bbox 1390 1166 1520 1205; x_wconf 76' lang='grc' dir='ltr'><strong><em>τοῦτο</em></strong></span> 
     </span>
     <span class='ocr_line' id='line_1_16' title="bbox 0 1227 1521 1290; baseline -0.005 -12"><span class='ocrx_word' id='word_1_125' title='bbox 0 1239 36 1280; x_wconf 81' lang='grc'><strong><em>[5</em></strong></span> <span class='ocrx_word' id='word_1_126' title='bbox 50 1233 413 1290; x_wconf 79' lang='grc' dir='ltr'><strong><em>διαπραξάμενος,</em></strong></span> <span class='ocrx_word' id='word_1_127' title='bbox 444 1227 570 1288; x_wconf 76' lang='grc' dir='ltr'><strong><em>εὗρεν</em></strong></span> <span class='ocrx_word' id='word_1_128' title='bbox 597 1232 655 1281; x_wconf 75' lang='grc' dir='ltr'><strong><em>ὥς</em></strong></span> <span class='ocrx_word' id='word_1_129' title='bbox 693 1230 773 1287; x_wconf 79' lang='grc' dir='ltr'><strong><em>πρὸ</em></strong></span> <span class='ocrx_word' id='word_1_130' title='bbox 802 1234 879 1288; x_wconf 79' lang='grc' dir='ltr'><strong><em>τῆς</em></strong></span> <span class='ocrx_word' id='word_1_131' title='bbox 909 1231 1163 1286; x_wconf 84' lang='grc' dir='ltr'><strong><em>διαδόσεως,</em></strong></span> <span class='ocrx_word' id='word_1_132' title='bbox 1190 1230 1373 1286; x_wconf 81' lang='grc' dir='ltr'><strong><em>μηδενὸς</em></strong></span> <span class='ocrx_word' id='word_1_133' title='bbox 1398 1230 1521 1283; x_wconf 79' lang='grc' dir='ltr'><strong><em>μεδί-</em></strong></span> 
     </span>
     <span class='ocr_line' id='line_1_17' title="bbox 47 1296 1523 1356; baseline -0.004 -13"><span class='ocrx_word' id='word_1_134' title='bbox 47 1317 155 1355; x_wconf 87' lang='grc' dir='ltr'><strong><em>μνου</em></strong></span> <span class='ocrx_word' id='word_1_135' title='bbox 182 1299 227 1343; x_wconf 82' lang='grc' dir='ltr'>τό</span> <span class='ocrx_word' id='word_1_136' title='bbox 261 1299 440 1343; x_wconf 87' lang='grc' dir='ltr'><strong><em>συνόλον</em></strong></span> <span class='ocrx_word' id='word_1_137' title='bbox 468 1300 778 1351; x_wconf 78' lang='grc' dir='ltr'><strong><em>ἐπιλείψαντος.</em></strong></span> <span class='ocrx_word' id='word_1_138' title='bbox 854 1297 963 1341; x_wconf 62' lang='lat' dir='ltr'><strong><em>dua*</em></strong></span> <span class='ocrx_word' id='word_1_139' title='bbox 993 1298 1074 1353; x_wconf 82' lang='grc' dir='ltr'><strong><em>γάρ</em></strong></span> <span class='ocrx_word' id='word_1_140' title='bbox 1107 1297 1209 1356; x_wconf 74' lang='grc' dir='ltr'><strong><em>ῥᾷον</em></strong></span> <span class='ocrx_word' id='word_1_141' title='bbox 1241 1296 1408 1350; x_wconf 71' lang='grc' dir='ltr'><strong><em>κύματα</em></strong></span> <span class='ocrx_word' id='word_1_142' title='bbox 1436 1300 1523 1338; x_wconf 77' lang='grc' dir='ltr'><strong><em>θα-</em></strong></span> 
     </span>
     <span class='ocr_line' id='line_1_18' title="bbox 48 1361 1520 1423; baseline -0.004 -13"><span class='ocrx_word' id='word_1_143' title='bbox 48 1369 200 1423; x_wconf 81' lang='grc' dir='ltr'><strong><em>λάττης</em></strong></span> <span class='ocrx_word' id='word_1_144' title='bbox 229 1369 487 1422; x_wconf 72' lang='grc' dir='ltr'><strong><em>ἐξαριθμεῖν,</em></strong></span> <span class='ocrx_word' id='word_1_145' title='bbox 511 1363 546 1420; x_wconf 73' lang='grc' dir='ltr'><em>ἢ</em></span> <span class='ocrx_word' id='word_1_146' title='bbox 575 1365 728 1422; x_wconf 80' lang='grc' dir='ltr'><strong><em>κοτύλῃ</em></strong></span> <span class='ocrx_word' id='word_1_147' title='bbox 750 1369 928 1421; x_wconf 77' lang='grc' dir='ltr'><strong><em>πέλαγος</em></strong></span> <span class='ocrx_word' id='word_1_148' title='bbox 948 1368 1175 1419; x_wconf 81' lang='grc' dir='ltr'><strong><em>ἐκμετρεῖν,</em></strong></span> <span class='ocrx_word' id='word_1_149' title='bbox 1204 1361 1234 1419; x_wconf 78' lang='grc' dir='ltr'><em>ἢ</em></span> <span class='ocrx_word' id='word_1_150' title='bbox 1254 1363 1332 1413; x_wconf 73' lang='grc' dir='ltr'><strong><em>τὰς</em></strong></span> <span class='ocrx_word' id='word_1_151' title='bbox 1361 1365 1520 1406; x_wconf 81' lang='grc' dir='ltr'><strong><em>ἐκείνου</em></strong></span> 
     </span>
     <span class='ocr_line' id='line_1_19' title="bbox 46 1429 1519 1490; baseline -0.003 -13"><span class='ocrx_word' id='word_1_152' title='bbox 46 1437 131 1478; x_wconf 78' lang='grc' dir='ltr'><strong><em>τῶν</em></strong></span> <span class='ocrx_word' id='word_1_153' title='bbox 155 1435 390 1488; x_wconf 72' lang='grc' dir='ltr'><strong><em>θαυμάτων</em></strong></span> <span class='ocrx_word' id='word_1_154' title='bbox 420 1433 606 1490; x_wconf 87' lang='grc' dir='ltr'><strong><em>νιφάδας</em></strong></span> <span class='ocrx_word' id='word_1_155' title='bbox 634 1434 852 1488; x_wconf 80' lang='grc' dir='ltr'><strong><em>ἐγκωμίων</em></strong></span> <span class='ocrx_word' id='word_1_156' title='bbox 879 1432 1018 1488; x_wconf 78' lang='grc' dir='ltr'><strong><em>λόγοις</em></strong></span> <span class='ocrx_word' id='word_1_157' title='bbox 1054 1436 1316 1485; x_wconf 73' lang='grc' dir='ltr'><strong><em>περιλαβεῖν.</em></strong></span> <span class='ocrx_word' id='word_1_158' title='bbox 1373 1429 1519 1485; x_wconf 73' lang='grc' dir='ltr'><strong><em>διόπερ</em></strong></span> 
     </span>
     <span class='ocr_line' id='line_1_20' title="bbox 51 1495 1522 1558; baseline -0.003 -14"><span class='ocrx_word' id='word_1_159' title='bbox 51 1497 196 1551; x_wconf 67' lang='grc' dir='ltr'><strong><em>ἄλλοις</em></strong></span> <span class='ocrx_word' id='word_1_160' title='bbox 235 1498 368 1551; x_wconf 77' lang='grc' dir='ltr'><strong><em>ἄλλας</em></strong></span> <span class='ocrx_word' id='word_1_161' title='bbox 399 1499 627 1558; x_wconf 80' lang='grc' dir='ltr'><strong><em>ε’κφράζειν</em></strong></span> <span class='ocrx_word' id='word_1_162' title='bbox 656 1495 807 1557; x_wconf 81' lang='grc' dir='ltr'><strong><em>άφείς,</em></strong></span> <span class='ocrx_word' id='word_1_163' title='bbox 839 1500 912 1543; x_wconf 80' lang='grc' dir='ltr'><strong><em>ἐπί</em></strong></span> <span class='ocrx_word' id='word_1_164' title='bbox 945 1500 996 1543; x_wconf 83' lang='grc' dir='ltr'><strong><em>τά</em></strong></span> <span class='ocrx_word' id='word_1_165' title='bbox 1027 1497 1263 1556; x_wconf 75' lang='grc' dir='ltr'><strong><em>κυριώτερα</em></strong></span> <span class='ocrx_word' id='word_1_166' title='bbox 1292 1500 1368 1541; x_wconf 84' lang='grc' dir='ltr'><strong><em>τοῦ</em></strong></span> <span class='ocrx_word' id='word_1_167' title='bbox 1396 1497 1522 1554; x_wconf 81' lang='grc' dir='ltr'><strong><em>λόγου</em></strong></span> 
     </span>
     <span class='ocr_line' id='line_1_21' title="bbox 0 1568 376 1624; baseline -0.005 -12"><span class='ocrx_word' id='word_1_168' title='bbox 0 1585 39 1612; x_wconf 87' lang='grc' dir='ltr'><strong><em>ιο</em></strong></span> <span class='ocrx_word' id='word_1_169' title='bbox 51 1568 376 1624; x_wconf 69' lang='grc' dir='ltr'><strong><em>μετελεύσομαι.</em></strong></span> 
     </span>
     <span class='ocr_line' id='line_1_22' title="bbox 162 1630 1519 1691; baseline -0.003 -13"><span class='ocrx_word' id='word_1_170' title='bbox 162 1636 286 1679; x_wconf 63' lang='lat' dir='ltr'><strong><em>flam</em></strong></span> <span class='ocrx_word' id='word_1_171' title='bbox 314 1638 394 1687; x_wconf 79' lang='grc' dir='ltr'><strong><em>μὲν</em></strong></span> <span class='ocrx_word' id='word_1_172' title='bbox 421 1631 497 1678; x_wconf 73' lang='grc' dir='ltr'><strong><em>οὖν</em></strong></span> <span class='ocrx_word' id='word_1_173' title='bbox 524 1634 571 1678; x_wconf 82' lang='grc' dir='ltr'><strong><em>τὸ</em></strong></span> <span class='ocrx_word' id='word_1_174' title='bbox 600 1637 672 1691; x_wconf 81' lang='grc' dir='ltr'><strong><em>τῆς</em></strong></span> <span class='ocrx_word' id='word_1_175' title='bbox 709 1636 927 1690; x_wconf 81' lang='grc' dir='ltr'><strong><em>ἐκκλησίας</em></strong></span> <span class='ocrx_word' id='word_1_176' title='bbox 956 1634 1074 1689; x_wconf 70' lang='grc' dir='ltr'><strong><em>λήϊον</em></strong></span> <span class='ocrx_word' id='word_1_177' title='bbox 1101 1630 1221 1690; x_wconf 75' lang='grc' dir='ltr'><strong><em>ἤνθει</em></strong></span> <span class='ocrx_word' id='word_1_178' title='bbox 1251 1638 1413 1683; x_wconf 88' lang='grc' dir='ltr'><strong><em>καλοῖς·</em></strong></span> <span class='ocrx_word' id='word_1_179' title='bbox 1443 1631 1519 1675; x_wconf 87' lang='grc' dir='ltr'><strong><em>δό-</em></strong></span> 
     </span>
     <span class='ocr_line' id='line_1_23' title="bbox 50 1699 1520 1759; baseline -0.005 -12"><span class='ocrx_word' id='word_1_180' title='bbox 50 1720 182 1759; x_wconf 76' lang='grc' dir='ltr'><strong><em>γμασι</em></strong></span> <span class='ocrx_word' id='word_1_181' title='bbox 206 1705 285 1758; x_wconf 78' lang='grc' dir='ltr'><strong><em>μὲν</em></strong></span> <span class='ocrx_word' id='word_1_182' title='bbox 305 1699 549 1759; x_wconf 72' lang='grc' dir='ltr'><strong><em>ὄρθοδόξοις</em></strong></span> <span class='ocrx_word' id='word_1_183' title='bbox 580 1700 638 1754; x_wconf 75' lang='grc' dir='ltr'><strong><em>ὦς</em></strong></span> <span class='ocrx_word' id='word_1_184' title='bbox 655 1702 843 1757; x_wconf 81' lang='grc' dir='ltr'><strong><em>μάλιστα</em></strong></span> <span class='ocrx_word' id='word_1_185' title='bbox 872 1703 1199 1758; x_wconf 79' lang='grc' dir='ltr'><strong><em>καταρδόμενον,</em></strong></span> <span class='ocrx_word' id='word_1_186' title='bbox 1222 1700 1444 1756; x_wconf 79' lang='grc' dir='ltr'><strong><em>άναλόγοις</em></strong></span> <span class='ocrx_word' id='word_1_187' title='bbox 1473 1701 1520 1741; x_wconf 84' lang='grc' dir='ltr'><strong><em>δὲ</em></strong></span> 
     </span>
    </p>
   </div>
   <div class='ocr_carea' id='block_1_3' title="bbox 146 1826 1315 1875">
    <p class='ocr_par' dir='ltr' id='par_1_3' title="bbox 146 1826 1315 1875">
     <span class='ocr_line' id='line_1_24' title="bbox 146 1826 1315 1875; baseline -0.001 -15"><span class='ocrx_word' id='word_1_188' title='bbox 146 1831 180 1874; x_wconf 78' lang='grc'><strong><em>4.</em></strong></span> <span class='ocrx_word' id='word_1_189' title='bbox 204 1826 313 1864; x_wconf 79' lang='grc' dir='ltr'><strong><em>τοῦτο</em></strong></span> <span class='ocrx_word' id='word_1_190' title='bbox 338 1827 414 1863; x_wconf 85' lang='lat' dir='ltr'><strong>Par.</strong></span> <span class='ocrx_word' id='word_1_191' title='bbox 516 1839 567 1862; x_wconf 85' lang='grc' dir='ltr'><strong><em>ιι.</em></strong></span> <span class='ocrx_word' id='word_1_192' title='bbox 594 1827 769 1875; x_wconf 76' lang='grc' dir='ltr'><strong><em>ἄφοιδῶς</em></strong></span> <span class='ocrx_word' id='word_1_193' title='bbox 798 1828 872 1861; x_wconf 84' lang='lat' dir='ltr'><strong>Par.</strong></span> <span class='ocrx_word' id='word_1_194' title='bbox 976 1831 1026 1874; x_wconf 66' lang='lat'><strong><em>¹4·</em></strong></span> <span class='ocrx_word' id='word_1_195' title='bbox 1054 1830 1215 1874; x_wconf 73' lang='grc' dir='ltr'><strong><em>πρατείᾳ</em></strong></span> <span class='ocrx_word' id='word_1_196' title='bbox 1240 1827 1315 1861; x_wconf 79' lang='lat' dir='ltr'><strong>Par.</strong></span> 
     </span>
    </p>
   </div>
   <div class='ocr_carea' id='block_1_4' title="bbox 50 1942 1526 2846">
    <p class='ocr_par' dir='ltr' id='par_1_4' title="bbox 50 1942 1526 2801">
     <span class='ocr_line' id='line_1_25' title="bbox 51 1942 1519 1989; baseline -0.001 -12"><span class='ocrx_word' id='word_1_197' title='bbox 51 1949 116 1977; x_wconf 86' lang='lat' dir='ltr'><strong><em>net</em></strong></span> <span class='ocrx_word' id='word_1_198' title='bbox 141 1947 406 1988; x_wconf 82' lang='lat' dir='ltr'><strong>tempestatem,</strong></span> <span class='ocrx_word' id='word_1_199' title='bbox 431 1949 468 1976; x_wconf 86' lang='lat' dir='ltr'><strong><em>et</em></strong></span> <span class='ocrx_word' id='word_1_200' title='bbox 491 1943 623 1977; x_wconf 82' lang='lat' dir='ltr'><strong>fluctus</strong></span> <span class='ocrx_word' id='word_1_201' title='bbox 647 1943 867 1989; x_wconf 85' lang='lat' dir='ltr'><strong>tranquillos</strong></span> <span class='ocrx_word' id='word_1_202' title='bbox 893 1942 1033 1984; x_wconf 83' lang='lat' dir='ltr'><strong>reddat,</strong></span> <span class='ocrx_word' id='word_1_203' title='bbox 1059 1954 1132 1989; x_wconf 87' lang='lat' dir='ltr'><strong><em>quo</em></strong></span> <span class='ocrx_word' id='word_1_204' title='bbox 1158 1943 1230 1977; x_wconf 88' lang='lat' dir='ltr'><strong>iter</strong></span> <span class='ocrx_word' id='word_1_205' title='bbox 1253 1948 1415 1976; x_wconf 89' lang='lat' dir='ltr'><strong>nostrum</strong></span> <span class='ocrx_word' id='word_1_206' title='bbox 1437 1942 1519 1987; x_wconf 85' lang='lat' dir='ltr'><strong>pla-</strong></span> 
     </span>
     <span class='ocr_line' id='line_1_26' title="bbox 50 1989 1520 2037; baseline -0.001 -13"><span class='ocrx_word' id='word_1_207' title='bbox 50 1991 130 2025; x_wconf 83' lang='lat' dir='ltr'><strong>cide</strong></span> <span class='ocrx_word' id='word_1_208' title='bbox 154 1990 330 2025; x_wconf 85' lang='lat' dir='ltr'><strong>conficere</strong></span> <span class='ocrx_word' id='word_1_209' title='bbox 353 1991 545 2025; x_wconf 86' lang='lat' dir='ltr'><strong>valeamus.</strong></span> <span class='ocrx_word' id='word_1_210' title='bbox 596 1997 707 2037; x_wconf 87' lang='lat' dir='ltr'><strong>atque</strong></span> <span class='ocrx_word' id='word_1_211' title='bbox 731 1992 781 2024; x_wconf 85' lang='lat' dir='ltr'><strong><em>ita</em></strong></span> <span class='ocrx_word' id='word_1_212' title='bbox 798 1991 987 2024; x_wconf 81' lang='lat' dir='ltr'><strong>confestim</strong></span> <span class='ocrx_word' id='word_1_213' title='bbox 1012 1994 1179 2024; x_wconf 78' lang='lat' dir='ltr'><strong>effectum</strong></span> <span class='ocrx_word' id='word_1_214' title='bbox 1206 1997 1271 2029; x_wconf 82' lang='lat' dir='ltr'><strong>est,</strong></span> <span class='ocrx_word' id='word_1_215' title='bbox 1294 1997 1335 2024; x_wconf 92' lang='lat' dir='ltr'><strong><em>ut</em></strong></span> <span class='ocrx_word' id='word_1_216' title='bbox 1360 1989 1520 2023; x_wconf 83' lang='lat' dir='ltr'><strong>Christus</strong></span> 
     </span>
     <span class='ocr_line' id='line_1_27' title="bbox 51 2037 1521 2085; baseline -0.001 -13"><span class='ocrx_word' id='word_1_217' title='bbox 51 2051 93 2072; x_wconf 86' lang='lat' dir='ltr'><strong>ac</strong></span> <span class='ocrx_word' id='word_1_218' title='bbox 117 2038 205 2072; x_wconf 83' lang='lat' dir='ltr'><strong>deus</strong></span> <span class='ocrx_word' id='word_1_219' title='bbox 229 2044 353 2072; x_wconf 84' lang='lat' dir='ltr'><strong>noster</strong></span> <span class='ocrx_word' id='word_1_220' title='bbox 381 2037 448 2072; x_wconf 90' lang='lat' dir='ltr'><strong>hac</strong></span> <span class='ocrx_word' id='word_1_221' title='bbox 483 2039 569 2072; x_wconf 88' lang='lat' dir='ltr'><strong>item</strong></span> <span class='ocrx_word' id='word_1_222' title='bbox 596 2039 634 2072; x_wconf 86' lang='lat' dir='ltr'><strong>in</strong></span> <span class='ocrx_word' id='word_1_223' title='bbox 662 2050 722 2079; x_wconf 89' lang='lat' dir='ltr'><strong><em>re,</em></strong></span> <span class='ocrx_word' id='word_1_224' title='bbox 761 2038 1064 2085; x_wconf 83' lang='lat' dir='ltr'>quemadmodum</span> <span class='ocrx_word' id='word_1_225' title='bbox 1099 2040 1137 2071; x_wconf 86' lang='lat' dir='ltr'><strong>in</strong></span> <span class='ocrx_word' id='word_1_226' title='bbox 1161 2039 1314 2084; x_wconf 79' lang='lat' dir='ltr'><strong>reliquis</strong></span> <span class='ocrx_word' id='word_1_227' title='bbox 1338 2037 1521 2078; x_wconf 88' lang='lat' dir='ltr'><strong>omnibus,</strong></span> 
     </span>
     <span class='ocr_line' id='line_1_28' title="bbox 51 2085 1523 2132; baseline -0.001 -13"><span class='ocrx_word' id='word_1_228' title='bbox 51 2098 134 2120; x_wconf 86' lang='lat' dir='ltr'><strong>vera</strong></span> <span class='ocrx_word' id='word_1_229' title='bbox 159 2087 294 2120; x_wconf 80' lang='lat' dir='ltr'>dixisse</span> <span class='ocrx_word' id='word_1_230' title='bbox 318 2086 634 2127; x_wconf 82' lang='lat' dir='ltr'><strong>demonstraretur,</strong></span> <span class='ocrx_word' id='word_1_231' title='bbox 660 2097 739 2119; x_wconf 87' lang='lat' dir='ltr'><strong><em>cum</em></strong></span> <span class='ocrx_word' id='word_1_232' title='bbox 766 2087 900 2120; x_wconf 86' lang='lat' dir='ltr'><strong>maiora</strong></span> <span class='ocrx_word' id='word_1_233' title='bbox 930 2098 1050 2120; x_wconf 87' lang='lat' dir='ltr'><strong>servos</strong></span> <span class='ocrx_word' id='word_1_234' title='bbox 1067 2097 1164 2127; x_wconf 77' lang='lat' dir='ltr'><strong>suoS,</strong></span> <span class='ocrx_word' id='word_1_235' title='bbox 1188 2097 1296 2132; x_wconf 86' lang='lat' dir='ltr'><strong>quam</strong></span> <span class='ocrx_word' id='word_1_236' title='bbox 1321 2086 1398 2132; x_wconf 88' lang='lat' dir='ltr'><strong>ipse</strong></span> <span class='ocrx_word' id='word_1_237' title='bbox 1423 2085 1523 2119; x_wconf 86' lang='lat' dir='ltr'><strong>face-</strong></span> 
     </span>
     <span class='ocr_line' id='line_1_29' title="bbox 52 2134 1523 2180; baseline -0.001 -12"><span class='ocrx_word' id='word_1_238' title='bbox 52 2140 117 2174; x_wconf 77' lang='lat' dir='ltr'><strong>ret,</strong></span> <span class='ocrx_word' id='word_1_239' title='bbox 142 2134 330 2180; x_wconf 71' lang='lat' dir='ltr'><strong>pollicitus</strong></span> <span class='ocrx_word' id='word_1_240' title='bbox 370 2139 425 2168; x_wconf 88' lang='lat' dir='ltr'><strong><em>est</em></strong></span> <span class='ocrx_word' id='word_1_241' title='bbox 455 2136 658 2168; x_wconf 77' lang='lat' dir='ltr'><strong>effecturos.</strong></span> <span class='ocrx_word' id='word_1_242' title='bbox 727 2139 907 2168; x_wconf 84' lang='lat' dir='ltr'><strong>caeterum</strong></span> <span class='ocrx_word' id='word_1_243' title='bbox 941 2146 1020 2168; x_wconf 87' lang='lat' dir='ltr'><strong><em>cum</em></strong></span> <span class='ocrx_word' id='word_1_244' title='bbox 1045 2134 1212 2167; x_wconf 82' lang='lat' dir='ltr'><strong>omnibus</strong></span> <span class='ocrx_word' id='word_1_245' title='bbox 1235 2134 1433 2167; x_wconf 83' lang='lat' dir='ltr'><strong>virtutibus</strong></span> <span class='ocrx_word' id='word_1_246' title='bbox 1459 2145 1523 2166; x_wconf 86' lang='lat' dir='ltr'><strong><em>ex-</em></strong></span> 
     </span>
     <span class='ocr_line' id='line_1_30' title="bbox 52 2181 1524 2232; baseline -0.001 -17"><span class='ocrx_word' id='word_1_247' title='bbox 52 2183 214 2222; x_wconf 86' lang='lat' dir='ltr'><strong>celleret,</strong></span> <span class='ocrx_word' id='word_1_248' title='bbox 243 2181 411 2215; x_wconf 81' lang='lat' dir='ltr'><strong>curandis</strong></span> <span class='ocrx_word' id='word_1_249' title='bbox 435 2187 557 2215; x_wconf 81' lang='lat' dir='ltr'><strong>tamen</strong></span> <span class='ocrx_word' id='word_1_250' title='bbox 585 2188 623 2215; x_wconf 87' lang='lat' dir='ltr'><strong><em>et</em></strong></span> <span class='ocrx_word' id='word_1_251' title='bbox 657 2181 891 2215; x_wconf 76' lang='lat' dir='ltr'><strong>sublevandis</strong></span> <span class='ocrx_word' id='word_1_252' title='bbox 925 2182 1147 2228; x_wconf 87' lang='lat' dir='ltr'><strong>pauperibus</strong></span> <span class='ocrx_word' id='word_1_253' title='bbox 1172 2182 1342 2232; x_wconf 65' lang='lat' dir='ltr'><strong>maiorpm</strong></span> <span class='ocrx_word' id='word_1_254' title='bbox 1366 2181 1524 2226; x_wconf 80' lang='lat' dir='ltr'><strong>diligen·</strong></span> 
     </span>
     <span class='ocr_line' id='line_1_31' title="bbox 51 2229 1524 2271; baseline -0.001 -7"><span class='ocrx_word' id='word_1_255' title='bbox 51 2231 137 2264; x_wconf 80' lang='lat' dir='ltr'><strong>tiam</strong></span> <span class='ocrx_word' id='word_1_256' title='bbox 161 2229 369 2263; x_wconf 82' lang='lat' dir='ltr'><strong>adhibebat.</strong></span> <span class='ocrx_word' id='word_1_257' title='bbox 420 2240 500 2263; x_wconf 89' lang='lat' dir='ltr'><strong><em>cum</em></strong></span> <span class='ocrx_word' id='word_1_258' title='bbox 526 2230 622 2263; x_wconf 88' lang='lat' dir='ltr'><strong>enim</strong></span> <span class='ocrx_word' id='word_1_259' title='bbox 648 2241 770 2264; x_wconf 86' lang='lat' dir='ltr'><strong>amore</strong></span> <span class='ocrx_word' id='word_1_260' title='bbox 795 2231 954 2263; x_wconf 80' lang='lat' dir='ltr'><strong>fraterno</strong></span> <span class='ocrx_word' id='word_1_261' title='bbox 981 2230 1134 2263; x_wconf 69' lang='lat' dir='ltr'><strong>maxime</strong></span> <span class='ocrx_word' id='word_1_262' title='bbox 1159 2235 1357 2271; x_wconf 86' lang='lat' dir='ltr'><strong>teneretur,</strong></span> <span class='ocrx_word' id='word_1_263' title='bbox 1383 2229 1524 2263; x_wconf 85' lang='lat' dir='ltr'><strong>miseri-</strong></span> 
     </span>
     <span class='ocr_line' id='line_1_32' title="bbox 55 2277 1523 2324; baseline -0.001 -13"><span class='ocrx_word' id='word_1_264' title='bbox 55 2278 211 2312; x_wconf 81' lang='lat' dir='ltr'>cordiam</span> <span class='ocrx_word' id='word_1_265' title='bbox 241 2288 287 2310; x_wconf 81' lang='lat' dir='ltr'><strong><em>ex</em></strong></span> <span class='ocrx_word' id='word_1_266' title='bbox 315 2288 359 2311; x_wconf 92' lang='lat' dir='ltr'><strong><em>eo</em></strong></span> <span class='ocrx_word' id='word_1_267' title='bbox 383 2277 675 2322; x_wconf 85' lang='lat' dir='ltr'><strong>proficiscentem</strong></span> <span class='ocrx_word' id='word_1_268' title='bbox 702 2279 740 2311; x_wconf 89' lang='lat' dir='ltr'><strong>in</strong></span> <span class='ocrx_word' id='word_1_269' title='bbox 766 2279 891 2324; x_wconf 87' lang='lat' dir='ltr'><strong>primis</strong></span> <span class='ocrx_word' id='word_1_270' title='bbox 916 2277 1238 2324; x_wconf 80' lang='lat' dir='ltr'><strong>complectebatur.</strong></span> <span class='ocrx_word' id='word_1_271' title='bbox 1288 2289 1329 2311; x_wconf 83' lang='lat' dir='ltr'><strong><em>nc</em></strong></span> <span class='ocrx_word' id='word_1_272' title='bbox 1353 2289 1439 2311; x_wconf 85' lang='lat' dir='ltr'><strong>sane</strong></span> <span class='ocrx_word' id='word_1_273' title='bbox 1464 2289 1523 2310; x_wconf 84' lang='lat' dir='ltr'><strong><em>sa-</em></strong></span> 
     </span>
     <span class='ocr_line' id='line_1_33' title="bbox 55 2324 1523 2372; baseline -0.001 -14"><span class='ocrx_word' id='word_1_274' title='bbox 55 2326 209 2359; x_wconf 82' lang='lat' dir='ltr'><strong>lutarem</strong></span> <span class='ocrx_word' id='word_1_275' title='bbox 241 2324 500 2358; x_wconf 76' lang='lat' dir='ltr'><strong>accedentibus</strong></span> <span class='ocrx_word' id='word_1_276' title='bbox 526 2337 669 2358; x_wconf 85' lang='lat' dir='ltr'><strong>manum</strong></span> <span class='ocrx_word' id='word_1_277' title='bbox 699 2327 898 2371; x_wconf 75' lang='lat' dir='ltr'><strong>porrigens,</strong></span> <span class='ocrx_word' id='word_1_278' title='bbox 922 2331 1052 2372; x_wconf 87' lang='lat' dir='ltr'><strong>quarto</strong></span> <span class='ocrx_word' id='word_1_279' title='bbox 1066 2337 1190 2359; x_wconf 80' lang='lat' dir='ltr'><strong>mense</strong></span> <span class='ocrx_word' id='word_1_280' title='bbox 1215 2325 1315 2372; x_wconf 88' lang='lat' dir='ltr'><strong>quod</strong></span> <span class='ocrx_word' id='word_1_281' title='bbox 1338 2331 1523 2359; x_wconf 82' lang='lat' dir='ltr'><strong>monaste-</strong></span> 
     </span>
     <span class='ocr_line' id='line_1_34' title="bbox 55 2372 1520 2419; baseline -0.001 -13"><span class='ocrx_word' id='word_1_282' title='bbox 55 2374 107 2406; x_wconf 90' lang='lat' dir='ltr'><strong><em>rio</em></strong></span> <span class='ocrx_word' id='word_1_283' title='bbox 132 2373 350 2419; x_wconf 76' lang='lat' dir='ltr'><strong>suppetebat</strong></span> <span class='ocrx_word' id='word_1_284' title='bbox 374 2372 607 2415; x_wconf 86' lang='lat' dir='ltr'><strong>frumentum,</strong></span> <span class='ocrx_word' id='word_1_285' title='bbox 634 2374 815 2407; x_wconf 87' lang='lat' dir='ltr'><strong>modicum</strong></span> <span class='ocrx_word' id='word_1_286' title='bbox 840 2373 946 2414; x_wconf 89' lang='lat' dir='ltr'><strong>illud,</strong></span> <span class='ocrx_word' id='word_1_287' title='bbox 972 2379 1012 2408; x_wconf 85' lang='lat' dir='ltr'><strong><em>ut</em></strong></span> <span class='ocrx_word' id='word_1_288' title='bbox 1028 2375 1088 2406; x_wconf 73' lang='lat' dir='ltr'><strong>vix</strong></span> <span class='ocrx_word' id='word_1_289' title='bbox 1106 2374 1267 2407; x_wconf 85' lang='lat' dir='ltr'><strong>familiae</strong></span> <span class='ocrx_word' id='word_1_290' title='bbox 1294 2373 1417 2406; x_wconf 82' lang='lat' dir='ltr'><strong>usibus</strong></span> <span class='ocrx_word' id='word_1_291' title='bbox 1443 2373 1520 2406; x_wconf 80' lang='lat' dir='ltr'><strong>sns-</strong></span> 
     </span>
     <span class='ocr_line' id='line_1_35' title="bbox 54 2421 1524 2468; baseline 0 -15"><span class='ocrx_word' id='word_1_292' title='bbox 54 2421 186 2463; x_wconf 79' lang='lat' dir='ltr'><strong>ficeret,</strong></span> <span class='ocrx_word' id='word_1_293' title='bbox 215 2421 311 2465; x_wconf 75' lang='lat' dir='ltr'><strong>large</strong></span> <span class='ocrx_word' id='word_1_294' title='bbox 336 2421 559 2454; x_wconf 78' lang='lat' dir='ltr'><strong>effundebat.</strong></span> <span class='ocrx_word' id='word_1_295' title='bbox 625 2433 780 2468; x_wconf 87' lang='lat' dir='ltr'><strong>cumque</strong></span> <span class='ocrx_word' id='word_1_296' title='bbox 820 2422 988 2455; x_wconf 82' lang='lat' dir='ltr'><strong>minister</strong></span> <span class='ocrx_word' id='word_1_297' title='bbox 1024 2433 1097 2455; x_wconf 89' lang='lat' dir='ltr'><strong><em>rem</em></strong></span> <span class='ocrx_word' id='word_1_298' title='bbox 1135 2433 1240 2466; x_wconf 80' lang='lat' dir='ltr'><strong>aegre</strong></span> <span class='ocrx_word' id='word_1_299' title='bbox 1266 2421 1388 2461; x_wconf 84' lang='lat' dir='ltr'><strong>ferret,</strong></span> <span class='ocrx_word' id='word_1_300' title='bbox 1413 2426 1524 2466; x_wconf 87' lang='lat' dir='ltr'><strong>atque</strong></span> 
     </span>
     <span class='ocr_line' id='line_1_36' title="bbox 53 2467 1522 2514; baseline 0 -13"><span class='ocrx_word' id='word_1_301' title='bbox 53 2467 147 2502; x_wconf 86' lang='lat' dir='ltr'><strong>illud</strong></span> <span class='ocrx_word' id='word_1_302' title='bbox 170 2480 216 2502; x_wconf 90' lang='lat' dir='ltr'><strong><em>ne</em></strong></span> <span class='ocrx_word' id='word_1_303' title='bbox 241 2468 401 2502; x_wconf 83' lang='lat' dir='ltr'><strong>familiae</strong></span> <span class='ocrx_word' id='word_1_304' title='bbox 436 2469 585 2514; x_wconf 84' lang='lat' dir='ltr'><strong>quidem</strong></span> <span class='ocrx_word' id='word_1_305' title='bbox 615 2470 702 2503; x_wconf 85' lang='lat' dir='ltr'><strong>satis</strong></span> <span class='ocrx_word' id='word_1_306' title='bbox 738 2480 816 2502; x_wconf 89' lang='lat' dir='ltr'><strong>esse</strong></span> <span class='ocrx_word' id='word_1_307' title='bbox 843 2468 1078 2503; x_wconf 82' lang='lat' dir='ltr'><strong>iureiurando</strong></span> <span class='ocrx_word' id='word_1_308' title='bbox 1103 2469 1304 2508; x_wconf 80' lang='lat' dir='ltr'><strong>affirmaret,</strong></span> <span class='ocrx_word' id='word_1_309' title='bbox 1329 2470 1410 2502; x_wconf 86' lang='lat' dir='ltr'><strong>miti</strong></span> <span class='ocrx_word' id='word_1_310' title='bbox 1434 2479 1522 2501; x_wconf 79' lang='lat' dir='ltr'><strong>voce</strong></span> 
     </span>
     <span class='ocr_line' id='line_1_37' title="bbox 54 2516 1524 2563; baseline 0 -15"><span class='ocrx_word' id='word_1_311' title='bbox 54 2516 274 2550; x_wconf 78' lang='lat' dir='ltr'><strong>frumentum</strong></span> <span class='ocrx_word' id='word_1_312' title='bbox 313 2527 504 2550; x_wconf 84' lang='lat' dir='ltr'><strong>numerare</strong></span> <span class='ocrx_word' id='word_1_313' title='bbox 539 2516 654 2563; x_wconf 82' lang='lat' dir='ltr'><strong>iubet.</strong></span> <span class='ocrx_word' id='word_1_314' title='bbox 706 2516 808 2563; x_wconf 88' lang='lat' dir='ltr'><strong>quod</strong></span> <span class='ocrx_word' id='word_1_315' title='bbox 845 2517 910 2550; x_wconf 84' lang='lat' dir='ltr'><strong>ille</strong></span> <span class='ocrx_word' id='word_1_316' title='bbox 936 2529 1015 2551; x_wconf 92' lang='lat' dir='ltr'><strong><em>cum</em></strong></span> <span class='ocrx_word' id='word_1_317' title='bbox 1044 2518 1201 2559; x_wconf 82' lang='lat' dir='ltr'><strong>fecisset,</strong></span> <span class='ocrx_word' id='word_1_318' title='bbox 1229 2518 1370 2551; x_wconf 87' lang='lat' dir='ltr'><strong>nullum</strong></span> <span class='ocrx_word' id='word_1_319' title='bbox 1397 2527 1524 2549; x_wconf 81' lang='lat' dir='ltr'><strong>acervo</strong></span> 
     </span>
     <span class='ocr_line' id='line_1_38' title="bbox 54 2563 1524 2609; baseline -0.001 -13"><span class='ocrx_word' id='word_1_320' title='bbox 54 2563 214 2597; x_wconf 79' lang='lat' dir='ltr'><strong>modium</strong></span> <span class='ocrx_word' id='word_1_321' title='bbox 239 2563 364 2597; x_wconf 82' lang='lat' dir='ltr'><strong>deesse</strong></span> <span class='ocrx_word' id='word_1_322' title='bbox 381 2565 570 2609; x_wconf 87' lang='lat' dir='ltr'><strong>comperit.</strong></span> <span class='ocrx_word' id='word_1_323' title='bbox 619 2576 747 2598; x_wconf 82' lang='lat' dir='ltr'><strong>verum</strong></span> <span class='ocrx_word' id='word_1_324' title='bbox 774 2565 920 2600; x_wconf 80' lang='lat' dir='ltr'><strong>facilius</strong></span> <span class='ocrx_word' id='word_1_325' title='bbox 947 2566 1005 2605; x_wconf 84' lang='lat' dir='ltr'><strong>sit,</strong></span> <span class='ocrx_word' id='word_1_326' title='bbox 1028 2564 1143 2599; x_wconf 83' lang='lat' dir='ltr'><strong>undas</strong></span> <span class='ocrx_word' id='word_1_327' title='bbox 1166 2565 1273 2598; x_wconf 84' lang='lat' dir='ltr'><strong>maris</strong></span> <span class='ocrx_word' id='word_1_328' title='bbox 1301 2575 1524 2602; x_wconf 79' lang='lat' dir='ltr'><strong>enumerare,</strong></span> 
     </span>
     <span class='ocr_line' id='line_1_39' title="bbox 55 2611 1524 2659; baseline -0.001 -15"><span class='ocrx_word' id='word_1_329' title='bbox 55 2616 117 2645; x_wconf 82' lang='lat' dir='ltr'><strong><em>aut</em></strong></span> <span class='ocrx_word' id='word_1_330' title='bbox 141 2622 224 2645; x_wconf 86' lang='lat' dir='ltr'><strong>cava</strong></span> <span class='ocrx_word' id='word_1_331' title='bbox 250 2623 357 2645; x_wconf 87' lang='lat' dir='ltr'><strong>manu</strong></span> <span class='ocrx_word' id='word_1_332' title='bbox 383 2612 534 2657; x_wconf 86' lang='lat' dir='ltr'><strong>pelagus</strong></span> <span class='ocrx_word' id='word_1_333' title='bbox 560 2611 729 2646; x_wconf 85' lang='lat' dir='ltr'><strong>dimeteri</strong></span> <span class='ocrx_word' id='word_1_334' title='bbox 745 2638 754 2653; x_wconf 89' lang='lat'>,</span> <span class='ocrx_word' id='word_1_335' title='bbox 781 2624 888 2659; x_wconf 86' lang='lat' dir='ltr'><strong>quam</strong></span> <span class='ocrx_word' id='word_1_336' title='bbox 916 2625 971 2646; x_wconf 84' lang='lat' dir='ltr'><strong><em>res</em></strong></span> <span class='ocrx_word' id='word_1_337' title='bbox 996 2612 1041 2646; x_wconf 90' lang='lat' dir='ltr'><strong>ab</strong></span> <span class='ocrx_word' id='word_1_338' title='bbox 1061 2614 1127 2646; x_wconf 90' lang='lat' dir='ltr'><strong>illo</strong></span> <span class='ocrx_word' id='word_1_339' title='bbox 1151 2619 1266 2658; x_wconf 80' lang='lat' dir='ltr'><strong>gestas</strong></span> <span class='ocrx_word' id='word_1_340' title='bbox 1292 2611 1524 2645; x_wconf 79' lang='lat' dir='ltr'><strong>admirabiles</strong></span> 
     </span>
     <span class='ocr_line' id='line_1_40' title="bbox 55 2659 1525 2707; baseline -0.001 -15"><span class='ocrx_word' id='word_1_341' title='bbox 55 2659 219 2692; x_wconf 85' lang='lat' dir='ltr'><strong>oratione</strong></span> <span class='ocrx_word' id='word_1_342' title='bbox 256 2659 461 2705; x_wconf 85' lang='lat' dir='ltr'><strong>complecti.</strong></span> <span class='ocrx_word' id='word_1_343' title='bbox 525 2661 761 2705; x_wconf 86' lang='lat' dir='ltr'><strong>quamobrem</strong></span> <span class='ocrx_word' id='word_1_344' title='bbox 797 2661 879 2693; x_wconf 85' lang='lat' dir='ltr'><strong>aliis</strong></span> <span class='ocrx_word' id='word_1_345' title='bbox 914 2661 987 2694; x_wconf 82' lang='lat' dir='ltr'><strong>alia</strong></span> <span class='ocrx_word' id='word_1_346' title='bbox 1026 2661 1275 2707; x_wconf 86' lang='lat' dir='ltr'><strong>relinquentes</strong></span> <span class='ocrx_word' id='word_1_347' title='bbox 1304 2670 1525 2693; x_wconf 86' lang='lat' dir='ltr'><strong>commemo-</strong></span> 
     </span>
     <span class='ocr_line' id='line_1_41' title="bbox 54 2706 1526 2754; baseline 0.001 -15"><span class='ocrx_word' id='word_1_348' title='bbox 54 2706 176 2747; x_wconf 85' lang='lat' dir='ltr'><strong>randa,</strong></span> <span class='ocrx_word' id='word_1_349' title='bbox 202 2717 295 2752; x_wconf 83' lang='lat' dir='ltr'><strong>quae</strong></span> <span class='ocrx_word' id='word_1_350' title='bbox 326 2707 377 2740; x_wconf 91' lang='lat' dir='ltr'><strong><em>rei</em></strong></span> <span class='ocrx_word' id='word_1_351' title='bbox 403 2707 592 2742; x_wconf 77' lang='lat' dir='ltr'><strong>institutae</strong></span> <span class='ocrx_word' id='word_1_352' title='bbox 623 2709 736 2752; x_wconf 82' lang='lat' dir='ltr'><strong>magis</strong></span> <span class='ocrx_word' id='word_1_353' title='bbox 762 2709 997 2749; x_wconf 82' lang='lat' dir='ltr'><strong>conveniunt,</strong></span> <span class='ocrx_word' id='word_1_354' title='bbox 1021 2720 1061 2741; x_wconf 87' lang='lat' dir='ltr'><strong>ac</strong></span> <span class='ocrx_word' id='word_1_355' title='bbox 1087 2710 1282 2754; x_wconf 75' lang='lat' dir='ltr'><strong>praecipua</strong></span> <span class='ocrx_word' id='word_1_356' title='bbox 1316 2713 1411 2747; x_wconf 85' lang='lat' dir='ltr'><strong>sunt,</strong></span> <span class='ocrx_word' id='word_1_357' title='bbox 1440 2717 1526 2752; x_wconf 86' lang='lat' dir='ltr'><strong>pro-</strong></span> 
     </span>
     <span class='ocr_line' id='line_1_42' title="bbox 55 2765 258 2801; baseline -0.005 -14"><span class='ocrx_word' id='word_1_358' title='bbox 55 2765 258 2801; x_wconf 78' lang='lat' dir='ltr'><strong>sequemur.</strong></span> 
     </span>
    </p>

    <p class='ocr_par' dir='ltr' id='par_1_5' title="bbox 148 2801 1526 2846">
     <span class='ocr_line' id='line_1_43' title="bbox 148 2801 1526 2846; baseline 0 -12"><span class='ocrx_word' id='word_1_359' title='bbox 148 2801 327 2835; x_wconf 81' lang='lat' dir='ltr'><strong>Ecclesiae</strong></span> <span class='ocrx_word' id='word_1_360' title='bbox 355 2813 438 2846; x_wconf 79' lang='lat' dir='ltr'><strong>ager</strong></span> <span class='ocrx_word' id='word_1_361' title='bbox 466 2802 573 2836; x_wconf 86' lang='lat' dir='ltr'><strong>bonis</strong></span> <span class='ocrx_word' id='word_1_362' title='bbox 600 2803 768 2836; x_wconf 86' lang='lat' dir='ltr'><strong>omnibus</strong></span> <span class='ocrx_word' id='word_1_363' title='bbox 797 2803 1016 2838; x_wconf 82' lang='lat' dir='ltr'><strong>abundabat.</strong></span> <span class='ocrx_word' id='word_1_364' title='bbox 1067 2814 1150 2836; x_wconf 85' lang='lat' dir='ltr'><strong>nam</strong></span> <span class='ocrx_word' id='word_1_365' title='bbox 1176 2809 1212 2835; x_wconf 84' lang='lat' dir='ltr'><strong><em>et.</em></strong></span> <span class='ocrx_word' id='word_1_366' title='bbox 1243 2802 1349 2835; x_wconf 86' lang='lat' dir='ltr'><strong>rectis</strong></span> <span class='ocrx_word' id='word_1_367' title='bbox 1378 2802 1526 2834; x_wconf 72' lang='lat' dir='ltr'><strong>institu-</strong></span> 
     </span>
    </p>
   </div>
  </div>
 </body>
</html>
