1820 3120
287 151 396 230 752
852 172 1207 217 THEOPHANIS

280 276 328 317 ἐν
358 272 494 329 ἁγίοις
522 274 776 329 Χαρίτωνος
804 273 880 318 καί
921 277 1177 332 Κυριακοῦ,
1225 275 1300 319 καί
1327 279 1407 320 τοῦ
1451 277 1578 334 ἆγίου
1619 278 1785 336 Σάββα,

283 341 358 385 καί
385 339 605 384 zatum&
648 343 843 398 κοινόβια
874 344 957 386 τῶν
997 343 1127 398 ἁγίων
1154 344 1386 399 Εὕθυμίου
1427 346 1503 390 καὶ
1534 348 1784 392 Θεοδοσίου·

236 409 567 466 ὓὲπεκράτησεν
597 410 645 452 δὲ
682 411 757 466 τῆς
801 409 1002 468 τοιαύτης
1044 411 1262 468 α’ναρχιάς
1291 413 1315 470 ἦ
1363 417 1454 458 κατ’
1482 410 1678 472 ἀλλήλων
1712 418 1787 460 καὶ

280 478 402 533 ἡμῶν
428 478 662 534 μιαιφονία
695 477 768 534 ἔτη
784 482 820 522 *.
883 477 1111 535 Θεόδωρος
1143 482 1190 523 δὲ
1221 481 1243 523 ὁ
1275 479 1510 537 ἡγούμενος
1540 486 1628 527 τῶν
1646 480 1786 527 Eroti..

281 545 393 603 δίου,
413 545 487 589 καί
513 544 671 604 Ἰωσὴφ
692 546 715 587 ὁ
736 546 925 603 α’ὀελφὸς
949 549 1088 589 αὐτοῦ
1109 549 1442 603 α’ρχιεπίσκοπος
1457 551 1783 609 Θεσσαλονίκης,
1797 563 1820 605 5

282 611 375 669 ἅμα
392 615 600 658 Πλάτωνι
627 614 865 672 ἑγκλείστῳ,
894 616 970 657 καί
993 620 1080 666 τοῖς
1108 621 1274 668 λοιποῖς
1303 619 1444 662 αὐτῶν
1467 620 1683 675 ’μοναχοῖς
1711 623 1786 677 τῆς

234 678 258 727 *ἶ
281 683 505 731 κοινωνίας.
536 678 790 738 Νικηφόρον
825 685 906 724 τοῦ
949 682 1189 738 ἇγιωτάτου
1222 683 1498 742 πατριάρχου
1541 687 1786 745 α’πέστησαν

281 750 355 792 διὰ
384 749 541 806 Ἰωσήφ
568 747 640 792 τὸν
660 750 894 807 οἰκονόμον,
926 750 986 801 ὥς
1014 755 1279 807 παρανόμως
1298 754 1642 812 στεφανώσαντα
1658 759 1787 800 Κων-

280 823 502 861 σταντῖνον
532 819 607 860 καί
637 818 862 876 Θεοδότην.
922 820 1177 877 Νικηφόρος
1209 823 1257 865 δὲ
1288 821 1311 864 ὅ
1340 822 1549 878 βασιλεύς
1581 823 1788 882 α’φορμῆς

281 886 545 942 δραξάμενος
563 883 824 937 ἐπισκόπους
843 888 1026 939 πολλοὺς
1047 889 1124 931 καί
1151 888 1415 946 ἡγουμένους
1444 891 1660 947 α’θροίσας
1679 890 1784 936 σύν.
1803 915 1817 942 1

282 957 380 997 οὸον
419 958 512 997 κατ’
545 955 688 997 αὐτῶν
724 958 987 1012 κροτηθῆναι
1020 959 1267 1016 ἐκέλευσεν,
1315 961 1370 1002 δι’
1408 953 1461 1016 ἧς
1489 957 1786 1018 ἐξεβλήθησαν

281 1023 357 1079 τῆς
383 1024 515 1079 μονῆς
543 1021 620 1066 καί
654 1024 729 1079 τῆς
758 1021 924 1076 πόλεως
969 1026 1114 1085 ἑξορι-’ᾳ
1153 1030 1542 1085 παραπεμφθέντες
1571 1031 1676 1086 μηνί
1700 1029 1787 1075 'Ia-

148 1091 482 1150 Ρ-41ονουαρίῳ,
511 1092 747 1134 ἰνδικτιῶνι
767 1091 822 1148 β’.
883 1093 944 1153 τῷ
973 1096 1012 1137 δ’
1041 1096 1158 1154 αὐτῷ
1185 1093 1274 1139 ἔτει
1303 1093 1437 1154 ῥόγας
1471 1097 1698 1155 διδομένης
1728 1098 1788 1156 τῷ

280 1161 371 1218 λαῷ
403 1161 450 1204 ἐν
478 1161 538 1218 τῷ
566 1161 792 1216 Στρομῶνι
824 1160 1100 1213 ἐπιπεσόντες
1130 1161 1170 1206 οἱ
1187 1163 1434 1220 Βούλγαροι
1469 1164 1631 1222 ’ταύτην
1662 1165 1789 1224 ἀφεί-

281 1232 411 1271 λαντο
437 1228 624 1285 χρυσίου
657 1229 805 1285 λίτρας
833 1231 980 1286 χιλίας
1001 1232 1074 1275 καί
1102 1228 1276 1290 ἑκατόν,
1307 1233 1381 1275 καί
1407 1232 1543 1276 πολύν
1573 1233 1686 1277 λαόν
1708 1251 1819 1282 nra-1

281 1298 501 1354 τέσφαξαν
539 1295 620 1340 σῦν
648 1299 705 1355 τῷ
747 1301 972 1358 στρατηγῷ
1013 1299 1089 1343 καί
1127 1306 1218 1352 τοῖς
1258 1297 1489 1358 ἄρχουσιν.
1559 1297 1785 1359 ἦσανγιὶρ

283 1366 359 1407 καί
390 1366 476 1407 τῶν
506 1366 668 1408 λοιπῶν
711 1364 915 1421 θεμάτων
950 1366 1126 1421 ταξάτοι
1165 1365 1372 1427 ἄρχοντες
1413 1370 1492 1412 ου’κ
1522 1370 1682 1427 ὀλίγοι,
1714 1373 1791 1414 καί

282 1429 434 1482 πάντες
471 1434 566 1476 ἐκεῖ
607 1432 842 1477 ἀπώλοντο.
913 1432 1070 1490 ἔλαβον
1099 1438 1147 1480 δὲ
1178 1438 1254 1480 καί
1291 1435 1337 1480 τὸ
1367 1439 1549 1489 τοῦλὸον
1577 1434 1687 1497 ὅλον,
1715 1437 1790 1482 καί

283 1497 581 1557 υπέστρεψαν.
648 1503 708 1561 τῷ
748 1504 787 1545 δ’
833 1503 948 1560 αὐτῷ
982 1501 1069 1547 ε”τει
1111 1503 1193 1560 πρὸ
1231 1508 1304 1563 τῆς
1334 1503 1484 1563 ἑορτῆς
1522 1507 1601 1551 τοῦ
1638 1506 1787 1563 πάσχα

143 1574 187 1609 V.
202 1576 272 1611 326
291 1570 531 1626 Κροῦμμος
565 1568 601 1613 ’ὅ
638 1571 722 1614 τῶν
756 1569 1020 1627 Βουλγάρων
1053 1572 1243 1630 α’ρχηγὸς
1290 1573 1648 1631 παραταξάμενος
1678 1575 1820 1622 κατὰ2

385 1727 421 1761 3.
452 1726 473 1771 ἧ
503 1730 582 1762 κατ’
608 1727 649 1768 Α,
679 1726 743 1771 τῆς
767 1729 848 1762 κατ’
866 1728 965 1772 vulg.
1066 1733 1096 1769 4.
1128 1730 1205 1775 ἔτη]
1233 1730 1288 1766 ἔτι
1317 1731 1347 1764 f:
1379 1730 1444 1764 sed
1473 1732 1616 1777 signum
1642 1733 1786 1765 numeri

385 1775 514 1810 deesse
544 1775 701 1811 videtur.
844 1777 1033 1813 Σπουδίου
1059 1778 1087 1811 Α
1105 1804 1114 1819 ,
1140 1778 1339 1814 Σιουδίων
1367 1779 1463 1825 vulg.
1585 1780 1635 1823 ¹4·
1662 1784 1787 1826 Στρυ-

380 1824 486 1872 μῶνι
510 1826 551 1858 Α.
650 1835 707 1859 20.
739 1826 953 1874 Κροῦμμος
980 1825 1000 1862 ὁ
1019 1828 1095 1863 τῶν
1112 1829 1155 1861 Β.
1184 1829 1225 1869 Α,
1252 1826 1271 1864 ὁ
1295 1831 1479 1876 Κροῦμμ.
1507 1828 1584 1866 τῶν
1612 1831 1656 1863 Β.
1686 1830 1782 1874 vulg.

289 1957 443 1991 duarum
469 1967 679 2002 magnarum
706 1958 890 1992 laurarum
915 1961 1149 2002 monasteria,
1179 1962 1293 1995 sancti
1320 1961 1400 1995 dico
1416 1961 1623 1995 Charitonis
1649 1967 1686 1995 et
1712 1961 1783 2006 cy-

290 2006 390 2047 riaci,
415 2011 537 2052 atque.
553 2006 668 2040 sancti
688 2006 819 2049 Sabae,
846 2014 884 2042 et
910 2008 947 2042 in
979 2009 1121 2055 reliqua
1138 2016 1354 2044 *sanctorum
1382 2009 1565 2053 Euthymii
1597 2015 1635 2044 et
1657 2010 1786 2045 Theo·

289 2054 385 2088 dosii
415 2053 594 2087 coenobia
618 2055 774 2090 maxima
798 2056 921 2090 clades
947 2058 1079 2104 erupit.
1129 2057 1286 2092 invaluit
1309 2058 1453 2092 Arabici
1481 2059 1626 2104 imperii
1651 2060 1781 2093 coufu-

289 2103 345 2136 sio
370 2101 606 2143 huiusmodi,
649 2103 854 2150 caedesque
888 2111 1037 2140 mutuae
1063 2106 1160 2139 inter
1189 2118 1226 2140 se
1266 2111 1304 2140 ct
1325 2106 1433 2140 nobis
1460 2107 1585 2140 illatae
1613 2119 1741 2141 annos.
1767 2109 1784 2124 *

289 2150 507 2186 Theodorus
531 2156 665 2194 autem,
681 2152 802 2186 Studii
829 2154 1071 2200 praepositus,
1098 2159 1135 2187 et
1162 2155 1239 2188 eius
1267 2155 1379 2188 frater
1399 2154 1785 2201 loseph'l'hessaloni-

288 2200 408 2233 censis
437 2198 747 2245 archiepiscopus,
773 2213 845 2234 uua
870 2214 949 2235 cuin
980 2203 1132 2236 Platone
1157 2203 1298 2237 incluso
1332 2209 1370 2237 et
1401 2204 1554 2250 reliquis
1579 2204 1784 2246 monachis,

289 2260 310 2282 a
337 2247 532 2294 Nicephori
563 2249 780 2282 sanctissimi
816 2250 1047 2296 patriarchae
1076 2253 1351 2292 communione,
1387 2251 1434 2285 ob
1460 2251 1592 2297 Ioseph
1624 2263 1786 2286 oecono-

289 2308 388 2331 mum
421 2296 578 2330 corollas
617 2297 803 2342 nuptiales
843 2299 1085 2334 Constantino
1127 2305 1165 2333 et
1189 2299 1383 2333 Theodote
1417 2299 1607 2345 illegitime
1641 2301 1784 2347 pridem

289 2346 556 2392 imponentem,
581 2345 741 2390 seipsum
770 2348 984 2392 segregavit.
1046 2348 1246 2394 imperator
1273 2353 1395 2381 autem
1421 2348 1656 2395 Nicephorus
1685 2361 1785 2383 com-

288 2393 435 2428 modam
455 2393 685 2428 occasionem
710 2399 857 2436 nactus,
881 2396 989 2429 variis
1017 2396 1198 2442 episcopis
1232 2401 1269 2430 et
1298 2398 1601 2431 monasteriorum
1626 2409 1785 2445 praepo-

291 2444 371 2478 sitis
399 2443 438 2476 in
470 2453 583 2476 unum
610 2442 795 2483 collectis,
822 2443 1002 2486 synodum
1025 2445 1082 2489 agi
1116 2443 1324 2486 mandavit,
1350 2445 1453 2479 cuius
1477 2445 1625 2480 decreto
1652 2458 1783 2480 mona·

289 2491 403 2526 sterio
434 2496 472 2524 et
498 2490 588 2524 urbe
616 2491 737 2532 eiecti,
762 2502 888 2525 mense
915 2493 1081 2526 Ianuario
1118 2492 1332 2527 indictionis
1358 2494 1542 2528 secundae
1566 2495 1606 2528 in
1632 2495 1783 2529 exilium

287 2540 385 2587 pulsi
414 2545 509 2573 sunt.
560 2539 630 2573 hoc
656 2538 787 2573 eodem
812 2551 908 2573 anno
939 2546 1088 2586 erogato
1117 2541 1161 2574 in
1181 2541 1315 2575 milites
1339 2541 1526 2588 stipendio
1552 2543 1597 2576 ad
1616 2543 1782 2577 Stromo—

288 2600 386 2629 nem,
411 2588 556 2633 Bulgari
588 2589 770 2622 irruentes
805 2587 901 2622 illud
929 2589 1216 2634 interceperunt,
1242 2590 1319 2623 auri
1361 2590 1472 2625 libras
1499 2597 1642 2626 centum
1673 2604 1782 2638 supra

288 2637 411 2678 mille,
446 2639 546 2670 varia
581 2637 761 2670 exercitus
799 2636 910 2683 plebe
952 2636 1136 2671 trucidata
1177 2649 1257 2671 cum
1287 2639 1368 2684 ipso
1409 2639 1501 2674 duce
1534 2645 1573 2674 et
1610 2640 1782 2686 pluribus

291 2685 551 2731 optimatibus:
579 2684 733 2719 aderant
756 2687 895 2732 quippe
913 2697 957 2719 ex
983 2686 1064 2719 aliis
1091 2697 1239 2732 quoque
1258 2685 1480 2721 thematibus
1505 2688 1622 2731 taxati
1648 2699 1783 2734 proce-

291 2745 347 2767 res
376 2732 474 2766 haud
498 2734 617 2779 pauci,
642 2745 798 2780 quorum
825 2734 1026 2768 communis
1051 2734 1121 2768 suit
1148 2735 1306 2769 iactura:
1331 2737 1592 2782 occupatisque
1620 2737 1782 2771 universi

292 2782 472 2816 exercitus
507 2782 678 2824 sarcinis,
720 2782 865 2828 Bulgari
905 2782 1058 2816 rediere.
1128 2783 1196 2817 hoc
1225 2785 1334 2818 etiam
1362 2796 1458 2818 anno
1485 2791 1570 2819 ante
1598 2784 1780 2831 paschatis

290 2830 470 2865 solemnia
495 2831 683 2865 Crummus
710 2831 946 2878 Bulgarorum
973 2832 1154 2879 princeps,
1188 2832 1429 2879 expeditione
1455 2839 1633 2881 suscepta,
1660 2839 1696 2868 et
1722 2834 1781 2868 in-
