1768 3106
254 163 287 220 3
303 185 315 218 ¹
331 164 368 219 6
815 185 1163 227 THEOPHAle

252 282 528 342 Μεμβράσαν
561 285 638 342 τὴν
668 284 801 328 πόλιν.
871 285 974 329 ἰδών
1005 288 1051 330 δὲ
1080 284 1238 334 αύτούς
1279 283 1354 339 τήν
1383 286 1499 336 τάξιν
1527 286 1726 332 λιπόντας

253 354 326 395 καί
353 351 496 413 κόσμῳ
528 355 673 397 ου’δενί
703 353 956 409 περιϊόντας,
986 355 1077 395 κατ’
1111 354 1252 394 αὐτῶν
1271 351 1427 405 ὁμοίως
1455 349 1627 406 ἐχώρει.
1678 349 1725 392 -οὶ

253 421 302 462 δὲ
329 420 389 470 εἰς
419 421 560 478 φυγήν
591 418 799 478 ὥρμηντο,
830 422 891 471 εἰς
922 422 1168 475 Νουμιδιάν
1193 435 1236 462 τε
1276 417 1526 476 ἀφικόμενοι
1554 418 1727 461 συνελέ-

252 502 384 543 γοντο.
443 488 577 543 ὀλίγοι
609 490 657 531 δὲ
685 491 731 531 ἐν
760 490 820 546 τῷ
850 490 1020 547 πολέμῳ
1060 485 1197 545 τούτῳ
1230 488 1459 539 ἀπέθανον,
1489 484 1561 527 καὶ
1589 485 1729 527 αὐτῶν

253 553 292 597 οἱ
331 559 517 598 πλεῖστοι
551 555 795 612 Οὕανδῆλοι
842 551 964 611 ἦσαν.
1033 556 1226 612 ἐφείδετο
1264 556 1311 596 δὲ
1339 556 1425 597 τῶν
1445 553 1671 607 Ῥωμαίων
1705 550 1764 596 65

251 620 515 678 Βελισάριος.
573 620 823 679 ληϊσάμενος
853 624 899 665 δὲ
931 623 978 666 τὸ
1027 620 1315 677 στρατόπεδον
1345 623 1501 672 αὐτῶν,
1533 615 1658 675 εὗρέν
1684 635 1728 661 τε

215 706 240 739 B
250 688 451 746 χρήματα
480 688 613 733 πολλοὶ
645 691 718 732 καί
741 696 966 746 γυναῖκας,
997 692 1050 733 δι’
1084 688 1135 739 ἅς
1174 691 1248 731 καί
1274 688 1295 730 ὅ
1327 687 1507 743 πόλεμος
1533 689 1728 751 κατέστη.

251 761 390 800 ταῦτα
413 757 669 815 Βελισάριος
701 757 1053 814 διαπραξάμενος,
1082 758 1140 808 εἰς
1172 757 1439 812 Καρχηδόνα
1468 754 1727 811 ἀπήλαυνεν.

251 824 392 868 ἐλθών
421 827 468 868 δέ
497 842 560 876 τις
590 827 636 868 ἑκ
665 827 859 876 Σικελίας
887 824 1144 880 ἀπήγγειλεν,
1179 824 1236 873 ὥς
1266 823 1415 873 στάσις
1441 824 1487 866 ἐν
1517 824 1574 880 τῷ
1602 837 1728 877 στρα-

250 895 414 951 τοπέδῳ
458 895 720 936 ἐπιπεσοῦσα
761 891 812 936 τά
844 891 1076 947 πράγματα
1120 893 1346 946 α’νασοβεῖν
1385 892 1556 944 μέλλει,
1592 889 1634 931 εἴ
1669 887 1760 943 μὴι

251 955 383 1009 αὗτός
430 960 501 1002 διά
534 957 695 1015 τάχους
724 957 960 1014 καταλάβοι
978 976 988 987 ·
1050 961 1299 1012 διαθέμενος
1329 960 1376 1001 δὲ
1405 955 1458 1000 τοὶ
1487 958 1533 1000 ἐν
1561 955 1729 1014 Λιβύῃ,

250 1028 309 1079 ὥς
338 1025 538 1083 ἐδύνατο,
563 1028 807 1085 Ἰλδηγέρδῃ
837 1044 883 1070 τε
910 1026 985 1070 καί
1006 1025 1216 1085 Θεοδώρῳ
1247 1024 1470 1081 παραδούς
1496 1023 1574 1080 τήν
1602 1026 1732 1079 Καρ-

246 1095 411 1152 χηὸόνα
441 1097 501 1146 εἷς
524 1098 722 1138 Σικελίαν
754 1091 836 1152 ᾔει.
874 1097 1010 1137 ταῦτα
1038 1091 1226 1144 ἀκούσας
1257 1093 1279 1136 ὅ
1306 1091 1606 1142 Ἰουστινιανὸς
1620 1093 1661 1134 Γ
1660 1107 1730 1146 ερ-

247 1161 384 1217 μανὸν
411 1161 481 1206 τὸν
508 1162 690 1217 ἀνεψιὸν
722 1163 860 1206 αὐτοῦ
869 1198 880 1218 ,
926 1157 1064 1217 ἄνδρα
1095 1163 1327 1219 πατρίκιον,
1358 1162 1419 1212 εἰς
1447 1157 1630 1215 Λιβύην,
1650 1156 1732 1202 οὐν

248 1227 403 1286 ὀλίγοις
451 1232 563 1272 τισίν
606 1229 797 1284 ἔπεμψεν
836 1227 920 1274 σῦν
950 1227 1147 1287 Δομνίκῳ
1192 1231 1265 1271 καί
1296 1227 1519 1285 Συμμάχῳ
1547 1224 1762 1281 άνδράσιι

247 1301 415 1354 σοφοῖς.
488 1295 712 1352 γενόμενος
753 1299 800 1339 δὲ
829 1297 875 1340 ἐν
905 1294 1160 1352 Καρχηδόνι
1189 1294 1289 1346 τούς
1332 1311 1379 1337 τε
1414 1292 1679 1350 στρατιώτας
1709 1290 1732 1334 0‘

249 1363 471 1419 Γερμανὸς
503 1365 694 1420 ἠρίθμει,
723 1367 799 1407 καί
825 1367 911 1407 τῶν
938 1365 1221 1421 γραμματέων
1243 1364 1293 1406 τοὶ
1317 1363 1465 1417 βιβλία
1494 1363 1540 1404 ἐν
1568 1355 1630 1410 οἷς
1648 1361 1732 1403 τῶν

211 1433 525 1489 (ζστρατιωταῖν
555 1430 606 1476 τὰ
644 1432 832 1487 ὀνόματα
865 1434 1142 1487 ἐνεγέγραπτο
1182 1428 1503 1486 ἀναλεξάμενος,
1532 1422 1658 1482 εὗρεν
1686 1425 1733 1469 τὸ

252 1502 334 1554 μὲν
365 1502 504 1556 τρίτον
531 1501 663 1556 μέρος
688 1502 766 1543 τοῦ
793 1501 978 1556 στρατοῦ
1006 1497 1051 1542 ἔν
1075 1515 1117 1542 τε
1151 1496 1407 1554 Καρχηδόνι
1433 1499 1507 1540 καί
1533 1501 1624 1545 ταῖς
1655 1490 1733 1536 ἆλ-

251 1571 349 1618 λαις
368 1566 540 1611 πόλεσιν
555 1565 664 1624 ὑπὲρ
686 1568 762 1610 τοῦ
778 1570 990 1621 βασιλέως
1016 1561 1139 1620 εἶναι,
1166 1565 1264 1616 τούς
1282 1567 1328 1608 δὲ
1358 1561 1512 1614 ἄλλους
1543 1559 1768 1611 ἅπανταςα

251 1637 312 1694 τῷ
338 1634 529 1695 τυράννῳ
554 1637 926 1690 συντεταγμένους.
985 1633 1057 1676 διὰ
1090 1633 1214 1676 τοῦτο
1242 1634 1321 1687 μὲν
1350 1630 1457 1689 πρὸς
1484 1630 1628 1688 μάχην
1652 1630 1734 1683 οὐχ

347 1799 382 1833 6.
411 1798 453 1835 δὲ
476 1796 518 1835 τὸ
558 1809 637 1847 στρ.
663 1801 705 1840 A,
734 1799 775 1835 δὲ
799 1801 863 1834 καὶ
891 1796 932 1835 τὸ
974 1811 1055 1846 στρ.
1083 1799 1180 1844 vulg.
1333 1810 1383 1832 ιι.
1408 1797 1528 1846 Λιβύῃ
1554 1797 1595 1839 Δ,
1621 1795 1741 1843 Λιβύϊ

347 1847 444 1892 vulg.
575 1859 625 1894 ¹7.
650 1847 891 1896 γραμμάτων
916 1847 1003 1882 libri
1028 1853 1065 1882 et
1089 1847 1172 1881 edd.

254 1981 398 2015 circiter
422 1980 565 2015 duobus
591 1982 631 2015 in
657 1980 841 2027 fugientes
866 1982 1145 2028 impressionem
1173 1981 1271 2023 facit,
1301 1991 1393 2028 quos
1419 1979 1467 2014 ad
1494 1978 1734 2013 Membrasam

254 2029 438 2063 civitatem
464 2030 682 2075 assequitur.
733 2030 798 2064 ubi
824 2031 1015 2076 conspexit
1043 2029 1189 2063 ordines
1216 2029 1395 2069 deserere,
1424 2034 1462 2062 et
1476 2027 1641 2073 neglecta
1664 2028 1735 2060 mi-

254 2077 357 2110 litiae
388 2078 465 2121 lege
492 2078 659 2122 palantes
685 2078 827 2122 vagari,
864 2079 902 2112 in
941 2089 1001 2112 eos
1025 2078 1118 2111 vires
1145 2082 1182 2110 et
1217 2077 1340 2122 copias
1366 2076 1492 2109 exerit.
1543 2074 1735 2108 confestim

253 2125 313 2157 illi
337 2130 529 2159 vertuntur
562 2126 602 2158 in
627 2125 771 2170 fugam,
799 2131 836 2158 et
862 2127 900 2159 in
927 2125 1135 2159 Numidiam
1163 2124 1314 2170 recepti,
1349 2135 1488 2157 rursum
1514 2123 1737 2167 colliguntur

253 2171 302 2206 ad
326 2173 492 2206 invicem.
544 2173 652 2219 pauci
680 2174 876 2207 certamine
905 2173 998 2207 inito
1025 2174 1232 2219 perierunt,
1269 2183 1424 2218 quorum
1463 2171 1586 2217 plures
1621 2171 1736 2216 agniti

254 2226 340 2254 sunt
361 2219 539 2254 Vandali:
568 2221 738 2254 Romanis
765 2222 861 2254 enim
887 2222 1080 2255 Belisarius
1104 2219 1290 2267 parcebat.
1340 2219 1490 2265 direptis
1519 2230 1643 2253 eorum
1672 2230 1734 2252 ca·-

254 2269 350 2310 stris,
379 2267 524 2301 divitias
548 2269 726 2314 comperit
749 2269 788 2302 in
812 2269 887 2303 illis
911 2270 1095 2310 maximas,
1122 2274 1159 2302 et
1183 2279 1241 2301 eas
1256 2267 1440 2309 mulieres,
1459 2278 1610 2314 quarum
1627 2278 1734 2301 causa

253 2316 394 2350 bellum
420 2321 558 2349 motum
589 2321 654 2349 est.
706 2316 762 2349 his
787 2318 874 2350 actis
900 2317 1095 2350 Belisarius
1121 2315 1377 2360 Carthaginem
1405 2315 1606 2349 contendit.
1645 2320 1735 2348 tunc

254 2364 451 2399 adveniens
481 2374 499 2396 e
527 2363 653 2397 Sicilia
675 2365 830 2398 nuncius
857 2364 1007 2410 quidam
1035 2363 1254 2398 seditionem
1279 2364 1317 2397 in
1343 2364 1467 2397 castris
1492 2370 1651 2397 exortam
1679 2374 1734 2396 res

254 2423 381 2446 omnes
407 2410 557 2446 turbare
583 2417 757 2457 paratam,
783 2412 851 2445 nisi
871 2414 1090 2458 quantocius
1124 2411 1281 2453 advolet,
1307 2412 1497 2457 significat.
1549 2411 1735 2457 dispositis

253 2461 382 2507 itaque
407 2471 479 2505 qua
503 2459 620 2493 valuit
645 2465 735 2501 arte,
767 2459 872 2493 rebus
887 2460 1030 2504 Libycis
1055 2466 1092 2493 et
1107 2459 1322 2505 Carthagine
1348 2459 1532 2505 Ildegerdi
1558 2470 1599 2493 ac
1610 2458 1735 2492 Theo-

254 2508 343 2542 doro
371 2506 634 2549 commendata,
659 2507 699 2541 in
715 2508 876 2541 Siciliam
900 2508 1107 2542 revertitur.
1157 2507 1214 2541 his
1243 2514 1362 2541 autem
1390 2508 1557 2552 cognitis,
1584 2507 1736 2541 Germa-

254 2568 341 2591 num
365 2560 537 2602 nepotem
564 2566 669 2588 suum
692 2556 809 2590 virum
837 2557 1031 2601 patricium
1059 2568 1137 2589 cum
1152 2556 1332 2590 Domnico
1363 2561 1400 2590 et
1415 2554 1627 2601 Symmacho
1651 2555 1736 2588 viris

254 2604 407 2639 scientia
429 2603 713 2649 praestantibus,
739 2609 776 2637 et
804 2604 886 2636 aliis
911 2604 1049 2650 paucis,
1075 2604 1113 2638 in
1138 2604 1290 2648 Libyam
1323 2604 1538 2638 transmittit
1562 2603 1735 2636 Iustinia-

255 2664 335 2687 nus.
385 2657 625 2698 posteaquam
660 2662 746 2684 vero
772 2651 1026 2698 Carthaginem
1065 2652 1210 2698 appulit
1235 2653 1449 2692 Germanus,
1482 2651 1640 2684 militum
1669 2662 1736 2683 nu-

254 2712 392 2735 merum
418 2700 623 2741 recensuit,
649 2699 897 2745 perlectisque
930 2700 1126 2734 scribarum
1159 2700 1317 2742 libellis,
1343 2701 1382 2734 in
1421 2699 1553 2744 quibus
1578 2699 1735 2732 militum

256 2749 404 2783 nomina
430 2748 586 2794 ascripta
613 2753 728 2788 erant,
751 2747 894 2780 tertiam
934 2754 1073 2782 tantum
1111 2754 1250 2794 partem
1280 2753 1355 2782 tam
1381 2746 1600 2792 Carthagine
1626 2757 1734 2791 quam

256 2797 407 2832 caeteris
433 2796 473 2830 in
513 2794 663 2830 urbibus
701 2796 924 2839 remansisse,
950 2807 1044 2843 quae
1070 2808 1136 2842 pro
1163 2797 1383 2843 imperatore
1411 2800 1546 2837 staret,
1575 2794 1736 2840 reliquos
