1708 3172
191 165 317 204 XXIV
646 159 991 203 THEOPHANiS
1038 156 1183 200 VITA.

188 262 370 318 νήματι·
441 265 514 304 κατ’
551 264 773 305 σπένδεται
801 259 931 318 φύσις
968 262 1133 314 βροτῶν
1162 256 1360 312 α’λλήλοις
1387 273 1431 299 τε
1459 260 1533 299 καί
1558 259 1657 315 θεῷ,

187 331 470 385 πολυχρόνιον
504 330 730 384 κεκτημένη
761 327 836 370 τὸν
860 325 1067 380 πόλεμον·
1143 326 1218 366 καί
1243 325 1303 372 εἰς
1333 320 1446 366 ἅπαν
1475 326 1658 366 ἐκκαθα-

189 397 408 452 ρισθείσης
435 399 467 451 *‚
504 395 640 436 πάντα
683 393 789 450 πρὸς
818 392 864 436 τό
897 391 1084 450 φαιδρὸν
1110 391 1405 446 μετεβάλλετο.
1462 387 1554 432 τότε
1585 389 1659 432 καί

185 459 305 517 ἥλιος
333 459 355 503 ὅ
389 461 508 504 πάντ’
539 463 708 518 ἐφορῶν
746 460 906 517 ἡμέραν
945 461 1105 516 ε’πῇθεν
1134 458 1373 512 ὁλοσχερῶς
1401 459 1656 513 ἐλευθέριον,

185 528 259 571 καί
284 527 328 571 τὸ
361 530 536 582 στυγνὸν
562 530 635 583 τῆς
654 529 888 583 κατηφείας
917 524 942 567 ὃ
960 529 1128 574 πολλοῖς
1157 526 1456 579 περιεβέβλητο
1482 523 1694 579 χρόνοις5

185 593 506 649 ἀποδυσάμενος
545 594 862 649 σταθεραὶτερον
891 594 1112 645 ἐξέλαμπε.
1184 590 1278 633 τότε
1306 592 1452 633 τοίνυν
1480 591 1565 632 τοὸν
1594 591 1656 632 οἰ-

185 663 308 704 κείων
343 659 643 715 βουλευμάτων
686 659 1023 717 ἧθεοκόσμητος
1062 662 1135 701 καί
1173 659 1374 715 φίλαγνος
1401 659 1581 712 ξυνωρίς
1610 658 1655 699 ἑν

183 732 354 788 ἐξουσία
395 728 616 784 γενομένη,
645 726 716 769 τὸν
744 726 951 782 προσόντα
987 727 1176 767 ποικίλον
1208 725 1388 766 πλοῦτον
1417 726 1492 779 τῆς
1523 723 1658 772 οἰκίας

182 797 488 851 ἐκφοροῦντες,
516 795 621 836 πᾶσι
661 795 737 848 τῆς
765 794 809 835 έν
835 796 963 852 χρείᾳ
992 790 1279 846 καθεστηκόσι
1309 792 1526 844 διένεμον·
1587 791 1660 831 καί

181 864 261 916 μία
293 864 506 918 φιλοθέων
526 861 634 903 οἰκία
664 864 832 909 πολλοῖς
861 857 1212 915 ὖπηρετησαμένη
1232 856 1283 901 τοὶ
1315 856 1555 914 πρόσφορα,
1587 859 1660 898 καί

181 931 267 970 τῶν
295 930 353 985 τῷ
398 930 485 986 θεῷ
515 926 862 982 προσανεχόντων
901 925 951 968 τά
993 929 1141 982 φαῦλα
1187 923 1480 981 διαφερόντως
1523 927 1659 978 θερα-

181 993 391 1051 πεύσασα,
420 994 493 1043 τὸν
518 992 571 1036 τὰ
602 993 770 1036 ἐκείνων
795 992 1132 1046 ἰδιοποιούμενον
1161 988 1356 1046 μεγάλως
1385 993 1628 1045 κατέτερπε.

151 1119 156 1123 ἱ
300 1062 448 1103 Ταῦτα
491 1057 568 1103 οὖν
605 1060 678 1102 καί
706 1058 756 1102 τά
789 1058 897 1102 ἄλλα
926 1056 1008 1102 ὅσα
1038 1061 1220 1114 προσῆκε
1251 1057 1599 1114 διαπραξάμενοι,
1629 1057 1654 1111 ἢ

181 1131 260 1182 μὲν
285 1131 342 1185 τῷ
369 1126 475 1170 κατά
508 1131 753 1183 Πριγκίπου
783 1129 962 1185 σεμνείῳ
993 1127 1138 1176 αὐτοῖς
1165 1125 1349 1180 κτήμασι
1380 1125 1658 1179 έγκατοικιζε-

181 1213 275 1252 ται,
315 1196 336 1236 ὁ
381 1197 425 1237 δὲ
469 1196 576 1250 πρὸς
620 1196 688 1237 τὸν
732 1197 866 1248 μέγαν
908 1195 1192 1247 ἐπανατρέχει
1224 1191 1492 1247 Στρατηγιον,
1521 1193 1564 1233 ἐν
1594 1193 1652 1249 τῷ
1699 1225 1708 1234 r

184 1262 288 1305 κατά
324 1261 402 1317 τὴν
433 1260 664 1317 Σιγριανῆν
695 1262 978 1318 Πολυχρονίῳ
1007 1257 1280 1315 τυγχάνοντα,
1311 1257 1335 1300 ὃ
1362 1256 1496 1300 πάλαι
1523 1257 1656 1315 τούτῳ

183 1333 285 1384 παρ’
327 1330 461 1370 αὐτοῦ
502 1327 715 1385 δεδώρητο
749 1326 967 1387 ῥᾳστώνης
991 1328 1122 1382 χάριν
1151 1325 1224 1368 καί
1251 1323 1550 1376 ἀναπαύσεως,
1583 1325 1656 1365 κᾶ-

185 1402 297 1438 κεῖσε
326 1402 418 1445 ταῖς
447 1395 608 1437 ἐκείνου
650 1398 800 1449 χερσῖν
829 1392 1125 1449 ἀποκείρεται·
1199 1395 1361 1447 μᾶλλον
1389 1394 1468 1446 μὲν
1497 1386 1572 1434 οὖν
1600 1390 1658 1434 ἱε-

184 1468 427 1517 ρουργεῖται
465 1464 604 1520 πολλῷ
644 1465 718 1517 τῆς
749 1464 829 1503 τοῦ
846 1459 1033 1516 μεγάλου
1062 1459 1202 1503 Ἰσαὰκ
1231 1461 1387 1510 θυσίας
1415 1458 1657 1515 ἱερουργίαν

1677 875 1708 900 Ι(

185 1528 437 1586 ἱερωτέραν,
485 1527 589 1573 ὅσον
629 1533 705 1573 τοῦ
742 1530 943 1571 α’κουσίου
972 1529 1224 1584 σεμνότερον
1264 1526 1312 1568 τὸ
1356 1525 1558 1580 ἑκούσιον,
1586 1529 1708 1568 καίοι

184 1599 262 1639 τοῦ
285 1596 344 1654 μή
386 1599 680 1651 τετελεσμένον
716 1595 763 1639 τὸ
806 1597 938 1652 πέρας
975 1595 1129 1650 λαβόν·
1199 1591 1371 1654 κάκείνῳ
1418 1593 1496 1650 τήν
1524 1591 1657 1649 μονήν

282 1739 314 1772 3.
342 1738 476 1784 ἄχλυος
497 1739 557 1772 vel
582 1738 700 1772 simile
736 1737 826 1784 quid
852 1737 1027 1772 excidisse
1051 1736 1204 1771 videtur.
1326 1736 1360 1780 4.
1392 1732 1545 1782 ἕπῇθεν]
1575 1733 1656 1769 ἐπί-

279 1790 349 1824 θεν
372 1787 449 1821 Par.
478 1791 516 1821 et
541 1787 579 1820 in
602 1787 781 1831 margine:
814 1786 908 1820 forte
933 1787 1120 1830 ἐποίησεν.
1241 1784 1275 1818 8.
1302 1785 1442 1823 οἰκείας
1464 1783 1539 1816 Par.

186 1914 382 1948 humanum
410 1925 532 1958 genus,
559 1913 659 1960 quod
684 1913 855 1947 diuturno
879 1913 979 1947 bello
1005 1911 1245 1953 laboraverat,
1273 1922 1352 1944 cum
1378 1920 1500 1944 secum
1525 1909 1654 1953 ipsum,

185 1968 262 1996 tum
286 1973 366 1995 cum
402 1962 472 1995 deo
513 1962 748 1995 conciliatur:
788 1972 1008 2006 prorsusque
1048 1960 1208 2006 depulsis
1247 1958 1428 1998 tenebris,
1467 1956 1654 1989 laetiorem

186 2010 305 2043 omnia
331 2010 459 2042 faciem
486 2009 698 2042 induebant.
749 2014 836 2042 tunc
860 2019 1007 2054 quoque
1036 2008 1114 2049 sol,
1143 2007 1204 2052 qui
1234 2012 1361 2040 cuncta
1389 2006 1532 2045 lustrat,
1559 2003 1655 2036 diem

187 2068 231 2090 ex
257 2058 353 2090 omni
379 2062 482 2102 parte
507 2056 639 2089 librum
666 2057 808 2097 extulit,
833 2061 867 2089 et
894 2066 1092 2089 moerorem
1117 2060 1228 2100 atque
1255 2054 1449 2093 tristitiam,
1475 2063 1567 2097 quae
1594 2050 1654 2083 diu

185 2106 304 2150 ipsum
333 2109 590 2149 occupaverat,
618 2115 776 2145 exuens,
803 2103 955 2136 nitidius
978 2103 1106 2136 eluxit.
1155 2108 1241 2135 tunc
1270 2102 1382 2146 igitur
1409 2112 1428 2133 a
1454 2099 1523 2133 deo
1548 2109 1656 2132 orna-

185 2158 276 2193 tum,
302 2163 343 2185 ac
370 2152 546 2185 castitatis
573 2163 695 2184 amans
713 2162 778 2196 par
805 2150 916 2191 iilud,
943 2151 1018 2183 eius
1038 2149 1137 2197 quod
1156 2150 1274 2183 animo
1302 2149 1539 2182 constitutum
1568 2151 1655 2186 erat,

187 2205 332 2233 nactum
361 2205 588 2244 potestatem,
614 2199 743 2231 uberes
769 2197 874 2232 domo
902 2198 1047 2231 divitias
1084 2198 1319 2243 proferentes,
1344 2197 1382 2230 in
1409 2206 1534 2229 omnes
1559 2194 1655 2237 large

189 2258 322 2291 egenos
348 2247 556 2291 erogabant.
618 2246 783 2292 adeoque
817 2258 887 2279 una
913 2245 973 2279 dei
1000 2245 1196 2279 amantium
1223 2244 1376 2285 domus,
1398 2243 1534 2282 multis,
1562 2252 1654 2286 quae

186 2295 300 2328 victui
339 2300 441 2328 erant
479 2295 678 2327 necessaria
716 2294 1007 2334 subministrans,
1041 2299 1078 2326 et
1106 2304 1228 2326 eorum
1256 2293 1319 2338 qui
1344 2302 1382 2325 se
1406 2290 1475 2323 deo
1502 2288 1655 2322 dedide-

188 2348 280 2382 rant,
307 2342 515 2388 pauperiem
538 2342 708 2388 vitaeque
734 2340 960 2374 incommoda
997 2341 1126 2373 eximie
1156 2340 1361 2380 sublevans,
1391 2337 1498 2371 deum
1526 2338 1655 2382 ipsum,

188 2391 251 2436 qui
280 2389 370 2423 haec
395 2401 457 2422 sua
485 2390 632 2430 fecerat,
655 2388 892 2423 vehementer
919 2388 1139 2422 oblectabat.

284 2438 372 2471 Cum
398 2438 509 2481 igitur
536 2436 626 2470 haec
651 2442 688 2470 et
727 2437 799 2468 alia
826 2436 938 2469 multa
971 2435 1231 2481 perfecissent,
1254 2433 1317 2466 illa
1338 2432 1483 2479 quidem
1508 2430 1547 2463 in
1575 2441 1655 2462 mo—

186 2485 342 2519 nasterio
377 2484 476 2530 quod
517 2486 555 2518 in
589 2484 708 2517 insula
744 2485 906 2528 Principe
942 2484 1047 2516 situm
1077 2488 1153 2523 est,
1183 2481 1324 2515 collatis
1350 2492 1393 2514 eo
1421 2476 1655 2513 facultatibus

187 2533 260 2567 suis
290 2532 473 2566 consedit:
510 2532 570 2566 hic
603 2538 724 2565 autem
750 2531 795 2564 ad
816 2542 984 2575 magnum
1020 2531 1232 2575 Strategium
1259 2528 1449 2561 revertitur
1474 2525 1570 2572 apud
1595 2525 1655 2558 Si-

187 2581 345 2625 grianam
374 2579 563 2623 degentem
603 2579 642 2612 in
666 2580 885 2612 monasterio
909 2603 918 2619 ,
938 2579 995 2611 cui
1024 2589 1156 2611 nomen
1191 2575 1448 2619 Polychronius
1468 2587 1477 2618 3
1499 2572 1598 2619 quod
1625 2573 1654 2604 is

186 2627 232 2661 ab
260 2629 338 2674 ipso
380 2628 447 2661 otii
482 2628 689 2673 quietisque
723 2627 837 2671 gratia
866 2625 1039 2659 donatum
1066 2630 1274 2669 acceperat:
1315 2623 1462 2668 illicque
1488 2619 1654 2654 manibus

185 2676 286 2708 illius
325 2674 567 2719 detondetur3
603 2675 675 2707 imo
701 2685 785 2707 vero
811 2673 1017 2706 immolatur
1034 2698 1043 2714 ‚
1087 2671 1209 2706 hostia
1234 2682 1343 2716 quam
1382 2681 1531 2714 magnus
1555 2670 1655 2702 Isaac

184 2722 294 2768 longe
320 2723 538 2764 sacratiore,
575 2733 647 2768 quo
677 2722 919 2767 praestantius
946 2720 1178 2766 sanctiusque
1213 2718 1312 2764 quod
1339 2718 1433 2751 ultro
1457 2717 1523 2757 fit,
1546 2726 1654 2762 quam

185 2771 284 2816 quod
307 2777 452 2818 praeter
474 2771 718 2810 voluntatem,
751 2774 861 2815 atque
886 2767 942 2810 id,
979 2767 1078 2814 quod
1102 2772 1288 2813 peractum
1314 2771 1387 2807 est,
1419 2776 1461 2798 eo
1489 2764 1546 2798 cui
1573 2763 1653 2797 finis
