1786 3204
255 163 371 223 258
778 182 1129 227 THEOPHANis

254 287 411 340 ἐλθεῖν,
440 286 513 328 καί
539 284 599 342 μὴ
629 283 712 328 ὑπὸ
756 288 840 329 τῶν
871 287 1010 328 κυνῶν
1049 284 1211 328 τούτων
1239 279 1373 335 οὕτως
1403 284 1648 336 παῖζε-σθαι.
1707 280 1730 323 ὅ

256 355 304 396 δὲ
343 352 552 408 Καβάδης
595 352 841 410 ἐπηρώτησε
881 353 967 396 κατ’
1012 353 1127 396 ἰδίαν
1155 349 1229 394 τὸν
1257 352 1486 408 Ζιλίγδην,
1515 352 1558 393 εἰ
1581 347 1733 404 ἔλαβεν

254 419 374 478 παρὰ
396 418 620 475 Ῥωμαίων
649 423 782 478 δῶρα,
813 421 1067 477 προτραπεὶς
1096 419 1203 462 κατὰ
1233 421 1442 474 Περσῶν,-
1468 418 1492 462 ὃ
1521 419 1569 461 δὲ
1597 413 1732 460 εἶπεν·

215 490 337 533 (ἔναι’.
395 489 470 532 καί
495 487 713 544 ὀργισθεὶς
747 486 767 530 ὃ
802 485 1013 544 Καβάδης
1042 486 1250 544 ἐφόνευσε
1279 487 1422 541 αὐτόν,
1453 489 1527 529 καί
1554 483 1626 528 διὰ
1658 487 1735 540 τῆς

254 554 408 607 νυκτὸς
436 557 612 610 πέμψας
640 555 784 611 πλήθη
799 557 997 612 Περσῶν,
1030 555 1195 598 α’νεῖλεν
1224 552 1300 597 τὸν
1319 551 1421 597 λαὸν
1451 555 1602 605 αὐτοῦ,
1631 549 1773 600 ὑπο-5

255 621 438 681 νοήσας,
481 620 549 666 ὅτι
579 622 688 682 δόλῳ
720 617 854 679 ἦλθον
897 622 1005 679 πρὸς
1043 619 1184 668 αὐτόν.
1256 619 1350 666 ὅσοι
1381 623 1428 665 δὲ
1458 619 1735 678 ἠδυνήθησαν

257 698 423 751 φυγεῖν,
452 693 681 744 ἀνέζευξαν
710 691 769 740 εἰς
799 689 852 732 τὰ
882 689 986 733 ἴδια.

371 759 622 817 Εὕφράσιος
666 760 713 800 δὲ
753 757 773 800 ὃ
801 758 1063 813 Ἀντιοχείας
1086 753 1168 814 ’τὴν
1209 759 1254 801 ἐν
1283 753 1530 812 Χαλκηδόνι
1557 755 1738 799 σύνοδον

258 828 431 881 ἐξέβαλε
470 830 553 869 τῶν
582 823 826 881 διπτύχων,
867 828 940 869 καί
965 826 1027 868 ’τὸ
1057 818 1191 880 ὄνομα
1225 825 1436 881 Ὁρμίσδα
1471 827 1549 867 τοῦ
1583 822 1736 866 πάππα

252 896 432 951 Ῥώμης.
496 893 602 948 μετὰ
645 896 692 936 δὲ
725 896 862 938 ταῦτα
894 895 1123 952 φοβηθείς,
1169 894 1246 944 τὰς
1283 897 1492 950 τέσσαρας
1534 890 1736 940 συνόδους
1755 911 1786 938 1«

257 961 499 1020 ἐκήρυττεν.
531 990 533 993 -
1343 976 1347 982 ·

371 1031 582 1087 Καβάδης
612 1031 658 1073 δὲ
691 1029 716 1072 ὅ
745 1031 828 1072 τῶν
847 1032 1045 1086 nepae&
1075 1028 1281 1085 βασιλεύς
1307 1028 1381 1073 τὸν
1412 1030 1497 1072 τῶν
1514 1025 1740 1083 Ῥωμαίων

257 1100 439 1152 βασιλέα
479 1101 706 1152 ἐπίτροπον
747 1098 824 1140 τοῦ
863 1094 1023 1140 ἑαυτοῦ
1071 1097 1188 1142 οἴκου
1217 1103 1468 1141 καταλιπεῖν
1496 1096 1736 1154 ἠθέλησεν·

260 1166 311 1206 οῑῗ
345 1165 427 1220 γάρ
459 1167 658 1221 ἐβούλετο
688 1164 760 1208 τὸν
798 1164 1088 1222 πρεσβύτερον
1130 1168 1264 1209 αὐτοῦ
1296 1165 1437 1220 υἱόν,
1457 1166 1533 1208 καί
1560 1162 1583 1206 ὅ
1612 1160 1741 1216 νόμος

260 1235 448 1289 Περσῶν
489 1233 631 1276 ἐκάλει
674 1235 754 1276 τοῦ
798 1229 953 1291 ἄρξαι,
988 1234 1091 1277 ου’δὲ
1140 1234 1210 1277 τὸν
1258 1232 1471 1290 δεύτερον,
1510 1232 1622 1276 διότι
1666 1231 1740 1275 τὸν
1759 1237 1786 1273 1!

213 1301 492 1358 Βόφθαλμὸν
519 1303 758 1353 ἐκκέκοπτο,
790 1302 994 1357 Χοσρόην
1024 1303 1071 1346 δὲ
1113 1302 1172 1353 ὥς
1202 1303 1249 1344 ἑκ
1273 1304 1347 1357 τῆς
1378 1302 1587 1346 Ἀσπὲδου
1619 1300 1743 1344 ἀδελ-

261 1372 346 1427 φῆς
378 1371 634 1426 γεννηθέντα
662 1370 806 1425 ἠγάπα
841 1369 861 1411 ὁ
895 1371 1053 1426 πατήρ.
1127 1369 1268 1421 ἔδοξεν
1299 1365 1376 1412 οὖν
1406 1369 1525 1427 αὐτῷ
1554 1370 1615 1419 εἰς
1639 1366 1743 1411 Ῥω-

257 1440 416 1492 μαίους
457 1439 724 1494 εἰρηνεῦσαι·
800 1438 874 1480 καί
906 1437 1103 1494 Χοσρόην
1136 1441 1316 1481 ἐποιεῖτο
1351 1439 1487 1480 παῖδα
1516 1438 1592 1480 τοῦ
1618 1439 1745 1492 βασι-

260 1509 365 1557 λέως
395 1507 615 1560 γενέσθαι·
674 1506 745 1548 ἐπὶ
771 1505 935 1556 τούτοις
972 1510 1171 1563 πρέσβεις
1199 1509 1260 1557 εἰς
1290 1504 1334 1549 τὸ
1366 1503 1610 1558 Βυζάντιον
1637 1501 1745 1558 πρὸς

257 1575 479 1618 Ἰουστῖνον
507 1571 708 1628 ἐπεμψεν.
767 1572 788 1616 ὅ
822 1575 868 1617 δὲ
896 1572 1106 1628 βασιλεῦς
1127 1574 1206 1631 τήν
1235 1572 1468 1631 σύγκλητον
1496 1575 1556 1623 εἰς
1584 1568 1780 1627 βουλὴνα

259 1643 443 1692 καλέσας
482 1642 534 1684 ου’
565 1643 817 1694 κατεδέξατο
850 1644 969 1684 τοῦτο
1011 1644 1230 1698 γενέσθαι,
1263 1644 1382 1685 δόλον
1411 1639 1485 1685 καί
1511 1641 1743 1697 προδοσίαν

360 1790 390 1813 ¹.
422 1777 540 1818 οὕτως
566 1790 636 1812 om.
658 1779 698 1812 A.
833 1788 866 1811 2.
899 1777 1128 1828 ἐπηρώτησε]
1154 1778 1318 1825 ἐδήλωσε
1346 1779 1385 1813 Α.
1497 1778 1532 1812 6.
1559 1772 1676 1822 ἦλθον
1699 1775 1743 1818 A,

356 1823 471 1871 ἦλθεν
507 1828 602 1872 vulg.
746 1828 780 1862 8.
809 1824 828 1861 ὅ
856 1825 938 1859 add.
971 1839 1015 1860 ex
1046 1829 1088 1861 A.
1235 1841 1269 1872 9.
1299 1826 1484 1876 Ὁρμίσδα
1519 1825 1603 1859 add.
1629 1836 1673 1859 ex
1701 1825 1742 1858 A.

364 1876 417 1909 16.
445 1877 619 1911 ἐκέκοπτο
648 1875 688 1908 A.
824 1872 1007 1922 Ἀσπὲβου
1030 1875 1071 1917 Α,
1096 1875 1325 1923 ’Λσπεβέδου
1353 1890 1385 1918 a,
1408 1874 1618 1912 Ἀσπεύδου
1646 1885 1677 1915 e,
1702 1870 1744 1912 ὃς

359 1924 400 2007 ἐκ
425 1922 680 2006 τῆςὴᾶδελφῆς
701 1922 929 1970 Ἀσπεβέδου
955 1925 1136 1972 ἐγεννήθη
1166 1925 1201 1959 b.
1328 1927 1380 1960 18.
1409 1925 1533 1962 ἐποίει
1560 1920 1627 1960 τὸν
1650 1927 1743 1958 παῖ-

386 1985 410 2006 a
434 1973 462 2006 A
517 1997 526 2006 .

265 2086 428 2120 cabades
453 2087 563 2132 igitur
578 2087 750 2133 Ziligdem
776 2089 924 2122 seorsim
949 2089 1162 2134 interrogat,
1190 2100 1277 2122 num
1303 2088 1353 2120 ita
1384 2084 1644 2121 deludentibus
1659 2085 1745 2118 Per-

265 2134 326 2176 sis,
353 2136 556 2181 accepisset
580 2147 599 2168 a
619 2137 787 2170 Romanis
814 2137 989 2171 munera?
1038 2138 1090 2171 ita
1111 2142 1183 2170 est:
1212 2135 1410 2181 respondet
1428 2136 1504 2168 ille.
1556 2133 1614 2167 his
1639 2144 1747 2166 exar-

266 2183 315 2216 sit
351 2183 526 2223 Cabades,
566 2189 603 2217 et
639 2185 756 2230 ipsum
797 2185 1004 2219 interfecit:
1041 2186 1233 2231 missisque
1277 2195 1342 2229 per
1382 2189 1527 2217 noctem
1560 2183 1746 2217 Persarum

266 2231 471 2276 agminibus
497 2231 619 2276 copias
647 2233 723 2266 eius
753 2232 902 2275 delevit,
931 2245 1012 2267 eum
1031 2233 1116 2267 dolo
1131 2233 1278 2267 ductum
1297 2231 1342 2265 ad
1363 2243 1400 2266 se
1417 2232 1609 2265 accessisse
1626 2229 1746 2276 suspi-

266 2285 378 2314 catus.
429 2279 455 2312 ii
483 2279 626 2312 demum
653 2280 786 2325 quibus
815 2282 898 2327 fuga
924 2283 1097 2328 permissa
1123 2287 1178 2315 est
1203 2281 1348 2313 domum
1375 2280 1576 2314 redierunt.

362 2327 582 2373 Euphrasius
608 2334 728 2362 autem
751 2329 998 2363 Antiochenus
1025 2329 1337 2364 Chalcedonensis
1374 2328 1505 2374 synodi
1540 2332 1682 2374 patrum
1710 2330 1748 2360 et

266 2376 381 2422 ipsius
417 2386 534 2421 papae
565 2376 715 2409 Romani
756 2379 905 2411 nomina
942 2377 1124 2424 diptychis
1158 2378 1346 2423 expunxit.
1402 2375 1636 2423 postmodum
1660 2386 1746 2410 vero

267 2429 367 2459 metu
392 2423 586 2470 poenitens
614 2424 789 2466 redditus,
817 2431 974 2472 quatuor
1002 2425 1159 2470 synodos
1185 2425 1334 2471 publice
1358 2425 1608 2472 promulgavit.

365 2472 558 2506 Caeterum
583 2471 745 2506 cabades
770 2474 956 2507 Persarum
982 2485 1045 2507 rex
1071 2476 1312 2507 Romanorum
1338 2475 1593 2520 imperatorem
1620 2472 1749 2506 domus

269 2531 356 2554 suae
392 2525 595 2554 curatorem
634 2520 825 2554 instituere
859 2523 1069 2567 proposuit:
1110 2523 1284 2557 maiorem
1320 2523 1457 2569 quippe
1493 2527 1582 2555 natu
1620 2521 1749 2560 filium,

271 2580 379 2616 quem
404 2569 589 2602 Persarum
614 2567 711 2612 leges
737 2567 783 2601 ad
809 2580 958 2613 regnum
975 2569 1166 2612 vocabant,
1194 2571 1252 2604 vel
1272 2570 1317 2603 ab
1344 2583 1386 2605 eo
1408 2569 1619 2611 secundum,
1649 2566 1750 2615 quod

272 2617 398 2650 oculus
425 2617 459 2650 ei
486 2616 581 2650 foret
611 2617 773 2658 effossus,
801 2628 951 2662 regnare
978 2618 1120 2652 noluit:
1165 2618 1361 2653 Chosroem
1391 2625 1511 2652 autem
1533 2630 1577 2652 ex
1604 2615 1749 2662 Aspede

271 2675 393 2699 sorore
422 2670 627 2710 susceptum
653 2663 830 2709 diligebat
858 2671 974 2711 pater.
1026 2678 1136 2712 quare
1162 2679 1242 2700 cum
1269 2668 1437 2701 Romanis
1463 2677 1589 2712 pacem
1615 2664 1750 2698 habere

272 2713 510 2754 decrevit,·et
528 2711 722 2746 chosroem
749 2713 978 2759 imperatoris
1005 2714 1120 2748 filium
1154 2716 1346 2749 instituere
1372 2710 1586 2755 meditatus‚'
1609 2715 1749 2758 Byzan-

271 2762 363 2795 tium
382 2761 524 2807 lega-tos
542 2759 588 2794 ad
601 2760 918 2795 lustinum‘mittit„
952 2762 1150 2809 imperator
1167 2763 1378 2810 adoptivum
1400 2775 1443 2798 ex
1458 2767 1603 2797 senatus
1631 2759 1752 2795 consi-

273 2809 324 2843 lio
351 2820 433 2844 eum
459 2809 538 2843 fieri
564 2819 640 2843 non
665 2808 827 2844 admisit:
855 2821 995 2846 merum
1011 2812 1107 2846 enim
1133 2810 1258 2846 dolum
1282 2814 1594 2858 Romanorumque
1621 2808 1749 2858 perni-
