1768 3106
277 145 390 216 524
829 167 1174 211 TnEoPflAms

272 269 460 324 νημένον,
491 266 543 324 ἢν
566 266 753 322 μάλιστα
775 270 884 324 μετὰ
913 274 985 314 τοῦ
1009 272 1153 312 τέκνου
1186 265 1210 326 ἧ
1240 267 1425 326 ὑμετέρα
1454 271 1535 315 σύν
1552 274 1639 332 θεῷ
1656 274 1740 329 mr]-

272 351 356 391 φος
382 338 454 392 τῆς
496 338 716 390 βασιλείας
746 338 919 389 δικαίως
953 340 1160 394 ἐξέβαλεν,
1190 335 1296 393 πρὸς
1323 337 1370 380 τὸ
1401 336 1458 396 μὴ
1491 341 1597 382 ἰδεῖν
1624 342 1737 382 ἐκνο-

270 400 466 455 μαὶτατον
500 402 578 458 τήν
618 405 841 457 βασιλείαν
868 405 1113 458 ”Ρωμαίων.
1158 407 1280 447 τοῦτο
1321 401 1440 458 μάλα
1471 403 1678 460 ἑγνωκυῖα
1709 406 1735 462 ἦ

271 469 458 525 ὑμετέρα
486 468 714 527 ὑπερφυὴς
741 473 1066 528 σεμνοπρέπεια.
1124 469 1190 514 διὸ
1219 473 1451 526 παρακαλῶ
1480 473 1591 526 ὖμᾶς
1620 471 1737 528 ἔχειν

234 535 542 591 Βσυμβούλους
574 537 646 580 καὶ
673 537 890 593 γνώμονας
919 541 993 594 τῆς
1017 539 1158 595 κοινῆς
1183 538 1268 581 τῶν
1298 536 1494 595 ὑπηκόων
1512 543 1768 596 σωτηριάς.5

269 606 403 647 ταῦτα
448 604 578 648 εἰπών
626 605 838 649 ἀπέλυσεν
886 605 964 663 τήν
1013 606 1242 663 σύγκλητον
1284 605 1492 664 δωρεαῖς*
1509 610 1736 664 φιλοτιμη-

267 686 464 725 σαμενος.

61 740 253 780 Α.Μ.6ι35
384 737 527 798 Τούτῳ
555 739 613 799 τῷ·
653 737 737 782 ἔτει
766 734 924 795 ἤρξατο
966 734 1168 796 Οῧμαρος
1194 741 1431 795 οἰκοδομεῖν
1457 739 1531 784 τὸν
1559 740 1664 784 ναὸν
1689 741 1734 783 έν

258 803 559 862 Ἰερουσαλήμ,
600 808 676 850 καί
712 807 793 862 οὐχ
834 809 978 850 ἵστατο
1026 806 1073 850 τὸ
1118 811 1270 862 κτίσμα
1313 806 1422 851 ἀλλὰ
1464 809 1734 851 κατέπιπτεν·

263 874 490 932 πυθομένῳ
519 875 567 917 δὲ
593 873 674 930 τὴν
692 877 831 917 αἰτίαν
852 870 970 917 εἶπον
997 873 1037 917 οἱ
1058 875 1284 919 Ἰουδαῖοι·
1312 871 1380 917 ὅτι
1400 874 1476 917 ἐὰν
1500 873 1572 919 τὸν
1599 889 1731 918 σταυ-
1751 893 1764 920 ι

260 938 339 996 ρὸν
366 940 439 983 τὸν
468 935 572 984 ὄντα
603 940 744 984 έπὰνω
776 943 853 984 τοῦ
881 937 1006 997 ὅρους
1032 944 1118 984 ταῖν
1146 944 1300 984 ἐλαιῶν
1343 942 1420 984 ου’κ
1445 939 1649 998 ἑποίρητε,
1681 943 1734 983 ου’

260 1008 404 1065 στήκει
445 1009 490 1051 τό
535 1011 704 1063 κτίσμα.
769 1009 906 1052 ἕνεκεν
934 1009 1093 1065 ταύτης
1135 1011 1209 1065 τῆς
1238 1010 1485 1059 ὑποθέσεως
1513 1008 1679 1064 ἐπήρθη
1710 1007 1734 1050 ὅ

259 1074 447 1131 σταυρὸς
487 1077 676 1133 ἐκεῖθεν,
716 1078 790 1118 καί
825 1074 935 1120 οὕτω
974 1075 1212 1134 συνεστάθη
1257 1076 1402 1120 αὐτῶν
1422 1099 1425 1104 -
1447 1076 1475 1132 ἢ
1521 1075 1736 1131 οἰκοδομή.

261 1141 334 1185 διὰ
365 1143 526 1200 ταύτην
553 1143 630 1201 τὴν
662 1143 806 1188 αἰτίαν
835 1142 1018 1195 πολλοὺς
1044 1142 1262 1201 σταυρούς
1279 1141 1517 1201 ,κατήγαγον
1543 1141 1583 1186 οἳ
1609 1140 1735 1198 μισό-

220 1213 249 1247 C
258 1225 445 1267 χριστοι.
1275 1239 1284 1250 ,
1524 1245 1527 1250 .
1750 1232 1764 1260 1

50 1277 248 1315 Α·Μ·6136
366 1277 690 1335 Ἀλεξανδρείας
720 1278 949 1322 ἐπισκόπου
970 1281 1142 1335 Πέτρου
1171 1277 1262 1330 ἔτος
1291 1279 1343 1322 α’.

374 1343 518 1404 Τούτῳ
558 1347 616 1404 τῷ
655 1344 742 1389 ἔτει
789 1348 1038 1389 ἐστασίασεν
1081 1344 1408 1396 Βαλεντινιανὸς
1447 1344 1471 1388 ὅ
1517 1345 1734 1401 πατρίκιος

258 1410 364 1455 κατὰ
391 1412 693 1470 Κώνσταντος,
730 1416 805 1457 καί
839 1415 1013 1469 πέμψας
1040 1413 1074 1469 ,ὅ
1117 1412 1322 1469 βασιλευς
1357 1415 1509 1456 τοῦτον
1549 1411 1737 1467 ἀνεῖλεν,

260 1481 335 1523 καί
360 1479 434 1523 τὸν
471 1478 577 1524 λαὸν
618 1483 680 1531 εἰς
713 1480 790 1537 τὴν
830 1478 988 1523 ἑαυτοῦ
1027 1478 1198 1525 εὔνοιαν
1236 1481 1484 1537 μετήγαγεν.
1555 1480 1628 1523 καί
1667 1476 1734 1522 ἕκ-

353 1645 387 1668 2.
415 1634 570 1676 δικαίως
596 1647 665 1670 om.
695 1646 727 1669 a.
843 1635 877 1669 3.
903 1635 1023 1685 μάλα]
1053 1637 1154 1683 μέγα
1178 1637 1207 1670 Α
1226 1636 1259 1669 'f.
1357 1635 1414 1682 ᾳ5.
1436 1637 1631 1682 ’σωτηρίας
1653 1644 1723 1667 om.

351 1684 381 1717 A
409 1694 429 1716 a
455 1683 480 1716 f·
586 1686 620 1719 8.
644 1681 685 1719 τὸ
713 1684 924 1739 μαγίσδιον
949 1680 990 1720 τὸ
1014 1685 1259 1731 Σαρακηνιῦν,
1287 1683 1328 1719 ἐν
1352 1684 1372 1730 ᾑ
1399 1683 1532 1730 πρώην
1563 1682 1728 1727 ὑπῆρχεν

350 1729 372 1766 ὁ
395 1730 688 1778 Σολομωνιακὸς
710 1745 804 1772 ναος
828 1732 852 1765 f.
957 1744 1010 1766 ιι.
1038 1731 1165 1782 ὄρους]
1193 1734 1289 1769 ναοῦ
1305 1733 1369 1766 τοῦ
1399 1733 1438 1764 Α.
1558 1730 1728 1778 emique,

353 1777 423 1814 οὐκ
448 1780 525 1816 ἔστι
551 1791 584 1814 a.
724 1782 774 1816 13.
802 1781 840 1816 οἱ
862 1781 932 1817 οἰκ.
958 1781 1055 1826 vulg.
1189 1791 1243 1827 ¹9·
1270 1778 1424 1817 εὔνοιαν
1451 1790 1520 1814 om.
1547 1779 1588 1813 A.

258 1939 363 1963 suum
388 1931 504 1964 scelus
534 1930 612 1978 ipsa
637 1942 702 1978 per
722 1931 984 1970 Heracleonam
1007 1943 1109 1965 suum
1137 1942 1182 1965 ex
1207 1930 1373 1964 Heraclio
1398 1929 1513 1964 filium
1539 1931 1729 1974 perpetra-

258 1976 323 2010 vit.
374 1978 608 2023 quamobrem
630 1991 713 2022 vos,
756 1980 824 2014 deo
854 1981 904 2014 ita
926 1980 1164 2020 consulente,
1192 1978 1504 2012 senatusconsulto
1530 1987 1608 2009 eam
1635 1975 1731 2009 eius-

257 2035 330 2069 que
355 2025 471 2060 filium
509 2028 659 2073 imperio
685 2028 869 2070 3eiecisfis,
904 2039 950 2061 ne
990 2029 1147 2061 Romana
1180 2026 1376 2060 dominatio
1402 2024 1594 2069 illegitima
1619 2028 1732 2068 atque

258 2072 399 2105 nefaria
437 2074 552 2108 videri
577 2081 724 2121 posset,
759 2088 839 2109 cum
865 2075 905 2109 id
938 2087 1025 2121 prae
1067 2075 1219 2108 caeteris
1244 2073 1435 2107 manifeste
1460 2075 1629 2116 procuret
1653 2082 1731 2103 am-

258 2119 421 2165 plissima
446 2128 563 2156 vestra
589 2123 756 2168 dignitas.
808 2130 1030 2170 quapropter
1055 2134 1118 2156 vos
1144 2121 1339 2167 deprecor,
1369 2125 1409 2153 ut
1436 2118 1661 2151 consiliarios
1691 2129 1732 2150 ac

260 2166 396 2201 iudices
419 2181 483 2214 pro
508 2172 688 2204 communi
718 2172 850 2204 civium
877 2172 992 2205 salute
1016 2175 1155 2204 vosmet
1180 2170 1277 2215 ipsos
1302 2167 1389 2200 mihi
1411 2166 1626 2212 praebeatis.
1654 2164 1733 2198 his·

263 2226 336 2260 que
365 2216 508 2250 demum
531 2218 637 2252 dictis
671 2225 835 2253 senatum
871 2219 1035 2253 maximis
1069 2216 1279 2251 muneribus
1310 2215 1388 2248 fuse
1425 2213 1644 2248 cumulatum
1673 2213 1732 2246 di-

262 2263 372 2297 misit.

358 2312 436 2345 Hoc
459 2322 554 2345 anno
580 2313 731 2346 Umarus
757 2314 934 2359 templum
951 2311 1208 2355 Hierosolymis
1233 2315 1433 2343 restaurare
1457 2319 1638 2353 aggressus
1665 2313 1732 2348 est,

262 2358 469 2392 aedificium
511 2371 595 2392 vero
639 2361 740 2394 firmo
779 2361 1016 2394 fundamento
1056 2366 1150 2393 stare
1182 2369 1255 2391 non
1295 2358 1422 2398 valuit,
1446 2356 1575 2390 sedin
1599 2361 1731 2389 terram

263 2406 431 2441 concidit.
496 2418 637 2440 causam
675 2409 871 2443 sciscitanti
907 2407 1172 2453 responderunt
1211 2405 1357 2438 Iudaei:
1413 2404 1482 2438 nisi
1515 2414 1655 2436 crucem
1693 2403 1734 2436 in

261 2460 387 2489 moute
423 2454 598 2488 olivarum
637 2455 767 2489 elatam
810 2456 1053 2495 sustuleritis,
1088 2465 1264 2500 nusquam
1303 2452 1507 2486 aedificium
1546 2452 1732 2484 consistet.

263 2502 371 2536 liuius
398 2503 510 2547 gratia
535 2514 620 2535 crux
645 2503 732 2536 inde
753 2503 894 2536 deiecta
925 2509 1000 2543 est,
1034 2507 1144 2547 atque
1174 2502 1224 2534 ita
1254 2512 1376 2534 eorum
1402 2499 1607 2533 aedificatio
1631 2499 1734 2531 firma

262 2551 387 2591 stetit,
414 2556 452 2584 et
477 2549 524 2583 ob
551 2562 691 2584 causam
722 2550 874 2585 eandem
909 2551 1118 2584 innumeras
1150 2560 1273 2583 cruces
1298 2550 1370 2582 suis
1399 2547 1486 2582 locis
1505 2546 1640 2581 Christi
1662 2547 1734 2580 ho-

264 2604 335 2633 stes
361 2597 614 2632 deturbarunt.

79 2637 254 2676 A·C·636
360 2645 598 2681 Alexandriae
623 2646 784 2692 episcopi
813 2645 907 2679 Petri
935 2656 1050 2678 annus
1077 2645 1224 2690 primus.

359 2695 437 2728 Hoc
461 2705 555 2727 anno
582 2694 860 2728 Valentinianus
898 2694 1074 2738 patricius
1108 2693 1146 2726 in
1173 2693 1406 2726 Constantem
1433 2694 1554 2723 movet
1582 2688 1736 2721 seditio-

263 2753 369 2777 nem:
391 2743 587 2787 imperator
610 2753 694 2776 vero
721 2741 826 2774 misso
853 2741 917 2788 qui
954 2740 1136 2774 hominem
1171 2752 1191 2773 e
1217 2739 1339 2773 medio
1378 2738 1548 2777 tolleret,
1585 2738 1622 2768 iu
1657 2736 1733 2781 pri-

264 2792 396 2826 stinam
435 2789 544 2825 fidem
581 2795 619 2826 et
656 2789 850 2825 amicitiam
885 2788 1066 2825 revocavit
1095 2788 1306 2823 exercitum.
1371 2797 1482 2834 porro
1517 2784 1654 2819 mensIs
1675 2783 1735 2817 Dii

75 2300 115 2335 A.
130 2300 167 2335 C.
180 2299 250 2336 635
