1768 3106
238 178 352 250 534
798 201 1146 247 ΤΗΕΟΡΗΑΝιε

234 305 420 359 Σέργιον,
450 304 603 358 λέγων·
633 299 891 355 ἐδειλίασας.
951 305 974 346 ὅ
1004 307 1053 348 δὲ
1084 307 1259 360 Σέργιος
1287 304 1582 362 ἀπελογήσατο
1610 304 1717 350 κατά

193 369 467 427 Οσυνὴθειαν
490 374 613 415 τοῦτο
645 375 931 428 πεποιηκέναι.
992 373 1198 431 στραφείς
1228 375 1275 417 δὲ
1304 374 1490 425 Μαυΐας
1521 376 1632 430 λέγει
1659 376 1719 432 τῷ

224 440 430 497 Ἀνδρέᾳ·
491 440 539 481 τί
565 441 734 495 ζητεῖς,·
770 437 791 483 ὃ
822 442 869 484 δὲ
900 443 1031 496 λέγει·
1099 443 1169 484 ἵνα
1200 440 1339 501 δώσῃς
1364 438 1575 498 βοήθειαν
1605 442 1716 485 κατὰ

226 508 304 550 τοῦ
332 505 560 563 α’ντοὶρτου.
620 504 641 548 ὃ
677 510 725 550 δὲ
750 510 876 562 λέγει.
937 508 1174 566 ιῖμφότεροι
1205 511 1362 564 ἐχθροί
1388 513 1502 553 ἐστε·
1557 513 1631 554 καί
1658 513 1718 568 τῷ

226 577 359 617 πλείω
384 572 653 630 παρασχόντι
681 590 755 628 μοι
775 577 947 630 δίδωμι.
1006 579 1080 620 καί
1107 575 1129 619 ὅ
1156 576 1363 633 Ἀνδρέας
1388 576 1472 636 ἔφη
1501 577 1607 635 πρὸς
1631 581 1753 628 aii-5

225 641 327 686 τόν·
356 641 416 699 μή
445 641 715 700 ἄμφιβάλῃς,
752 643 914 700 οἷμηρᾶ,
945 639 1012 686 ὅτι
1043 645 1163 700 ὀλίγα
1189 643 1307 701 παρὰ
1337 649 1549 700 βασιλέως
1580 652 1714 701 κρεῖτ-

224 711 300 754 τόν
331 727 425 768 σοι,
452 707 482 765 ἦ
526 714 705 753 πλεῖστα
747 710 865 766 παρὰ
912 710 1155 767 α’ντάρτου·
1227 711 1367 771 ὅμως,
1413 713 1471 764 ὥς
1496 717 1714 770 ἐρασμίους

223 779 361 835 ἔχεις,
390 779 519 824 παίει.
599 779 674 820 καί
711 781 844 822 ταῦτα
890 779 1021 823 εἰπών
1060 781 1263 838 Ἀνδρέας
1301 778 1550 837 ἐσιώπησεν.
1609 781 1631 822 ὁ
1664 782 1712 824 δὲ

224 848 404 895 111α1)ὶάς
434 848 571 899 λέγει·
637 848 873 901 σκέπτομαι
907 849 1008 903 περί
1033 846 1213 891 τούτου·
1273 850 1346 892 καί
1372 848 1535 892 κελεύει
1566 850 1710 906 ἄμφο-

220 915 373 967 τέρους
397 915 622 966 ἐξελθεῖν..
663 913 1059 969 προσκαλεσάμενος
1086 917 1133 958 δὲ
1156 918 1342 967 Μαυΐας
1369 918 1461 959 κατ’
1492 917 1610 959 ι’διάν
1639 914 1710 959 τὸν
1730 936 1768 962 rc

222 984 413 1036 Σέργιον,
444 982 555 1037 λέγει
575 981 719 1039 αὐτῷ·
779 984 926 1040 μηκέτι
949 984 1247 1043 προσκυνήσῃς
1269 986 1329 1041 τῷ
1352 985 1559 1044 Ἀνδρέᾳ,
1619 984 1714 1028 ἐπεὶ

221 1049 346 1092 οὐδὲν
390 1049 575 1100 α’νύσεις.
649 1049 724 1093 καί
763 1053 814 1108 τῇ
855 1050 1063 1107 ἐπαύριον
1103 1051 1334 1109 προλαβών
1373 1051 1397 1094 ὅ
1439 1054 1616 1109 Σέργιος
1640 1051 1711 1096 τὸν

173 1118 451 1174 θἈνδρεάν,
479 1116 587 1173 πρὸς
619 1121 804 1161 Μαυΐαν
833 1120 1033 1175 ἐκάθητο.
1104 1122 1180 1163 καί
1219 1119 1482 1172 εἰσελθόντος
1508 1123 1588 1163 τοῦ
1614 1121 1709 1164 ’Λν-

220 1186 362 1242 δρέου,
393 1185 470 1227 οὐκ
498 1186 715 1243 ἐπηγέρθη
738 1187 797 1237 ὥς
825 1188 967 1242 ἐχθές.
1026 1187 1049 1229 ὁ
1082 1189 1128 1230 δὲ
1154 1188 1363 1244 Ἀνδρέας
1391 1189 1709 1244 περιβλεψάμε-

217 1268 290 1302 νος
323 1254 473 1303 δεινῶς
498 1255 558 1313 τῷ
586 1257 776 1314 Σεργίῳ,
807 1252 983 1312 ὕβρισε,
1022 1257 1096 1298 καὶ
1132 1258 1333 1313 ἠπείλησε
1360 1255 1520 1311 λέγων·
1576 1252 1645 1298 ὅτι
1671 1257 1768 1301 εἰιΞ

217 1323 291 1376 ζῶ,
322 1322 467 1374 δεῖξαί
491 1338 561 1366 σοι
600 1321 710 1376 ἔχω,
740 1324 805 1373 τίς
846 1324 948 1377 εἰμι’.
1005 1320 1028 1364 ὅ
1058 1325 1106 1366 δὲ
1135 1325 1310 1379 Σέργιος
1337 1321 1450 1381 ἔφη·
1506 1319 1583 1365 οῦκ
1613 1324 1708 1365 έπε-

216 1391 420 1444 γείρομαί
440 1406 521 1446 σοι,
551 1387 617 1433 ὅτι
647 1392 725 1432 ου’κ
754 1386 797 1432 εἶ
822 1391 945 1446 α’νήρ,
969 1392 1072 1433 ου’δὲ
1097 1390 1225 1433 πάλιν
1254 1391 1377 1446 γυνή.
1436 1389 1708 1447 ἀμφοτέρους

217 1460 265 1500 δὲ
295 1456 465 1508 παύσας
503 1457 526 1500 ὅ
557 1460 765 1515 Μαυὶάς,
805 1460 866 1515 τῷ
891 1460 1069 1517 Ἀνδρέα
1116 1457 1228 1515 ἔφη·
1299 1459 1526 1513 στοίχησον
1555 1460 1706 1500 δοῦναι

216 1525 364 1575 καθώς
384 1524 407 1567 ὃ
437 1526 611 1581 Σέργιος
640 1527 806 1569 δίδωσι.
880 1528 955 1569 καί
982 1525 1111 1569 πόσον
1137 1528 1280 1577 έστι’ν,·
1325 1524 1408 1582 ἔφη
1437 1524 1460 1567 ὅ
1489 1527 1704 1581 Ἀνδρέας.

209 1591 240 1633 -ὅ
272 1594 319 1637 δὲ
347 1593 534 1645 Μαυΐας
579 1592 689 1651 ἔφη·
748 1592 825 1651 την
872 1592 1083 1651 εἰσφοράν
1122 1595 1205 1636 τῶν
1247 1594 1460 1650 δημοσίων
1499 1594 1768 1650 παρέχειναο

313 1719 347 1752 5.
375 1720 507 1755 πλεῖον
534 1721 740 1768 παρέχοντι
764 1720 804 1754 Α.
910 1731 960 1754 ιο.
986 1718 1053 1756 τὸν
1081 1718 1161 1752 add.
1192 1729 1240 1774 ex¹
1261 1719 1302 1752 Α.
1404 1728 1456 1752 12.
1481 1717 1652 1757 ἀνοίσεις
1677 1719 1702 1751 f.

318 1767 371 1800 13.
403 1768 564 1809 ἐκάθητο
591 1770 630 1810 Α,
657 1768 814 1803 &mistero
839 1767 938 1814 vulg.
1058 1769 1108 1811 14.
1136 1770 1266 1808 mestum
1289 1766 1382 1813 χθὲς
1405 1767 1446 1801 A.
1572 1767 1624 1802 16.
1649 1768 1704 1805 τίς

312 1817 390 1863 εἰμὶ
414 1818 455 1857 Α,
480 1811 537 1858 τὸ,
562 1819 617 1856 τίς
641 1819 719 1864 εἰμὶ
740 1816 838 1862 vulg.
942 1827 995 1862 ¹7·
1021 1814 1139 1852 πάλιν
1163 1826 1233 1849 om.
1257 1815 1298 1849 A.

215 1932 309 1965 forte
330 1932 525 1973 assidebat,
553 1934 617 1979 qui
637 1938 677 1967 ut
689 1931 868 1967 Andream
894 1931 1161 1978 ingredientem
1186 1931 1386 1977 prospexit,
1410 1930 1568 1965 festinus
1597 1941 1698 1964 esur-

208 1981 320 2014 sexit.
347 1981 554 2025 obiurgavit
575 1982 736 2025 Sergium
753 1982 904 2022 Mavias,
932 1987 990 2022 et,
1021 1981 1236 2022 extimuisti,
1262 1981 1325 2014 ait.
1353 1979 1486 2013 factum
1514 1978 1699 2012 excusavit

214 2028 371 2070 Sergius,
398 2034 433 2062 et
451 2030 551 2062 iuxta
570 2029 723 2074 patriam
743 2029 1043 2062 consuetudinem
1064 2029 1214 2074 gessisse
1238 2039 1275 2061 se
1302 2033 1523 2074 protestatus
1556 2032 1621 2060 est.
1651 2025 1698 2059 ad

211 2076 395 2108 Andream
424 2077 547 2122 itaque
576 2077 711 2110 Mavias
738 2089 946 2111 conversus:
975 2077 1065 2122 quid
1094 2076 1280 2123 postulas?
1327 2076 1463 2120 inquit.
1515 2074 1699 2109 subinfert

212 2123 299 2155 ille:
350 2129 391 2156 ut
422 2124 552 2157 rebelli
579 2125 784 2158 edomando
814 2137 920 2171 opem
952 2130 1050 2158 tuam
1085 2125 1261 2158 conferas.
1314 2122 1514 2168 respondet
1538 2122 1696 2156 Mavias:

211 2171 321 2205 ambo
352 2172 563 2205 inimicitias
592 2174 719 2217 agitis,
743 2185 854 2220 quare
882 2174 987 2218 plura
1013 2172 1102 2206 mihi
1127 2172 1341 2218 pollicituro
1370 2171 1557 2216 suppetias
1593 2170 1698 2203 exhi-

210 2220 294 2253 beo.
346 2219 392 2252 ad
418 2231 525 2266 quem
554 2221 738 2254 Andreas:
788 2233 834 2255 ne
861 2221 1030 2263 dubites,
1058 2232 1198 2261 amera,
1234 2218 1424 2252 honestius
1462 2218 1531 2252 tibi
1558 2218 1605 2251 ab
1629 2220 1697 2251 im-

209 2274 380 2313 peratore
417 2267 579 2308 modica,
618 2280 726 2314 quam
763 2280 783 2302 a
822 2269 1006 2314 perduelli
1051 2269 1156 2315 plura
1203 2267 1380 2312 accipere.
1446 2273 1697 2301 verumtamen

209 2315 309 2361 quod
350 2317 461 2360 magis
496 2316 657 2357 arridet,
701 2328 894 2362 exequere.
961 2317 1015 2350 liis
1058 2316 1162 2349 dietis
1198 2314 1359 2348 Andreas
1395 2312 1509 2349 siluit.
1557 2315 1695 2348 Mavias

209 2365 354 2410 itaque:
383 2363 427 2397 de
454 2364 560 2405 istis,
587 2364 732 2409 inquit,
760 2366 869 2410 aequi
894 2365 1057 2410 bonique
1089 2363 1177 2396 mihi
1209 2374 1290 2396 cum
1314 2363 1405 2396 meis
1443 2364 1512 2397 erit
1544 2363 1694 2396 consiii-

209 2425 289 2453 um,
315 2423 355 2444 ac
381 2412 488 2445 simul
515 2417 711 2458 utrumque
754 2413 850 2446 foras
889 2425 909 2446 e
947 2417 1144 2458 conspectu
1184 2411 1291 2444 iussit
1326 2411 1440 2444 abire.
1502 2417 1578 2445 tum
1608 2423 1692 2445 vero

209 2461 373 2504 Sergium
399 2461 568 2506 privatim
609 2459 656 2492 ad
691 2471 729 2493 se
753 2466 919 2494 vocatum
945 2462 1184 2506 alloquutus,
1219 2465 1260 2493 ut
1293 2459 1381 2505 quid
1419 2460 1599 2506 amplius,
1628 2459 1693 2500 ait,

207 2509 388 2542 Andream
415 2507 629 2542 veneraris?
679 2508 734 2541 nil
758 2509 916 2553 proficis.
980 2508 1150 2554 sequenti
1188 2507 1312 2553 itaque
1338 2508 1420 2540 luce
1447 2508 1590 2553 Sergius
1618 2508 1692 2540 An—

207 2556 330 2590 ‹lream
371 2556 609 2603 praeveniens
643 2555 690 2589 ad
716 2556 860 2588 Maviae
889 2557 984 2589 latus
1023 2555 1199 2596 sedebat,
1228 2566 1296 2589 nec
1319 2561 1359 2589 ut
1383 2556 1503 2601 pridie
1529 2555 1693 2589 venienti

204 2605 371 2638 Andreae
397 2605 605 2638 assurrexit.
657 2610 854 2650 eapropter
880 2603 1041 2637 Andreas
1067 2609 1168 2637 torvo
1199 2603 1352 2650 diroque
1383 2610 1587 2649 conspectu·
1610 2604 1694 2637 Ser-

203 2654 302 2697 gium
330 2653 474 2686 iniuriis
501 2658 539 2687 et
563 2652 669 2685 minis
711 2652 897 2697 impetiit,
925 2652 1074 2685 dicens:
1112 2652 1142 2684 si
1167 2652 1276 2685 modo
1303 2653 1376 2686 vita
1401 2657 1584 2697 superstes
1612 2652 1692 2685 sue·

202 2702 274 2742 rit,
303 2701 383 2747 quis
408 2702 487 2742 sim,
511 2700 581 2735 tibi
607 2700 877 2733 demonstrabo.
929 2700 1073 2744 Sergius
1099 2706 1238 2734 contra:
1269 2700 1337 2733 tibi
1357 2701 1507 2733 minime
1531 2710 1689 2743 assur-gc,

203 2760 246 2782 eo
276 2748 378 2795 quod
402 2749 470 2782 lffle
494 2750 560 2790 vir,
585 2760 653 2783 nec
678 2748 840 2782 foemina
868 2748 928 2782 sis.
979 2748 1114 2781 Mavias
1140 2748 1364 2794 compescuit
1390 2754 1607 2792 utrumque,
1633 2746 1691 2779 di-

202 2797 258 2831 xit,
302 2808 387 2830 vero
418 2796 607 2831 Andreae:
657 2801 835 2843 quantum
871 2797 1018 2841 Sergius
1043 2798 1175 2835 offert,
1219 2797 1402 2841 paciscere
1438 2802 1474 2829 te
1507 2795 1685 2828 daturum.

201 2844 291 2891 quid
321 2846 414 2880 istuc
440 2845 522 2886 est?
547 2846 599 2880 ait
625 2845 795 2880 Andreas.
850 2845 908 2882 cui
933 2845 1088 2881 Mavias:
1115 2844 1304 2892 publicum
1334 2856 1508 2879 censuum
1534 2843 1574 2877 in
1600 2842 1687 2876 Ara-
