1820 3120
277 123 392 199 734
824 140 1179 184 ΤΗΕΟΡΠΛΝΙΒ

137 254 254 300 Ρ.4οο
269 242 610 300 ἐπιδεικνύσθω,
642 238 882 300 ἆμφότεροι
911 241 1070 285 σκοπὸν
1088 239 1258 296 ἔχοντες
1275 240 1383 296 μετὰ
1413 245 1601 291 θάνατον
1630 247 1767 305 αὐτῆς

265 318 352 362 τοῖς
381 311 510 362 ἰδίοις
539 313 775 367 συγγενέσι
792 310 869 367 τήν
899 311 1126 366 βασιλείαν
1153 311 1538 368 περιποιήσασθαι.

52 390 246 434 A.M.6291
382 380 529 440 Τούτῳ
559 382 620 439 τῷ
648 378 735 422 ἔτει
754 382 932 437 ἐξῆλθεν
964 378 988 420 ὅ
1012 379 1246 435 Ἀβιμέλεχ
1275 378 1384 422 κατὰ
1408 380 1663 440 Ῥωμανιάς,
1694 386 1770 427 καὶ

124 444 524 501 ν.3ι8ἇποστείλας
570 454 753 503 κοιῖοσον
794 446 1060 504 μονοζώνων,
1088 450 1306 504 κατῆλθεν
1348 446 1429 499 ἕως
1460 451 1546 493 τῶν
1574 453 1768 509 Mayya'-

262 534 358 561 νων.
418 534 487 560 και
533 514 854 574 ἐπιφθάσαντες
891 518 939 558 ἑν
981 522 1070 566 τοῖς
1115 513 1317 566 σταύλοις
1357 519 1634 575 Σταυρακιόυ
1672 520 1808 573 τους5

261 586 443 642 ἵππους,
482 603 553 629 και
594 583 670 641 τήν
715 583 940 642 βασιλικὴν
980 587 1279 639 προμοσέλλαν
1310 584 1470 643 λαβών,
1501 587 1769 646 ὑπέστρεψεν

264 654 492 709 α’βλαβῶς·
536 652 610 696 καί
651 651 690 696 οἱ
723 653 867 696 λοιποί
905 654 1120 711 κατῆλθον
1163 654 1245 703 ἕως
1280 654 1457 706 Λυδίας
1499 657 1577 699 καί
1611 655 1772 714 πολλὴν

265 724 570 777 αἰχμαλωσίαν
600 719 767 777 ἔλαβον.
825 724 1011 778 κοῦρσον
1031 723 1078 765 δὲ
1110 723 1251 765 αιῗτῶν
1280 721 1425 779 ἕτερον
1455 723 1670 780 ε’κὸραμὸν
1698 726 1773 768 καί

226 789 470 833 Βέπιπεσὸν
496 790 668 848 Παύλῳ
711 790 920 850 πατρικίῳ
950 792 1026 834 καί
1053 789 1209 846 κὸμητι
1249 791 1326 834 τοῦ
1351 791 1547 847 Ὀψικίου
1576 791 1658 837 σὺν
1685 789 1771 854 ὅλῳ

263 861 320 918 τῷ
349 860 504 913 θέματι
535 859 675 902 αὐτοῦ
712 860 789 901 καί
816 864 906 910 τοῖς
934 855 1207 916 ὄητιμάτοις,
1246 857 1407 916 πολλήν
1437 859 1572 919 κοπῆν
1600 863 1662 913 εἷς
1689 861 1770 905 av'-
1790 881 1820 909 u

261 925 361 978 τούς
391 928 602 983 ἐποίησεν.
675 927 852 986 ἆπῇραν
884 929 933 971 δὲ
971 930 1048 971 καί
1073 924 1119 971 τὸ
1161 929 1342 971 τοῦλδον
1374 928 1535 987 αὐτῶν,
1560 929 1772 987 ὑπέστρε-

261 1007 346 1050 ψεν
373 997 449 1038 καί
475 995 600 1038 av‘to'.
641 997 699 1054 τῷ
729 997 778 1039 δὲ
810 998 1002 1055 Μαρτίῳ
1030 996 1136 1052 μηνὶ
1163 997 1237 1053 τῆς
1268 996 1300 1049 ζ’
1334 996 1605 1056 hamanum,
1633 1001 1772 1057 η’βου-

259 1063 373 1121 λήθη
402 1062 644 1121 Ἀκάμηρος
677 1063 700 1106 ὅ
739 1065 824 1107 τῶν
853 1063 1101 1119 Σκλαβήιων
1135 1067 1213 1121 τῆς
1241 1065 1485 1122 Βελζητιάς
1515 1060 1666 1125 ἅρχων
1697 1084 1773 1111 νυ-

257 1134 384 1187 χθείς
411 1131 497 1174 ὑπὸ
539 1133 624 1175 τῶν
648 1131 906 1176 Ἑλλαδικῶν
945 1135 1169 1190 ἐξαγαγεῖν
1208 1132 1307 1184 τοὺς
1337 1131 1462 1185 υἱούς
1491 1137 1772 1180 Κωνσταντί-

259 1215 351 1256 νου,
381 1202 456 1243 καί
481 1204 850 1257 προχειρίσασθαι
878 1203 924 1253 ἐξ
947 1201 1091 1245 αὐτῶν
1116 1204 1314 1257 βασιλέα.
1374 1204 1535 1258 γνοῦσα
1568 1205 1617 1247 δὲ
1645 1206 1771 1248 τοῦτο
1789 1208 1820 1251 1‘!

258 1269 285 1324 ἡ
311 1271 547 1324 βασίλισσα
572 1268 748 1327 Εἰρήνη,
778 1270 1033 1314 ἀποστέλλει
1060 1269 1169 1328 πρὸς
1190 1270 1266 1314 τόν
1293 1271 1519 1328 πατρίκιον
1537 1274 1770 1316 Κωνσταν-

258 1343 375 1380 τῖνον
397 1335 468 1380 τὸν
483 1337 813 1394 Σεραντάπηχον
828 1339 1136 1396 Θεοφύλακτον
1153 1338 1228 1383 τόν
1247 1337 1342 1383 υἱὸν
1361 1341 1498 1384 αὕτοῧ
1524 1340 1772 1399 σπαθάριον

220 1401 362 1451 Οὸντα
391 1407 466 1449 καί
484 1406 664 1460 α’νεψιόν
680 1407 824 1465 αὐτῆς,
851 1408 925 1450 καί
942 1409 1104 1458 πάντας
1124 1406 1384 1467 ἐτύφλωσεν,
1405 1407 1480 1451 καί
1499 1410 1774 1454 διεσκέδασεν

263 1472 343 1531 τήν
359 1477 451 1518 κατ’
470 1474 605 1533 αὐτῆς
623 1474 785 1532 βουλὴν
806 1472 960 1519 abrahe.
999 1479 1078 1520 τοῦ
1106 1477 1153 1521 δὲ
1179 1477 1304 1534 ἁγίου
1340 1476 1488 1534 πάσχα
1507 1479 1560 1536 τῇ
1589 1478 1772 1538 δευτέρᾳ

367 1630 395 1653 ι.
421 1619 570 1665 ἔχοντες
594 1618 676 1653 add.
706 1631 751 1654 ex.
769 1621 809 1653 A.
935 1621 969 1655 3.
999 1619 1018 1656 ὃ
1046 1620 1129 1655 add.
1162 1633 1206 1655 ex
1237 1622 1279 1655 A.
1400 1621 1435 1665 4.
1465 1621 1703 1678 Μαλαγίνων
1727 1621 1768 1654 Λ.

359 1668 394 1702 8.
423 1664 617 1715 ἐκδραιιόν
656 1671 723 1704 καὶ
762 1663 950 1706 ἐπιπεσόν
987 1670 1041 1712 A,
1085 1667 1300 1730 ἐκδραμών
1337 1672 1404 1704 καὶ
1438 1665 1637 1706 ἐπιπεσών
1670 1670 1769 1714 vulg.

356 1729 392 1762 9.
419 1715 566 1763 Παύλῳ
595 1718 636 1759 A,
673 1720 813 1765 Πέτρω
838 1718 890 1764 τῷ
908 1717 1013 1773 vu.lg
1145 1732 1196 1755 ιι.
1222 1718 1379 1780 ἀπῇραν
1405 1719 1461 1760 A,
1495 1719 1644 1768 ἐπῆραν
1670 1718 1769 1763 vulg.

366 1775 416 1798 ια.
442 1769 506 1800 καὶ
533 1763 626 1802 αὐτὸ
652 1768 707 1808 A,
733 1769 798 1802 καὶ
829 1760 946 1804 αὐτὸν
973 1766 1071 1813 vulg.
1213 1767 1412 1814 ἠκολούθει
1435 1769 1478 1801 A.
1608 1779 1662 1815 ι7.
1690 1769 1770 1802 Σα-

361 1826 467 1861 ραγι.
493 1816 534 1848 Α.

264 1938 324 1963 eos
354 1929 508 1965 invicem
533 1930 654 1977 palam
684 1942 722 1965 se
748 1931 903 1978 professi
925 1932 1088 1967 fuerint:
1117 1932 1255 1967 etenim
1283 1936 1440 1979 uterque
1470 1930 1541 1965 de
1530 1941 1684 1977 imperio
1711 1929 1768 1964 fa-

262 1979 386 2012 miliae
415 1991 502 2013 suae
528 1991 570 2013 ae
596 1980 774 2025 sanguine
804 1981 876 2015 sibi
901 1987 988 2029 post
1011 1983 1134 2015 Irenes
1171 1986 1326 2015 mortem
1351 1979 1587 2016 conciliando
1614 1985 1769 2014 senten·

264 2027 353 2061 tiam
381 2029 503 2061 animo
533 2035 787 2075 proposuerat.

82 2085 248 2133 A-C.791
365 2076 443 2110 lIoc
482 2088 579 2110 anno
618 2077 834 2111 Abimelech
877 2079 916 2111 in
952 2078 1166 2112 Romaniam
1206 2082 1374 2123 suscepta
1415 2075 1648 2122 profectione
1688 2086 1768 2109 cum

267 2124 511 2172 praedatoriis
535 2125 693 2159 militum
729 2126 987 2172 expeditorum
1020 2127 1148 2160 turmis
1188 2126 1356 2172 adusque
1392 2125 1572 2170 Mangana
1598 2129 1770 2171 penetra·

267 2174 332 2209 vit.
385 2173 473 2206 inde
504 2185 590 2207 vero
620 2185 665 2207 ex
690 2174 889 2220 improviso
913 2175 950 2208 in
980 2175 1160 2209 Stauracii
1187 2175 1332 2208 stabula
1358 2174 1516 2215 irruens,
1543 2173 1621 2207 eius
1652 2173 1768 2219 equis,

267 2234 338 2257 nee
362 2234 437 2256 non
461 2222 556 2267 ipso,
575 2233 649 2268 quo
666 2222 881 2278 imperatrix
901 2222 1118 2265 vehebatur,
1140 2224 1306 2269 equitatu
1326 2222 1450 2266 riptis‚
1476 2223 1564 2255 citra
1594 2221 1769 2255 damnum

266 2270 403 2319 pedem
429 2270 567 2304 retulit.
620 2271 758 2304 caeteri
783 2283 870 2306 vero
905 2272 943 2304 in
971 2273 1120 2317 Lydiam
1147 2282 1262 2318 usque
1293 2275 1544 2316 penetrantes,
1578 2271 1770 2303 maximam

267 2319 442 2366 praedam
468 2318 555 2352 inde
582 2325 871 2374 reportaverunt.
912 2320 1068 2354 alterum.
1093 2325 1213 2354 autem
1240 2330 1364 2352 eorum
1392 2330 1521 2364 agmen
1542 2319 1771 2352 excursioni-

268 2369 337 2402 bus
366 2368 618 2409 exercitatum,
646 2368 684 2400 in
702 2368 851 2402 Paulum
878 2370 1071 2413 patricium
1088 2368 1228 2414 Opsicii
1251 2368 1421 2400 comitem
1446 2366 1627 2408 incidens,
1654 2368 1771 2400 muita

271 2417 384 2450 caede
410 2418 448 2450 in
477 2417 685 2450 universum
715 2417 915 2450 exercitum
942 2423 979 2451 et
1017 2419 1096 2451 eins
1126 2418 1321 2462 optimates
1348 2415 1610 2450 debacchatum
1638 2421 1703 2457 est,
1734 2421 1772 2448 et

271 2471 422 2511 accepto
458 2464 550 2498 beni
578 2470 657 2499 toto
683 2470 884 2510 apparatu,
908 2466 1028 2510 ipsum
1061 2464 1291 2511 postmodum
1332 2465 1494 2498 restituit
1534 2469 1572 2498 et
1599 2463 1646 2497 ad
1683 2474 1769 2496 suos

271 2515 422 2548 remisit.
488 2525 613 2547 mense
637 2518 758 2547 autem
786 2513 918 2546 Martio
954 2514 1168 2548 indictionis
1205 2514 1382 2559 septimae
1410 2514 1605 2547 Acamerus
1629 2511 1770 2545 sclavi-

271 2574 402 2596 norum
428 2562 610 2596 Belzetiae
638 2562 808 2608 princeps
837 2573 857 2594 a
875 2561 1024 2596 Graecis
1052 2561 1273 2608 quibusdam
1301 2562 1441 2595 excitus
1469 2561 1565 2594 filios
1587 2560 1772 2594 Constan-

272 2611 341 2644 tini
372 2612 410 2644 iu
434 2611 645 2645 libertatem
673 2621 833 2644 asserere
861 2611 1026 2652 molitus,
1069 2622 1114 2644 ex
1140 2612 1191 2644 eis
1219 2611 1484 2644 nonneminem
1513 2610 1772 2654 imperatorem

274 2671 395 2692 creare
423 2661 583 2702 statuit3
615 2659 715 2707 quod
742 2658 804 2692 ubi
827 2659 1041 2704 imperatrix
1070 2660 1174 2693 Irene
1204 2659 1359 2706 accepit,
1401 2658 1447 2692 ad
1474 2657 1771 2698 Constantinum,

274 2714 516 2752 cognomento
543 2707 867 2754 Serantapechum‚
896 2709 1088 2753 patricium
1119 2709 1196 2741 eius
1215 2708 1345 2748 filium,
1371 2707 1434 2753 qui
1461 2712 1536 2740 tum
1563 2704 1771 2751 spatharius

276 2763 354 2790 erat
393 2762 429 2789 et
457 2757 696 2802 imperatricis
733 2757 847 2802 ipsius
879 2767 1020 2802 nepos,
1049 2756 1366 2801 Theophylactum
1400 2755 1521 2796 misit,
1552 2755 1615 2800 qui
1644 2764 1770 2787 omnes

276 2804 393 2839 oculis
424 2805 583 2841 orbavit:
614 2812 726 2853 atque
753 2807 804 2840 ita
832 2810 995 2852 paratam
1020 2806 1058 2840 in
1083 2817 1120 2841 se
1147 2805 1437 2841 coniurationem
1464 2802 1665 2850 dissipavit.
1685 2812 1770 2882 εἳ-
