1786 3204
261 137 335 204 24
774 178 777 180 —
814 153 1156 195 THEOPHANJS

259 257 421 309 σχίσμα
450 254 673 309 εἰργάσατο
694 288 705 304 ,
734 256 1032 309 συνεργοῦντος
1061 254 1178 308 αυτῷ
1209 250 1280 292 τοῦ
1316 247 1514 301 πονηροῦ,
1546 244 1605 300 μή
1637 247 1715 301 φέ-

258 336 406 376 ροντος
446 323 615 374 βλέπειν
650 319 726 375 τήν
766 322 937 374 εἰρήνην
969 322 1052 374 ,τῆς
1090 317 1322 372 ἐκκλησίας.
1373 316 1541 368 ,ἐγένετο
1571 315 1617 355 δὲ
1648 314 1720 354 καί

259 388 432 442 σεισμός
458 390 503 430 ὲν
535 388 825 444 Ἀλεξανδρειᾲ
855 385 1123 441 λαβρότατος,
1153 382 1258 427 ὥστε
1288 388 1426 425 πεσεῖν
1457 382 1592 429 οἰκίας
1620 383 1719 421 πολ-

263 454 338 503 λὰς
375 456 449 496 καί
491 453 593 496 λαὸν
622 452 755 496 πολύν
780 454 970 495 ὀλέσθαι.
1703 512 1723 522 ν

54 529 249 563 A.M.5813
378 522 521 579 Τούτῳ
563 523 619 578 τῷ
645 519 728 563 ἔτει
772 519 925 572 μαθών
958 519 981 561 ὅ
1021 520 1151 573 μέγας
1183 520 1506 563 Κωνσταντῖνος
1538 512 1618 568 τὴν
1646 521 1760 561 του5

148 576 191 610 V·
213 587 246 608 ¹¹
266 586 430 642 Ἀρείου
472 590 632 643 κίνησιν
666 586 837 644 σφόδρα
869 586 1100 642 λυπηθείς,
1140 582 1327 639 ἔγραψεν
1359 583 1614 639 Ἀλεξάνδρῳ
1651 580 1725 622 καὶ

158 662 192 696 P.
213 656 408 712 14Ἁρείῳ
435 652 576 708 κοινὴν
605 651 854 708 ἐπιστολήν,
900 650 1204 707 συμβουλεύων
1231 647 1466 692 καταλύσαι
1497 647 1572 703 τήν
1600 663 1725 702 πονη-

265 720 343 774 ροὶν
386 721 543 775 κίνησιν
583 723 657 761 καί
684 722 926 774 εἰρηνεῦσαι
953 722 1012 769 εἰς
1040 715 1260 773 ἀλλήλους.
1323 716 1542 759 α’πὲστειλε
1575 717 1621 757 δὲ
1649 715 1723 755 καί

255 785 395 829 Ὅσιον
425 786 496 828 τὸν
515 788 735 829 ἐπίσκοπον
754 787 1008 842 Κοδρούβης
1038 787 1083 828 ἐν
1110 783 1403 841 Ἀλεξανδρεάέι
1430 783 1528 837 περὶ
1546 782 1725 837 Ἀρείου,

264 853 337 895 καί
365 855 410 896 ἐν
446 857 498 911 τῇ
542 850 722 911 ἀνατολῇ
749 852 1085 908 ὃιορθωσόμενον
1129 851 1229 901 τούς
1259 848 1532 910 α’νατολικούς
1564 851 1609 892 ἐκ
1640 866 1724 890 πα-
1745 873 1786 898 10

267 922 390 969 λαιᾶς
412 922 641 976 συνηθείας
669 921 1005 975 Ἰουδαϊκώτερον
1035 917 1309 977 ἑορτάζοντας
1338 917 1385 960 τὸ
1404 920 1584 972 Πάσχα.
1623 916 1727 959 ὑπέ-

267 998 427 1042 στρεψε
461 989 507 1029 δὲ
539 983 749 1042 ἄπρακτος
776 987 883 1043 πρὸς
913 985 1149 1044 ἀμφότερα.

384 1055 526 1112 Τούτῳ
553 1055 613 1113 τῷ
640 1053 721 1097 ἔτει
751 1055 824 1096 καί
853 1053 1111 1097 Κώνσταντα
1131 1054 1203 1096 τὸν
1225 1052 1316 1095 υἱὸν
1344 1054 1476 1094 αὐτοῦ
1495 1054 1730 1095 Κωνσταν-

268 1126 380 1171 τῖνος
433 1118 455 1161 ὃ
496 1121 627 1176 μέγας
674 1123 952 1178 προεβάλλετο
1007 1124 1191 1177 καίσαρα
1208 1154 1221 1175 ,
1279 1121 1353 1162 καί
1403 1121 1648 1162 α’πέστειλεν
1686 1119 1731 1167 ἐς

269 1189 469 1236 Γαλλίας.
1748 1194 1786 1235 15

66 1261 153 1295 Α.Μ.
169 1261 258 1304 5814
388 1254 531 1312 Τούτῳ
560 1257 614 1312 τῷ
642 1253 751 1308 ἔτει,
792 1251 848 1305 ὥς
884 1257 997 1311 φασί
1022 1270 1154 1307 τινες,
1201 1256 1517 1303 Κωνσταντῖνος
1549 1252 1572 1295 ὅ
1601 1255 1732 1308 μέγας

233 1309 351 1365 Βστὶν
387 1322 560 1380 Κρίσπῳ
596 1324 655 1379 τῷ
690 1321 771 1378 υἱῷ
813 1322 943 1363 αὐτοῦ’
981 1322 1026 1364 ἐν
1057 1320 1198 1378 Ῥώμῃ
1227 1320 1311 1362 ὑπὸ
1341 1323 1599 1375 Σιλβέστρου
1632 1323 1732 1374 ἐβα-

270 1389 439 1444 πτίσθη,
497 1389 553 1438 αἳς
574 1388 613 1431 οἱ·
643 1387 750 1430 κατὰ
780 1387 854 1443 τὴν
885 1390 1175 1443 πρεσβυτέραν
1197 1386 1362 1443 Ῥώμην
1389 1391 1519 1442 μέχρι
1549 1386 1734 1444 σήμερον

271 1454 340 1497 τὸν
370 1458 636 1511 βαπτιστῆρα
667 1454 837 1510 ἔχουσιν
868 1457 926 1504 εἰς
955 1458 1226 1510 μαρτυρίαν,
1268 1452 1331 1497 ὅτι
1361 1454 1443 1496 ὑπὸ
1476 1458 1735 1510 Σιλβέστρου

375 1608 400 1628 ι.
428 1594 540 1631 αὐτοῦ
568 1609 598 1629 a.
723 1609 752 1630 2.
777 1599 842 1631 καὶ
866 1596 946 1630 add.
974 1608 1017 1630 ex
1044 1596 1082 1631 A.
1214 1597 1248 1639 4.
1274 1592 1366 1632 λαὸν
1388 1592 1487 1644 πρὸς
1509 1593 1630 1633 πολὺν
1655 1597 1733 1632 ὀλέ-

374 1654 438 1677 σαι
465 1644 493 1676 A
525 1656 556 1677 e.
640 1656 690 1678 10.
719 1644 1041 1692 διορθωσώμενον
1064 1646 1091 1678 Α
1117 1656 1149 1685 a,
1174 1644 1483 1692 διορθωσόμενος
1506 1647 1601 1691 vulg.
1681 1657 1732 1679 12.

374 1691 416 1725 δὲ
441 1703 511 1724 0111.
537 1693 576 1724 A.
727 1693 777 1725 13.
807 1691 1044 1728 Κώνσταντα
1069 1695 1118 1734 Α,
1158 1692 1349 1729 Κώνσταν
1379 1694 1472 1738 vulg.
1621 1696 1672 1735 14.
1699 1694 1737 1732 ἐς

376 1741 527 1777 Γαλλίας
550 1740 577 1772 Α
603 1751 623 1771 a
653 1751 672 1773 e
698 1741 730 1781 f,
765 1742 806 1775 ἐν
833 1742 965 1786 Γαλλίᾳ
991 1741 1083 1785 vulg.
1229 1743 1289 1789 ¹62
1316 1742 1353 1774 in
1378 1741 1456 1775 cod.
1487 1753 1507 1774 a
1531 1740 1617 1774 huic
1640 1752 1735 1774 anno

371 1787 615 1831 praemittitur
641 1787 729 1820 haec
752 1789 958 1833 inscriptio,
984 1800 1076 1833 quae
1103 1788 1211 1821 etiam
1236 1789 1273 1821 in
1301 1800 1409 1834 marg.
1436 1801 1455 1822 e
1482 1789 1630 1833 legitur:
1656 1788 1738 1827 πῶς

371 1835 574 1879 ἐβαπτίσθη
598 1838 888 1874 Κωνσταντῖνος
914 1836 933 1870 ὃ
958 1829 1130 1882 βασιλεὺς
1154 1837 1194 1872 ἐν
1217 1836 1257 1884 τῇ
1275 1836 1392 1885 Ῥώμῃ
1415 1833 1490 1872 ὑπὸ
1511 1838 1737 1883 Σιλβέστρου

373 1879 444 1916 σὺν
465 1883 626 1929 Κρίσπῳ
654 1884 704 1930 τῷ
730 1883 797 1930 υἱῷ
825 1882 950 1918 αὐτοῦ.
1077 1896 1126 1929 ¹7·
1154 1886 1361 1929 ἐβαπτίσθη
1386 1887 1411 1919 Α
1434 1891 1470 1920 et
1497 1885 1572 1927 alii,
1589 1888 1737 1931 {flanti-

374 1933 524 1972 σι’)ησαν
549 1931 643 1975 vulg.
773 1934 823 1966 18.
853 1931 903 1971 ὦς
928 1933 1008 1966 οἱΑ
1035 1944 1054 1965 a
1080 1944 1118 1974 e,
1148 1929 1233 1967 ὅσοι
1262 1934 1356 1978 vulg.

280 2048 379 2092 liguo
404 2049 531 2092 spiritu
561 2055 737 2094 perpetuo
762 2052 858 2096 pacis
888 2052 1150 2086 ecclesiasticae
1191 2053 1416 2096 adversario,
1442 2053 1644 2087 schismatis
1671 2066 1738 2087 au-

281 2101 414 2128 ctorem
441 2107 477 2128 se
501 2097 681 2142 praebuit.
732 2098 932 2132 horrendus
956 2106 1075 2133 autem
1101 2107 1216 2135 terrae
1247 2108 1365 2136 motus
1385 2101 1626 2136 Alexandriae
1653 2113 1739 2135 con-

281 2143 388 2185 tigit,
425 2155 497 2189 quo
534 2145 706 2191 pleraque
735 2146 855 2180 diruta
881 2147 1068 2190 aedificia,
1101 2155 1138 2183 et
1170 2150 1359 2183 innumera
1385 2151 1513 2197 populi
1539 2150 1739 2184 multitudo

282 2191 401 2235 periit.

95 2233 133 2267 Α.
149 2233 269 2267 0313
375 2238 448 2280 1100
475 2249 569 2271 anno
609 2251 756 2283 magnus
790 2241 1049 2276 Constantinus
1086 2256 1163 2277 cum
1191 2245 1264 2277 Arii
1297 2251 1432 2278 motum
1470 2246 1671 2279 rescivisset
1704 2251 1742 2279 et

282 2295 387 2329 aegre
412 2285 534 2327 ferret,
562 2286 606 2318 ad
636 2286 877 2321 Alexandrum
903 2294 939 2322 et
963 2291 1083 2323 Arium
1099 2317 1108 2332 ‚
1143 2297 1183 2325 ut
1207 2293 1401 2338 malignum
1428 2305 1570 2327 omnem
1597 2293 1740 2327 dissidii

281 2338 417 2366 motum
445 2332 682 2368 dissolverent
721 2342 758 2369 et
791 2347 914 2381 pacem
954 2337 1049 2371 inter
1072 2350 1110 2371 se
1137 2346 1306 2384 agerent,
1349 2353 1571 2374 communem
1603 2342 1740 2387 episto-

282 2380 350 2413 lam
377 2380 491 2413 dedit.
543 2381 604 2414 sed
636 2388 672 2415 et
699 2383 859 2416 eiusdem
886 2384 958 2416 Arii
996 2398 1100 2418 causa
1128 2388 1274 2421 llosium
1301 2389 1571 2426 Cordubensem
1597 2390 1740 2434 episco-

281 2439 365 2473 pum
391 2428 487 2461 misit
522 2428 799 2471 Alexandriam,
828 2437 865 2464 et
889 2442 972 2464 mox
1005 2434 1042 2466 in
1069 2435 1266 2476 orientem,
1295 2437 1340 2470 ad
1368 2434 1552 2483 antiquam
1579 2439 1742 2471 orienta-

281 2476 366 2509 lium
410 2476 731 2518 consuetudinem,
767 2490 838 2524 qua
867 2479 1019 2513 <Iudaico
1054 2483 1161 2515 vicini
1198 2484 1283 2516 ritui
1322 2485 1452 2530 pascha
1481 2484 1742 2527 celebrabant,

280 2523 553 2557 emendandam.
604 2531 756 2572 utraque
786 2532 905 2560 tamen
932 2539 968 2560 re
993 2528 1124 2562 insecta
1141 2556 1150 2570 ‚
1178 2542 1335 2566 reversus
1363 2539 1427 2566 est.

378 2572 454 2604 1100
485 2571 612 2604 eodem
637 2584 732 2606 anno
760 2585 907 2618 magnus
934 2575 1189 2611 Constantinus
1222 2579 1334 2612 filium
1356 2581 1597 2615 ‘Constantem
1621 2581 1743 2614 decla-

282 2619 374 2653 ravit
397 2630 575 2652 caesarem
612 2626 649 2653 et
686 2621 724 2654 in
751 2622 906 2655 Galliam
932 2623 1041 2660 misit.

90 2668 180 2704 ΑΟ.
199 2668 268 2713 314
376 2666 453 2700 Hoc
476 2678 596 2709 anno,
622 2674 662 2701 ut
686 2669 853 2702 nonnulli
881 2670 1062 2712 referunt,
1099 2683 1246 2716 magnus
1271 2674 1528 2709 Constantinus
1555 2687 1633 2709 cnm
1662 2675 1743 2709 Cri-

264 2724 346 2760 ·‘spo
386 2715 462 2748 lilio
499 2716 631 2749 Romae
665 2727 685 2749 a
723 2716 907 2760 Sylvestro
947 2718 1148 2764 baptizatus
1189 2726 1259 2754 est:
1298 2728 1407 2767 prout
1433 2723 1477 2757 ad
1507 2724 1602 2757 hanc
1627 2734 1745 2769 usque

281 2761 374 2796 diem
399 2763 532 2797 veteris
545 2765 678 2798 Romae
701 2764 842 2799 incolae
871 2765 1124 2812 baptisterium
1154 2768 1231 2803 eius
1256 2776 1409 2812 servant,
1435 2772 1474 2806 in
1498 2772 1746 2807 testimonium
