1768 3106
249 161 280 217 5
295 160 362 228 τά
792 174 1149 220 ’ΤΗΕΟΡΗΑΝΙΞ

249 283 297 323 δὲ
322 270 582 336 ιιαράῦεισον
611 279 811 335 σαρκικῆς
837 278 1038 335 βρώσεως
1068 278 1140 321 καὶ
1169 275 1334 327 πόσεως
1360 279 1432 319 καί
1458 279 1614 332 μίξεως
1640 293 1717 333 γυ-

248 349 404 393 ναικῶν
431 345 595 403 ἔλεγεν·
653 346 845 401 ποταμόν
872 363 918 390 τε
949 347 1064 390 οἴνου
1107 345 1180 389 καί
1204 348 1372 400 μέλιτος
1389 347 1485 388 *nai*
1499 345 1718 400 γάλακτος,

249 415 559 472 κὰΐιγυναικῶν
595 411 647 456 οὒ
681 418 767 457 τῶν
794 417 1025 470 παρουσῶν
1054 416 1143 457 ἀλλ’
1173 407 1335 466 ἄλλων,
1380 415 1454 455 καί
1487 411 1566 468 τὴν
1602 412 1717 467 μίξιν

246 481 528 539 πολυχρόνιον
559 478 690 538 εἶναι,
721 483 795 524 καί
823 483 975 539 διαρκῆ
1010 480 1085 537 τὴν
1125 479 1300 538 ἡδονήν·
1365 483 1440 524 καί
1477 475 1584 523 ἄλλα
1606 477 1714 522 *mvii

211 549 543 600 Boiowtfoeg²na2
583 551 749 605 μωριάς
783 548 945 603 μεστά·
1020 552 1265 604 συμπαθεῖν
1306 549 1354 592 δὲ
1395 549 1612 605 ἀλλήλοις,
1646 548 1717 589 καί
1727 549 1752 590 5

247 621 422 675 βοηθεῖν
451 618 754 671 ἀδικουμένοις.
1406 626 1407 629 ’

357 685 420 726 Ἐν
449 685 564 742 αὐτῷ
593 685 642 726 δὲ
666 686 726 742 τῷ
754 681 848 740 ἔτει,
879 684 1109 727 ι’νδικτιαῗνι
1138 684 1328 744 τετάρτῃ,
1355 682 1464 741 μηνὶ
1487 685 1715 743 Νοεμβρίῳ

247 749 434 810 ἕβδόμῃ,
460 750 664 806 ἐγεννήθη
702 751 939 811 ιΗραλκειίρ
968 752 1030 793 ἐν
1063 754 1117 810 τῇ
1159 753 1346 811 α’νατολῇ
1385 750 1534 806 Δαβὶδ
1562 750 1599 793 ’δ’
1619 749 1717 801 ὐἱὸς

249 819 383 862 αὐτοῦ
406 835 416 846 ·
481 820 533 876 τῇ
570 819 681 876 αιῖτῇ
720 818 858 878 ἡμέρᾳ
901 816 1242 875 καί“Ηριλκλειος
1278 821 1438 898 ἐτέχθη
1470 817 1560 868 υἱὸς
1583 818 1717 872 ‘Hea-

249 887 388 929 κλειόυ
432 888 510 929 τοῦ
553 887 712 940 μικροῦ
752 890 829 938 τοῦ
865 903 937 928 και
969 888 1297 930 Κωνσταντίνου
1339 885 1438 928 υἱοῦ
1461 885 1768 942 Ἡρακλειόυιι

248 956 322 996 τοῦ
351 953 551 1009 μεγάλου.
626 955 702 996 καί
740 955 981 1011 ἐβαπτισθη
1025 957 1069 996 ἐν
1104 957 1375 1010 Βλαχέρναις
1418 951 1501 995 ὑπὸ
1540 954 1716 1010 Σεργίου

247 1021 517 1077 πατριάρχου
548 1023 600 1078 τῇ
631 1019 660 1062 ε’
688 1022 920 1064 ἰνδικτιῶνι
950 1024 1054 1078 μηνι
1083 1026 1312 1080 Νοεμβρίω
1343 1024 1473 1080 τρίτῃ.
1548 1031 1553 1036 ’

39 1100 234 1135 A.M.6123
355 1086 554 1144 Ἀράβων
593 1089 787 1145 α’ρχηγοῦ
823 1089 1120 1147 Ἀβουβάχαρ,
1151 1089 1458 1148 Ἰεροσολύμων
1485 1088 1717 1165 ἐπισκόπου

209 1157 480 1201 (ΣΜοδὲστου
511 1154 604 1206 ἔτος
633 1156 686 1199 α’.

330 1222 511 1283 Τούτῳ
557 1225 618 1283 τῷ
646 1222 730 1267 ἔτει
771 1225 1059 1281 ἐπανέστησαν
1090 1227 1265 1280 Πέρσαι
1294 1242 1372 1268 κατ
1414 1221 1619 1280 α’λλὴλων,
1645 1224 1720 1266 ’καί
1735 1225 1768 1266 ιξ

247 1294 514 1348 ἐπολέμησαν
545 1288 742 1341 ἑαυτούς.
802 1293 848 1333 ἐν
877 1288 990 1350 αὐτῷ
1018 1294 1064 1335 δὲ
1101 1294 1158 1350 τῷ
1187 1294 1322 1350 καιρῷ
1351 1289 1374 1334 ὅ
1404 1290 1608 1347 βασιλεύς
1634 1292 1719 1333 τῶν

240 1356 386 1404 Ἰνδῶν
414 1361 569 1413 πέμπει
600 1358 879 1416 συγχαρίκεια
907 1362 966 1418 τῷ
992 1359 1229 1418 ε1’·1ρακλειίρ
1256 1361 1328 1402 εἠἰ
1352 1361 1406 1419 τῇ
1431 1361 1516 1402 τῶν
1536 1359 1722 1413 Περσῶν

247 1428 336 1484 νίκῃ
380 1429 650 1482 μαργαρίτας
699 1429 773 1469 καί
802 1428 948 1476 λίθους
974 1428 1142 1480 τιμίους
1170 1425 1351 1477 ἱκανούς.
1408 1421 1462 1483 ἦν
1492 1427 1540 1468 δὲ
1570 1439 1721 1482 προτε-

246 1495 454 1549 λευτῆσας
502 1493 523 1535 ὃ
563 1497 804 1551 Μουαμὲδ,
843 1493 889 1545 ὃς
931 1490 983 1551 ἧν
1023 1496 1183 1550 στήσας
1224 1498 1432 1551 τέσσαρας
1480 1493 1722 1549 οἷμηραιόυς

203 1580 213 1586 -
248 1563 327 1604 τοῦ
356 1565 552 1617 πολεμεῖν
580 1559 681 1612 τούς
710 1564 753 1614 ἐξ
782 1564 975 1620 Ἀράβων
1002 1565 1149 1618 γένους
1178 1559 1488 1620 Χριστιανούς·
1545 1562 1620 1603 καί
1643 1554 1719 1616 ἧλ-
1733 1575 1768 1601 2⁴

347 1686 380 1720 3.
407 1685 619 1733 παρουσῶν
646 1698 678 1728 a,
706 1689 909 1735 παρόντων
933 1687 1029 1733 vulg.
1127 1688 1160 1732 4.
1183 1687 1282 1723 εἶναι
1307 1686 1389 1721 add.
1407 1697 1451 1721 ex
1477 1686 1518 1720 Α.
1581 1686 1615 1720 8.
1641 1686 1719 1720 Δα-

346 1734 413 1780 βὶδ
436 1746 506 1769 om.
533 1736 560 1768 A
588 1746 606 1768 e
632 1735 656 1769 f.
782 1748 834 1781 ¹7·
866 1739 1113 1784 συμχαρίκειοι
1145 1737 1185 1777 Α,
1213 1739 1452 1794 συςχαρίκιιι
1464 1734 1561 1779 vulg.
1657 1735 1720 1769 ἐπὶ

345 1783 388 1830 τῇ
411 1783 487 1819 τῶν
513 1785 566 1817 Π.
591 1784 632 1825 A,
658 1783 700 1819 ἐν
723 1785 765 1832 τῇ
788 1787 841 1818 Π.
871 1785 965 1829 vulg.
1090 1796 1140 1832 ¹9·
1162 1783 1361 1833 Οιιηρέους
1385 1795 1417 1826 a,
1441 1781 1642 1831 ’Λμηρέους
1668 1782 1694 1815 f.

251 1891 458 1937 paradisum
483 1904 567 1926 vero
597 1904 669 1939 quo
690 1894 884 1939 corporalis
909 1893 992 1935 cibi,
1022 1900 1058 1928 et
1075 1899 1191 1940 potus,
1221 1898 1256 1926 et
1282 1892 1520 1926 foeminarum
1545 1890 1720 1924 commix-

254 1941 364 1973 tionis
391 1940 439 1974 sit
463 1952 560 1982 usus,
582 1941 660 1987 ipse
686 1942 857 1976 asseruit:
884 1942 1033 1975 fluvium
1062 1944 1149 1976 item
1174 1941 1292 1974 mellis
1316 1940 1406 1982 fore,
1431 1940 1520 1981 vini,
1545 1944 1582 1973 et
1605 1939 1720 1980 lactis,

254 1988 569 2034 foeminarumque
595 2000 710 2030 usum,
735 2001 809 2023 non
829 1990 952 2036 quales
976 1990 1112 2023 fluxum
1139 1988 1287 2024 exhibet
1304 1988 1500 2030 saeculum,
1524 1986 1588 2020 sed
1613 1997 1721 2032 prae-

255 2036 493 2078 stintiorum,
533 2036 738 2071 diuturnam
767 2038 1083 2079 commixtionem,
1109 2043 1146 2071 et
1188 2041 1460 2082 permanentem
1494 2040 1723 2080 stantemque

255 2084 492 2128 voluptatem,
518 2084 664 2130 aliaque
700 2084 738 2117 id
780 2096 892 2129 genus
925 2086 1033 2119 luxus
1063 2091 1099 2119 et
1122 2085 1328 2119 dementiae
1363 2084 1485 2129 plena.
1534 2088 1723 2128 praeterea

256 2135 298 2163 ut
325 2132 379 2164 sui
407 2131 560 2164 invicem
583 2133 829 2167 misericordia
853 2140 1094 2176 moverentur,
1122 2140 1159 2167 et
1182 2132 1351 2166 iniuriam
1375 2130 1491 2177 passis
1517 2141 1623 2177 opem
1651 2130 1725 2163 fer-

258 2183 341 2212 rent
366 2177 492 2212 edixit.

352 2225 489 2259 Eodem
523 2237 669 2272 quoque
706 2238 822 2268 anun,
851 2227 1053 2262 indictione
1085 2233 1229 2275 quarta,
1262 2225 1395 2259 mensis
1420 2225 1634 2260 Novembris
1663 2225 1723 2258 die

259 2275 435 2320 septimo,
461 2274 627 2306 Heraclio
666 2274 704 2306 in
731 2276 869 2308 oriente
896 2276 1042 2320 degenti
1074 2275 1191 2309 David
1228 2275 1324 2307 filius
1348 2278 1454 2308 natus
1479 2280 1544 2308 est.
1594 2273 1723 2307 eodem

259 2333 407 2368 quoque
433 2321 492 2354 die
521 2321 705 2354 Heraclius
733 2322 891 2356 Heraclii
920 2324 1072 2357 iunioris
1101 2322 1329 2357 Constantini
1354 2321 1442 2356 dicti
1474 2322 1582 2363 filius,
1604 2321 1723 2366 magni

258 2370 417 2403 Heraclii
441 2380 555 2414 nepos
584 2369 622 2402 in
648 2369 764 2402 lucem
787 2371 911 2411 venit,
939 2377 974 2405 et
1001 2383 1021 2404 a
1046 2370 1248 2416 patriarcha
1263 2370 1386 2414 Sergio
1410 2371 1543 2403 mensis
1568 2369 1725 2404 Novem-

259 2417 334 2451 bris
359 2417 418 2450 die
446 2417 574 2458 tertio,
601 2417 728 2462 quinta
753 2417 964 2460 indictione,
993 2419 1134 2452 lustrali
1170 2419 1266 2452 unda
1290 2418 1456 2452 initiatus
1480 2417 1552 2451 suit
1577 2418 1615 2452 in
1642 2417 1726 2450 Bla-

261 2465 418 2499 chernis.

74 2520 246 2554 A,C,623
355 2511 510 2547 Arabum
535 2510 634 2546 ducis
648 2509 861 2545 Abubachar
886 2524 1000 2558 annus
1027 2513 1180 2559 primus,
1207 2513 1536 2558 Hierosolymorum
1562 2512 1726 2559 episcopi

259 2560 420 2595 Modesti
444 2570 558 2593 annus
585 2559 732 2606 primus.

356 2610 433 2643 Hoc
459 2618 555 2641 anno
590 2607 718 2640 Persae
754 2607 791 2640 in
821 2607 974 2641 invicem
1009 2608 1218 2642 tumultuati
1258 2609 1440 2643 intestinis
1469 2608 1577 2642 bellis
1602 2613 1726 2641 mutuo

205 2670 210 2673 -
262 2667 340 2690 sese
368 2655 567 2690 confecere.
617 2653 682 2688 sub
709 2654 746 2688 id
784 2666 868 2688 vero
895 2661 1036 2701 tempus
1059 2667 1208 2690 munera
1241 2657 1452 2700 gratulantis
1485 2655 1594 2690 animi
1620 2656 1728 2689 testi-

262 2704 401 2744 monia,
431 2703 478 2736 ob
506 2708 643 2749 partam
672 2702 717 2735 ab
742 2703 909 2736 Heraclio
939 2703 984 2737 de
1014 2703 1129 2736 Persis
1152 2705 1350 2748 victoriam,
1375 2703 1546 2739 Indorum
1573 2714 1634 2736 rex
1658 2703 1728 2736 mi-

264 2753 326 2785 sit:
353 2752 529 2785 unionum
553 2750 724 2784 videlicet
749 2762 789 2784 ac
814 2750 945 2796 lapidis
975 2752 1126 2797 pretiosi
1156 2753 1297 2797 copiam
1313 2762 1386 2786 non
1411 2749 1726 2786 contemnendam.

264 2800 334 2833 iam
360 2806 443 2834 ante
468 2798 638 2834 Muamed
668 2798 742 2833 sato
781 2799 959 2834 extinctus
993 2799 1133 2842 suerat,
1161 2801 1225 2846 qui
1251 2799 1479 2835 debellandis
1503 2811 1547 2834 ex
1571 2797 1727 2833 Arabum
