1768 3106
218 149 332 220 344
493 235 495 237 μ
739 170 1088 213 'rnEoPHANis

215 269 510 330 λογισάμενος,
559 271 927 328 α’πέστειλεπρὸς
964 270 1220 326 Βελισάριον
1262 275 1521 328 παρακαλῶν
1562 276 1692 315 αὐτόν

214 339 288 380 τοῦ
316 337 386 382 τὸν
414 338 607 394 ποταμὸν
638 338 876 395 διαβάντας
909 342 1174 395 ἀναστεῖλαι,
1203 343 1277 383 καί
1299 339 1435 400 τούτῳ
1457 340 1533 396 τὴν
1560 339 1693 391 πάρο-

217 408 291 449 δον
314 401 551 457 ἀκωλύτως
582 409 803 464 παρέχειν.
884 409 1142 462 Βελισάριος
1177 410 1224 450 δὲ
1254 407 1391 458 εὐθυς
1427 406 1535 464 πρὸς
1563 403 1698 450 αὖτὸν

215 477 415 529 πρέσβεις
444 472 648 530 ἔπεμψεν,
679 476 752 516 καί
767 476 919 518 τοῦτον
936 477 1009 530 τῆς
1039 476 1354 530 ἀναχωρήσεως
1382 472 1595 534 ἐπῄνεσεν,
1623 477 1697 517 καί

208 544 414 597 πρέσβεις
441 540 490 584 ἐκ
518 544 593 586 τοῦ
620 546 830 596 βασιλέως
851 542 1071 595 συντόμως
1104 540 1451 600 διεβεβαιοόσατο,
1480 539 1595 593 ὅπως
1620 541 1735 598 τὴν5

212 607 382 665 εἰρήνην
409 607 723 663 βραβεύσωσιν.
783 611 902 665 η’ξιόυ
933 611 980 652 δὲ
1012 605 1210 666 Χοσρόης
1241 608 1310 652 τὸν
1340 608 1596 666 Βελισάριον
1625 608 1697 652 διὰ

168 679 287 732 Βτῆς
327 677 405 719 τοῦ
436 674 668 730 “Ρωμαι’ων
708 679 785 732 γῆς
827 675 904 732 τήν
934 675 1122 729 πάροδον
1161 676 1426 732 ποιήσασθαι
1453 678 1698 727 ἀκινδύνως.

216 741 237 786 ὁ
268 746 315 786 δὲ
345 743 602 800 Βελισάριος
621 740 822 801 Ἰωάννην
849 743 919 787 τὸν
942 744 1202 802 Ἐδεσσηνόν,
1233 739 1370 802 ἄνδρα
1402 746 1698 802 διαφανέστα-

214 828 298 868 τον,
346 809 507 867 ὅμηρον
547 813 604 870 τῷ
634 812 810 870 Χοσρόῃ
842 811 1087 855 ἀπέστειλεν
1126 810 1235 869 πρὸς
1272 810 1318 855 τὸ
1353 809 1589 862 ἀκινδύνως
1619 829 1699 854 πα-

209 884 387 936 ρελθεῖν
418 878 548 922 αὖτὸν
576 879 653 935 τῂν
681 883 767 923 τῶν
790 880 1025 934 ιΡωμαίων
1040 879 1203 936 χώραν.
1263 878 1302 922 οἱ
1323 880 1371 922 δὲ
1392 878 1599 934 Ῥωμαῖοι
1629 878 1700 922 τὸν
1720 893 1766 919 ιο

217 945 475 1001 Βελισάριον
506 949 552 990 έν
579 947 816 1004 εὐφημίαις
842 943 968 1003 εἶχον,
1004 949 1166 1000 ’μᾶλλον
1195 948 1281 1006 [δὲ]
1314 945 1700 1004 ένευδοκιμήσαντα

217 1016 262 1056 ἐν
291 1014 425 1073 τούτῳ
453 1017 513 1072 τῷ
542 1013 663 1072 ἔργῳ,
697 1011 722 1070 ἢ
752 1012 825 1056 ὅτε
853 1017 893 1057 Γ
892 1014 1068 1071 ελίμεροὶ
1092 1031 1136 1057 τε
1169 1014 1440 1071 δορυάλωτον
1465 1016 1541 1057 καί
1571 1016 1701 1059 Ουίτ-

217 1083 338 1136 τιῇνην
363 1079 462 1130 τούς
502 1082 580 1123 δύο
619 1085 814 1137 βασιλεῖς
855 1084 915 1132 εἰς
943 1082 1184 1135 Βυζάντιον
1223 1078 1389 1139 ἤγαγεν.
1455 1078 1507 1139 ἦν
1534 1083 1616 1139 γὰρ
1647 1082 1704 1132 ὥς

219 1150 392 1206 ἀληθῶς
425 1149 550 1204 λόγου
581 1166 626 1192 τε
658 1152 733 1192 καί
763 1151 940 1192 ἐπαίνου
972 1145 1110 1206 ἄξιον,
1152 1153 1459 1208 πεφοβημένων
1493 1152 1703 1194 w'iv‘Pw-

219 1219 361 1269 μαίων
390 1215 465 1258 καί
493 1219 538 1258 ἑν
559 1222 645 1267 τοῖς
674 1216 927 1274 ὀχυρώμασι
959 1219 1259 1272 κρυπτομένων
1289 1217 1467 1275 πάντων,
1498 1218 1701 1275 Χοσρόου
1722 1219 1768 1260 15

218 1284 268 1325 δὲ
297 1285 465 1340 στρατῷ
491 1282 659 1342 μεγάλῳ
686 1285 731 1327 έν
761 1285 877 1343 μέσῳ
903 1283 1122 1339 γεγονότος
1166 1288 1240 1340 τῆς
1268 1288 1350 1326 τῶν
1373 1285 1597 1338 Ῥωμαίων
1627 1285 1704 1340 ἀρ-

88 1365 124 1398 Ρ,
148 1353 313 1408 ,88χῆς,
346 1347 587 1406 &papatum
619 1355 663 1395 ἐν
683 1348 767 1403 ὄξει
799 1351 945 1411 δρόμῳ
970 1355 1016 1395 ὲκ
1034 1352 1280 1404 Βυζαντίου
1314 1350 1463 1408 ἥκοντα
1482 1354 1554 1395 ἀπ’
1585 1354 1704 1395 ἐναν-

222 1418 318 1468 τιάς
348 1421 428 1461 τοῦ
462 1421 546 1461 τῶν
565 1422 751 1475 Περσῶν
776 1423 990 1474 βασιλέως
1013 1420 1486 1478 στρατοπεδεύσασθαι,
1505 1420 1707 1475 Χοσρόην

225 1489 274 1529 δὲ
305 1489 352 1529 ἐκ
371 1488 448 1528 τοῦ
478 1487 798 1543 ἀπροσδοκήτου
829 1490 883 1546 τῇ
897 1489 1049 1531 τούτου
1066 1491 1198 1546 σοφίᾳ
1228 1490 1547 1546 ἐξαπατηθέντα
1567 1484 1707 1545 ἄπρα-

219 1569 322 1597 κτον
352 1556 413 1603 εἰς
442 1553 518 1610 τὴν
548 1556 707 1597 οἰκείαν
735 1555 1017 1610 ἀναχωρῆσαι
1046 1553 1212 1610 χώραν.
1720 1569 1768 1594 20

343 1625 410 1682 Τῷ
440 1624 478 1664 δ’
508 1624 624 1681 αύτῷ
652 1621 738 1666 ἔτει
775 1625 989 1677 Τιμοθέου
1027 1623 1260 1667 ἐπισκόπου
1288 1624 1614 1681 Ἀλεξανδρείας
1640 1637 1707 1666 τε·

325 1767 357 1788 2.
385 1758 451 1790 τοῦ
476 1750 555 1803 τὸν]
583 1756 715 1792 τοῦτον
740 1767 771 1789 ε.
895 1757 928 1790 5.
958 1754 1249 1801 διεβεβαιώσατο
1275 1767 1308 1797 e,
1335 1754 1586 1800 διεβεβαιοῦτο
1611 1755 1709 1798 vulg.

331 1816 382 1861 ¹¹5
412 1804 449 1838 δὲ
493 1803 691 1837 delendum
724 1803 880 1837 videtur.
1033 1814 1084 1837 12.
1114 1802 1312 1851 Οὐιῑτίγην
1337 1816 1376 1845 e,
1403 1802 1585 1850 Οὐιτίγην
1610 1803 1707 1848 vulg.

329 1854 486 1888 Ουττιον
512 1864 542 1885 a.

232 1968 419 2014 pautibus,
448 1974 590 2002 tentare
614 1969 821 2003 verebatur.
871 1969 986 2002 multa
1011 1968 1121 2012 igitur
1140 1978 1260 2002 secum
1282 1968 1403 2001 animo
1420 1971 1603 2012 reputans,
1628 1971 1710 1999 tan—

235 2016 317 2050 dem
346 2017 391 2050 ad
421 2017 630 2050 Belisarium
654 2017 754 2051 misit
794 2017 1004 2062 pustulam,
1041 2022 1081 2050 ut
1106 2028 1180 2058 eos,
1218 2017 1281 2063 qui
1308 2026 1450 2049 amnem
1480 2014 1711 2054 traiecerant,

236 2071 434 2105 revocaret,
463 2065 605 2111 sibique
631 2071 750 2099 tutum
780 2071 924 2110 pararet
957 2064 1165 2098 discessum.
1193 2064 1375 2108 extemplo
1403 2063 1532 2107 legatis
1557 2061 1604 2094 ad
1629 2074 1710 2095 eum

235 2112 353 2146 missis
380 2124 559 2146 secessum
587 2113 751 2147 laudavit
782 2113 995 2154 Belisarius,
1020 2112 1197 2157 brevique
1230 2110 1454 2155 delegandos
1480 2110 1524 2143 ab
1550 2111 1708 2155 impera-

235 2166 315 2194 tore
344 2160 548 2201 assirmavit,
592 2162 656 2207 qui
681 2158 818 2194 firmam
856 2173 936 2194 cum
968 2173 1011 2194 eo
1051 2171 1176 2206 pacem
1210 2161 1484 2193 constituerent.
1535 2158 1712 2191 Chosroiis

237 2214 358 2242 autem
386 2220 450 2253 per
476 2209 716 2242 Romanorum
741 2214 854 2242 terras
882 2209 1075 2242 transitum
1101 2220 1121 2240 a
1155 2208 1318 2253 periculo
1354 2208 1550 2240 immunem
1575 2205 1712 2239 hahere

236 2255 458 2301 postulabat.
521 2262 713 2302 eapropter
752 2258 925 2290 Ioannem
961 2256 1181 2290 Edessenum
1211 2257 1327 2289 virum
1360 2255 1642 2289 illustrissimum
1665 2254 1711 2287 ad

237 2303 445 2344 Chosroem,
472 2314 544 2348 quo
573 2305 685 2337 tutius
713 2316 777 2350 per
792 2307 1033 2338 Romanorum
1053 2310 1163 2338 terras
1188 2303 1358 2337 incedere
1385 2309 1521 2348 posset,
1547 2301 1710 2336 obsidem

235 2353 346 2385 misit.
396 2351 541 2384 interim
568 2352 719 2385 Romani
747 2353 960 2386 Belisarium
987 2351 1155 2385 felicibus
1183 2352 1277 2385 votis
1304 2351 1504 2397 faustisque
1535 2351 1712 2384 acclama-

236 2399 399 2434 tionibus
426 2399 768 2444 prosequebantur,
794 2401 968 2434 maiorem
993 2400 1160 2433 nimirum
1192 2411 1234 2432 ex
1253 2411 1295 2432 eo
1323 2400 1418 2433 facto
1445 2399 1596 2444 gloriam
1625 2397 1713 2431 ade-

236 2454 351 2494 ptum,
382 2458 490 2493 quam
517 2458 599 2480 cum
624 2447 844 2481 Gelimerem
871 2448 971 2481 bello
989 2453 1133 2492 captum
1159 2454 1268 2494 atque
1290 2447 1473 2492 Vettigem
1500 2447 1591 2480 duos
1610 2456 1712 2490 reges

237 2496 381 2542 Cpolim
413 2494 598 2540 perduxit.
653 2500 691 2528 et
719 2496 789 2528 suit
814 2507 851 2529 re
883 2507 968 2529 vera
1007 2502 1206 2529 memoratu
1240 2501 1277 2529 et
1306 2495 1416 2528 laude
1445 2494 1593 2540 dignum
1618 2492 1713 2527 illud

237 2544 391 2584 facinus,
420 2541 518 2589 quod
542 2553 623 2575 cum
648 2543 801 2576 Romani
830 2544 989 2577 universi
1014 2544 1142 2576 timore
1164 2544 1320 2586 perculsi
1345 2544 1383 2576 in
1408 2544 1605 2577 munitiora
1633 2543 1713 2575 loca

237 2604 274 2625 se
304 2590 546 2631 subdidissent,
571 2595 610 2624 et
637 2590 815 2624 Chosroiis
843 2591 881 2623 in
909 2590 1047 2624 medias
1073 2592 1222 2625 Romani
1251 2591 1394 2636 imperii
1421 2591 1622 2636 provincias
1647 2600 1713 2635 pe-

237 2644 429 2680 netrasset,
455 2650 548 2672 unus
578 2637 688 2672 homo
715 2640 826 2672 celeri
852 2651 957 2672 cursu
983 2640 1154 2683 Byzantio
1194 2639 1365 2673 advectus
1390 2644 1507 2672 castra
1530 2640 1714 2673 Persarum

239 2689 331 2731 regis
359 2687 536 2720 exercitui
565 2697 752 2732 opponere
779 2699 887 2720 ausus
915 2682 990 2720 est:
1017 2698 1157 2734 suaque
1187 2688 1364 2733 sapientia
1387 2687 1520 2727 effecit,
1546 2691 1587 2720 ut
1600 2685 1716 2719 Chos-

241 2740 320 2770 ro‘es
352 2746 388 2767 re
419 2735 610 2780 inopinata
635 2734 823 2779 deceptus,
848 2734 993 2769 domum
1018 2735 1155 2769 infecto
1185 2737 1335 2780 negotio
1361 2740 1556 2780 repeteret.

310 2781 447 2817 Eodem
462 2783 572 2817 etiam
593 2794 688 2817 anuo
707 2782 905 2818 Timotheo
922 2783 1166 2819 Alexandriae
1182 2784 1354 2830 episcopo
1371 2782 1559 2824 defuncto,
1583 2780 1712 2827 impius
