1708 3172
437 167 472 206 T
474 166 781 208 HEOPHANlS
824 162 1099 206 officinm,
1365 165 1510 207 van

683 265 790 307 Ὠιδ.
817 262 861 307 ε’.

546 340 760 406 ξύγκρριέ
785 357 872 397 μου
901 344 1005 400 φῶς.

152 445 282 505 Λόγῳ
313 448 569 498 πανευσεβεῖ
588 443 829 500 ὄρθοδόξως
865 442 1064 500 ἐκήρυξεν
1091 443 1114 486 ὁ
1143 439 1258 494 ὅσιος
1292 441 1514 500 Θεοφάνης

33 512 79 556 τό
111 517 185 569 τῆς
214 517 394 563 πίστεως
426 512 579 567 δόγμα,
609 515 668 569 τῷ
700 510 908 565 πνεύματι
935 508 1212 565 λαμπόμενος.

146 582 343 622 Πλοῦτον
393 581 640 634 παντοδαπῆ
682 578 930 636 θεοφρόνως
968 580 1182 633 διένειμας
1222 577 1514 633 προστάγματι

31 650 112 690 τοῦ
136 647 347 690 δεσπότου
377 652 467 696 τοῖς
497 650 621 704 πενίᾳ
653 647 843 698 συζῶσιν
874 643 1103 700 ἑπόμενος,
1137 645 1401 701 πανεῦφημε.

142 710 280 769 Ἔχων
307 713 385 769 τήν
412 712 562 768 ψυχήν
594 717 688 756 κατ’
716 711 854 756 εἰκόνα
886 715 964 754 τοῦ
993 715 1223 767 κτίσαντος,
1249 712 1326 767 τὴν
1352 707 1515 768 ἄχραν-

38 797 110 825 τον
137 783 216 824 τοῦ
243 779 749 835 δεσπότουπροσεκύνεις
779 779 935 833 εἰκόνα,
963 782 1022 838 τῷ
1057 780 1174 837 πόθῳ
1205 778 1513 834 α’σπαζόμενος.

683 881 786 924 Ὠιδ.
817 881 864 931 ς’.

303 960 436 1007 edum
465 975 533 1004 σοι
559 959 668 1014 μετὰ
698 963 845 1018 φωνῆς
876 961 1100 1016 αἰνέσεως,
1130 960 1263 1016 κύριε.

138 1057 308 1106 ’lower
336 1061 444 1117 πρὸς
476 1060 636 1117 α’ρετὴν
662 1058 734 1104 τόν
760 1062 853 1115 βίον
882 1076 992 1116 μου,
1023 1056 1138 1104 ὅστε·
1170 1060 1245 1117 τήν
1272 1062 1350 1117 τῆς
1380 1061 1513 1119 ‹20er-

35 1144 142 1178 σεως
170 1129 317 1183 τριβον
343 1134 439 1179 ταῖς
466 1128 618 1182 εὐχαῖς
645 1143 737 1183 σου,
765 1125 916 1184 πάτερ,
935 1129 1201 1185 ε’ξομαλίσας,
1227 1127 1279 1184 ἢν
1306 1128 1514 1180 συντόνως

41 1197 303 1252 εὐθυπορεῖν
327 1211 383 1249 με
399 1231 411 1250 ,
443 1193 613 1251 μάκαρ,
643 1194 839 1247 ἀξίωσον.

149 1261 390 1320 Σωφρόνως
428 1277 507 1305 σου
544 1260 623 1317 τὴν
652 1261 762 1318 ζωὴν
799 1260 1017 1318 διήνυσας,
1049 1257 1162 1304 ὅσιε·
1217 1260 1323 1317 μετὰ
1354 1261 1515 1320 φρονή-

36 1347 145 1382 σεως
171 1329 255 1386 γὰρ
283 1328 427 1385 ἔσχες,
468 1327 550 1371 σύν
579 1330 757 1386 α’νδρείᾳ
794 1327 876 1384 γὰρ
919 1328 996 1386 τῆν
1038 1328 1332 1387 δικαιοσύνην,
1357 1330 1431 1373 καί
1455 1323 1516 1391 τῷ

39 1396 177 1457 κύκλῳ
205 1399 290 1440 τῶν
320 1397 484 1453 α’ρετῶν
511 1394 672 1454 ἐφάνης
700 1394 1003 1450 κοσμούμενος.

149 1463 357 1514 Εὖκλείας
387 1465 655 1518 μαρτυρικῆς
682 1462 848 1518 ἐπέβης,
881 1463 1125 1521 Θεόφανες,
1151 1467 1226 1521 τῆς
1257 1463 1515 1522 θεομήτορος

38 1532 168 1588 κόρης
196 1533 271 1574 καί
303 1529 558 1587 μαρτύρων,
586 1528 748 1584 πάτερ,
786 1528 889 1581 τούς
911 1534 1193 1589 χαρακτῆρας
1224 1532 1279 1584 ὥς
1307 1533 1513 1589 τιμήσας,

38 1601 112 1643 καί
138 1606 226 1650 τοῖς
258 1598 454 1648 διώκταις
484 1595 842 1652 ἀντιταττόμενος,

710 1745 790 1779 Ode
809 1746 843 1779 5.

508 1815 565 1848 Tu
590 1814 739 1849 domine
760 1826 882 1849 meum
906 1817 1042 1852 lumen.

127 1908 291 1942 Piissima
317 1908 482 1942 doctrina
519 1908 745 1944 orthodoxae
784 1910 871 1945 fidei
891 1911 1090 1947 doctrinam
1116 1911 1340 1959 praedicavit
1367 1918 1511 1949 sanctus

39 1955 294 2001 Theophanes,
325 1956 472 2002 spiritus
495 1955 576 1990 luce
603 1958 819 1993 illustratus.

129 2003 266 2038 Uberes
290 2002 435 2037 divitias
460 2003 585 2038 divino
607 2017 715 2040 sensu
742 2008 866 2052 egenis
891 2006 1126 2051 distribuisti,
1151 2009 1289 2046 domini
1313 2018 1509 2060 praecepto

36 2050 243 2093 obsecutus,
269 2052 325 2085 vir
350 2051 559 2085 clarissime.

134 2100 208 2146 Qui
232 2099 279 2133 ad
299 2100 456 2133 auctoris
481 2100 676 2145 imaginem
693 2102 813 2135 animo
839 2101 1006 2136 conditus
1033 2114 1141 2147 esses,
1165 2105 1418 2143 intemeratam
1442 2108 1510 2144 do-

37 2147 127 2181 mini
154 2147 383 2182 venerabaris
406 2148 613 2193 imaginem,
641 2148 822 2183 desiderio
854 2151 1078 2184 exosculans.
1460 2162 1466 2171 ·

708 2241 789 2276 Ode
809 2243 843 2276 6.

330 2309 550 2345 Sacrificaho
577 2310 647 2346 tibi
674 2323 755 2346 cum
788 2324 877 2347 voce
905 2313 1035 2356 laudis,
1061 2315 1219 2351 domIne.

129 2402 252 2447 Dirige
277 2402 324 2436 ad
347 2403 518 2438 virtutem
534 2405 646 2439 vitam
663 2417 791 2447 meam,
814 2406 871 2439 vir
882 2412 1019 2448 sancte,
1046 2408 1240 2454 religiosae
1264 2410 1509 2447 institutionis

38 2449 198 2483 semitam
227 2451 319 2492 tuis,
344 2457 468 2496 pater,
504 2453 676 2498 precibus
700 2454 954 2499 complanans3
979 2466 1088 2501 quam
1115 2468 1223 2503 roga,
1248 2459 1304 2492 vir
1327 2458 1445 2502 beate,
1469 2467 1511 2495 ut

37 2503 134 2531 recto
164 2498 308 2531 tramite
334 2500 479 2534 concite
503 2512 544 2533 ac
568 2507 741 2535 contente
765 2513 983 2547 percurram.

129 2544 256 2578 Sobrie
283 2551 455 2594 casteque
481 2548 592 2582 vitam
615 2550 801 2596 peregisti,
826 2551 883 2584 vir
905 2555 1052 2584 sanctez
1078 2552 1215 2599 quippe
1241 2565 1321 2588 cum
1349 2555 1511 2600 pruden-

35 2593 99 2633 tia,
125 2592 352 2672 fortitudine,
386 2606 428 2628 ac
455 2596 595 2630 iustitia
630 2597 819 2643 praeditus
846 2598 962 2639 suisti,
993 2598 1240 2648 virtutumque
1265 2602 1375 2635 choro
1400 2615 1509 2638 oma-

40 2645 97 2673 tus
123 2651 142 2673 e
162 2641 282 2674 nxisti.

130 2687 295 2731 Martyris
319 2689 521 2724 claritatem
545 2690 793 2736 Theophanes
820 2691 974 2737 adeptus
999 2705 1047 2736 es,
1070 2695 1173 2729 velut
1198 2696 1260 2742 qni
1289 2695 1348 2729 dei
1375 2709 1509 2744 paren-

34 2735 81 2768 tis
105 2735 264 2816 Y'uellae,
287 2741 555 2785 martyrumque
578 2740 766 2785 imagines,
793 2752 813 2775 o
835 2745 951 2786 pater,
973 2748 1167 2776 veneratus
1193 2745 1253 2783 sis,
1275 2755 1315 2778 ac
1338 2756 1508 2791 persecu-

37 2783 106 2817 tori
138 2794 177 2817 us
203 2783 398 2821 resisteres.
