1786 3204
228 195 240 200 ,
287 169 304 204 ι
319 148 391 207 88
833 170 1181 213 THEOPHANJS

276 268 465 326 ἐχθρούς
490 285 582 325 σου,
612 263 850 322 ὦπάππας.
878 268 900 312 ὅ
932 273 979 314 δὲ
1010 272 1175 328 α’νιέρος
1209 266 1452 328 ἆντεφοόνει·
1486 273 1584 314 ναί·
1615 266 1745 320 ὅντως

274 335 490 393 ἑψιόμισα.
518 333 640 388 οὗτος
662 337 684 394 ὅ
714 337 926 394 δυσσεβὴς
946 341 1020 382 καί
1036 338 1112 394 τὴν
1140 340 1184 380 ἐν
1198 337 1446 394 Χαλκηδόνι
1458 336 1637 382 σύνοδον
1653 337 1747 380 ἆνε-

273 404 511 459 &efisinam
571 405 805 456 Ἰουλιανὸς
848 408 896 450 δὲ
924 406 948 448 ὅ
993 406 1218 455 ἐπίσκοπος
1243 401 1507 462 Ἀντιοχείας
1544 407 1768 461 τέθνηκεν·

274 472 359 517 ἀπὸ
392 475 525 531 λύπης
551 476 634 518 τῶν
659 476 901 530 γινομένων.
960 477 1128 530 Πέτρος
1152 475 1198 516 δὲ
1227 473 1465 532 ὁΓναφεὺς
1491 472 1747 528 καταλαβών

273 540 345 584 τὸν
372 541 528 594 θρόνον
553 545 613 592 εἰς
643 543 895 597 α’ναθέματα
921 541 995 585 καί
1019 541 1213 596 ταραχὰς
1242 539 1472 598 ἐχώρησεν.
1530 539 1634 584 ὅθεν
1665 537 1784 598 φό-5

160 615 204 650 V.
216 616 257 658 85
274 624 339 651 νοι
367 626 437 651 και
471 609 665 665 ἁρπαγαὶ
692 608 763 652 διὰ
795 611 870 666 τὴν
899 607 1165 666 προσθήκην
1175 612 1251 651 τοῦ
1267 610 1489 666 τρισαγιόυ
1515 607 1748 665 γεγόνασιν.

230 665 531 727 Ι)Βασιλι’σκος
559 677 606 718 δὲ
639 693 773 736 τυπω,
815 679 964 736 γενικιῖί
992 674 1068 732 τὴν
1100 677 1145 718 ἐν
1178 675 1426 733 Χαλκηδόνι
1454 677 1635 720 σύνοδον
1662 677 1749 727 ἑξέ-

273 746 432 799 βαλεν·
505 760 575 787 και
617 742 815 788 Ἀκάκιον
849 743 924 788 τὸν
957 742 1448 795 Κωνσταντινουπόλεως
1475 744 1676 794 κελεύσας
1701 741 1747 786 τὰ

276 810 380 854 αὐτὰ
412 813 602 869 ποιῆσαι.
662 812 757 855 ἄλλ’
786 812 811 869 ἦ
858 810 980 862 πόλις
1008 809 1154 854 ἅπασα
1183 811 1264 854 σὺν
1295 812 1465 868 γυναιξὶ
1492 811 1566 855 καί
1590 814 1750 860 τέκνοις

274 880 336 929 εἰς
359 877 435 934 την
465 877 688 934 ἐκκλησίαν
717 881 1037 922 συνανελθοῦσα
1066 879 1172 922 κατὰ
1205 880 1468 922 Βασιλίσκου
1496 882 1619 922 τοῦτο
1647 877 1781 921 ἐκώ-ι

273 950 413 989 λυσεν.
479 945 671 997 Ἀκάκιος
715 948 761 990 δὲ
804 946 1168 1003 μελανειμονήσας
1207 946 1281 989 τὸν
1308 946 1466 1003 θρόνον
1492 946 1567 990 κατ’
1591 945 1636 989 τὸ
1670 949 1752 988 θυ-

279 1011 524 1070 σιαστήριον
551 1016 722 1073 μελανῷ
753 1014 984 1072 ἦμφιάσεν.
1008 1013 1174 1071 Δανιὴλ
1204 1016 1251 1057 δὲ
1281 1010 1303 1055 ὅ
1335 1017 1470 1070 μέγας
1499 1016 1579 1057 τοῦ
1594 1012 1750 1057 στόλου

273 1079 442 1135 α’ποβὰς
469 1083 524 1124 δι’
554 1080 699 1125 ἔνθεον
730 1083 854 1137 ζῆλον
880 1082 1064 1140 Ἀκακίῳ
1094 1083 1196 1132 τέως
1224 1083 1296 1124 καί
1321 1084 1379 1140 τῷ
1407 1083 1498 1141 λαῷ
1525 1085 1752 1138 συνεκκλη-

273 1149 434 1191 σιάσεν.
506 1150 719 1206 Περιόζης
752 1151 799 1192 δὲ
828 1148 1160 1205 ἐπεστράτευσεν
1201 1149 1308 1193 κατὰ
1351 1149 1434 1193 τῶν
1463 1152 1753 1207 Negra-‘iamenu

142 1221 261 1257 P.105
279 1210 465 1269 Οὗννων,
497 1217 572 1258 καί
600 1218 763 1272 τρέψας
792 1215 950 1266 αὖτοὺς
978 1218 1164 1259 ἐδίωκεν.
1197 1218 1323 1259 αὐτοὶ
1351 1218 1398 1259 δὲ
1425 1217 1471 1260 ἐν
1498 1222 1657 1266 στενοῖς
1685 1216 1749 1259 τό-
1769 1235 1782 1262 ι

272 1299 368 1334 ποις
396 1280 474 1339 τὴν
503 1282 642 1341 φυγὴν
673 1284 918 1338 ποιούμενοι
942 1285 1028 1326 κατ’
1057 1283 1194 1338 ὀλίγον
1222 1286 1267 1326 ἐν
1281 1289 1367 1334 τοῖς
1395 1277 1529 1339 ὄρεσι,
1558 1286 1677 1342 δεξιᾷ
1705 1300 1751 1326 τε

273 1350 348 1393 καί
374 1352 574 1409 α’ριστερᾷ
603 1351 949 1407 ὑποχωροῦντες,
980 1351 1158 1402 ἐξοπίσω
1178 1350 1340 1394 τούτων
1360 1353 1615 1408 γενηθέντες,
1635 1349 1751 1408 οἷφυ-

275 1419 451 1469 maroug
495 1416 654 1468 αὐτούς
691 1419 960 1462 ιίπέκλεισαν.
1016 1421 1244 1468 στενωθείς
1288 1420 1335 1461 δὲ
1370 1417 1584 1477 Περώζης
1612 1421 1751 1478 ᾐτεῖτο

274 1483 458 1543 εἰρήνην.
515 1484 538 1528 ὅ
569 1488 616 1529 δὲ
649 1487 731 1529 τῶν
751 1487 1041 1544 Νεφθαλιταῖν
1070 1484 1276 1541 βασιλεύς
1306 1483 1356 1529 οὔ
1387 1485 1593 1546 πρότερον
1621 1489 1750 1530 τοῦτο

377 1651 403 1672 ι.
431 1637 580 1684 ανίερος
605 1637 688 1671 add.
717 1649 761 1672 ex
782 1638 810 1671 A
839 1649 858 1672 e
885 1638 908 1671 f.
1032 1649 1065 1673 2.
1094 1641 1201 1679 οὗτος
1226 1639 1267 1680 A,
1295 1637 1412 1679 οὕτως
1435 1639 1531 1685 vulg.
1628 1639 1660 1674 8
1686 1639 1752 1673 καὶ

366 1670 542 1723 Ἀκάκιον
567 1687 596 1720 Α
627 1699 658 1728 e,
681 1687 755 1722 Ἀκ.
784 1686 825 1722 δὲ
851 1687 946 1743 vulg.
1085 1699 1135 1721 ιι.
1163 1687 1492 1770 μελανειμονιήσας
1500 1665 1559 1730 DA,
1583 1687 1749 1735 μελανο-

369 1735 543 1782 μογήσας
569 1735 662 1780 vulg.
783 1736 848 1770 καὶ
870 1730 912 1770 τὸ
916 1713 1029 1770 om
1056 1736 1097 1776 A,
1129 1738 1195 1770 καὶ
1221 1739 1310 1771 θυσ.
1335 1737 1397 1771 vul
1400 1747 1432 1782 g.
1556 1747 1608 1770 ια.
1632 1735 1749 1793 μελα-

368 1786 424 1830 rai
449 1782 533 1816 add.
563 1794 607 1816 ex
633 1786 673 1825 A,
699 1784 738 1816 in
764 1794 837 1830 quo
863 1789 984 1817 tamen
1012 1784 1188 1839 μελανοῶ
1212 1785 1357 1828 legitur.
1490 1784 1542 1829 14.
1567 1782 1751 1832 Περώξης

370 1832 412 1874 A,
436 1830 608 1879 Περόξης
635 1832 731 1877 vulg.
853 1831 1084 1879 Nequi-nair
1110 1833 1140 1866 A
1164 1831 1199 1865 h.
1230 1832 1254 1865 1.
1285 1838 1321 1867 et
1347 1831 1454 1866 infra.

278 1977 356 2014 est,
381 1971 509 2005 cibavi.
569 1970 639 2006 hoc
663 1977 768 2019 pacto
801 1972 936 2019 impius
969 1972 1035 2006 ille
1072 1972 1320 2006 execrationes
1356 1972 1394 2007 in
1420 1971 1751 2007 chalcedonensem

238 2058 240 2061 .
277 2019 454 2064 synodum
491 2021 659 2054 coniecit.
729 2026 912 2054 caeterum
943 2021 1106 2054 Iulianus
1138 2019 1354 2054 Antiochiae
1381 2021 1536 2066 praesul,
1576 2032 1619 2055 ex
1643 2023 1751 2066 gestis

278 2067 386 2101 rebus
426 2067 553 2101 dolore
589 2074 778 2114 concepto,
804 2069 915 2102 vitam
941 2069 1072 2103 amisit.
1135 2068 1259 2102 Petrus
1292 2073 1413 2101 autem
1446 2069 1552 2103 Fullo
1578 2068 1751 2103 thronum

277 2115 466 2157 invadens,
504 2127 541 2149 se
574 2116 620 2150 ad
661 2116 891 2150 anathemata
930 2123 968 2151 et
1005 2115 1184 2151 tumultus
1219 2116 1429 2150 excitandos
1472 2118 1672 2151 convertit:
1705 2128 1750 2151 ex

278 2174 352 2209 quo
379 2163 506 2197 caedes
535 2169 572 2198 et
589 2165 778 2198 domorum
807 2165 1029 2210 direptiones
1068 2163 1116 2198 ob
1153 2164 1358 2209 appositum
1383 2169 1440 2198 ter
1463 2171 1588 2199 sancto
1612 2164 1749 2209 ,hymno

278 2210 578 2245 additamentum.
635 2213 828 2246 Basiliscus
864 2212 983 2247 edicto
1020 2213 1059 2246 in
1088 2211 1273 2258 publicum
1310 2212 1383 2246 lato
1415 2212 1749 2247 Chalcedonensem

279 2259 456 2303 synodum
484 2260 699 2302 eliminavit,
730 2267 766 2295 et
778 2261 946 2295 Acacium
962 2261 1118 2306 Cpoleos
1142 2260 1234 2292 illud
1256 2259 1352 2293 idem
1370 2260 1476 2295 iussit
1505 2262 1658 2308 exequi:
1686 2273 1752 2295 ve-

278 2319 356 2341 rum
384 2309 495 2341 totius
515 2309 682 2350 civitatis,
708 2309 900 2343 mulierum
926 2310 1034 2343 etiam
1058 2319 1099 2341 ac
1124 2319 1329 2353 puerorum,
1355 2309 1520 2343 conferta
1545 2309 1653 2355 plebs
1679 2309 1747 2343 ad·-

278 2367 400 2389 versus
439 2356 649 2389 Basiliscum
682 2368 895 2391 concurrens
927 2358 965 2391 in
993 2356 1179 2390 ecclesiam
1205 2356 1321 2390 scelus
1348 2356 1553 2402 prohibuit.
1599 2358 1749 2391 Aeacius

277 2409 399 2437 nutem
425 2409 501 2437 atra
536 2410 635 2438 veste
667 2406 855 2451 proprium
892 2417 1042 2451 corpus,
1068 2410 1144 2438 tum
1178 2403 1348 2438 thronum
1388 2416 1430 2439 ac
1456 2405 1608 2440 tandem
1635 2405 1749 2440 altare

277 2452 388 2497 nigris
424 2451 639 2486 velamentis
673 2453 942 2487 circumcinxit:
986 2463 1133 2497 magnus
1172 2463 1320 2499 quoque
1354 2452 1420 2486 ille
1456 2454 1591 2487 Daniel
1624 2453 1749 2489 divino

276 2501 388 2546 plane
415 2500 494 2533 zelo
521 2511 702 2542 accensus,
720 2501 899 2541 columna,
927 2512 997 2547 qua
1016 2499 1241 2542 consederat,
1269 2501 1459 2535 descendit
1487 2507 1524 2536 et
1549 2514 1628 2536 cum
1656 2504 1751 2536 Aca-

277 2548 336 2581 cio
377 2549 579 2594 populique
618 2548 826 2594 frequentia
864 2549 1028 2582 assiduus
1053 2549 1191 2582 cunctis
1229 2549 1482 2584 ecclesiasticis
1509 2551 1751 2585 conventibus

277 2595 415 2629 aderat.
466 2602 647 2630 caeterum
675 2597 825 2630 Perozes
861 2597 1032 2630 adversus
1057 2596 1315 2642 Nephthalitas
1342 2597 1495 2632 Hunnos
1518 2599 1616 2644 cepit
1641 2609 1752 2644 expe·-

277 2643 455 2678 ditionem
489 2649 527 2678 et
559 2645 598 2677 in
632 2644 749 2689 fugam
790 2655 911 2679 versos
937 2646 1042 2678 armis
1074 2645 1346 2691 insequebatur.
1400 2646 1458 2679 illi
1480 2657 1545 2692 per
1572 2647 1751 2680 montium

277 2704 334 2725 an·
328 2698 430 2737 5ust1
454 2693 533 2726 loca
562 2693 599 2726 in
627 2693 725 2726 leves
756 2699 889 2726 turmas
914 2692 1079 2739 dispersi,
1110 2693 1335 2727 dextrorsum
1378 2699 1416 2729 et
1438 2694 1682 2728 sinistrorsum
1712 2706 1749 2728 se

278 2741 478 2785 recipiunt:
509 2740 650 2775 demum
688 2747 784 2775 retro
811 2743 932 2775 Persas
971 2742 1136 2782 collecti,
1173 2741 1415 2777 incustoditos
1449 2742 1623 2787 angustiis
1647 2741 1749 2775 loco-

278 2800 354 2822 rum
384 2788 587 2824 includunt.
646 2789 696 2824 ita
722 2790 870 2824 Perozes
897 2795 1054 2824 arctatus
1076 2800 1204 2836 pacem
1233 2791 1389 2837 expetit:
1414 2802 1522 2838 quam
1547 2802 1622 2825 non
1651 2790 1750 2836 prius
