1786 3204
284 123 359 206 44
833 131 1177 179 THEOPHAMS

283 243 410 324 ιῖητοῦ
451 236 567 297 ηχθη
611 238 969 296 τριακονταετηρίς
1005 234 1116 278 πάνυ
1160 227 1553 287 φιλοτίμως.καί
1602 228 1742 285 ἐφάνη

284 307 419 364 ἀστὴρ
449 309 494 352 ἐν
521 326 570 366 τῃ
593 306 826 365 Ἀντιοχεια
844 307 888 348 ἑν
914 304 1050 360 ἡμέρα
1082 318 1128 344 εν
1150 302 1210 357 τῶ
1232 299 1399 356 ουρανοῖ
1426 294 1532 339 κατὰ
1558 294 1607 339 τὸ
1639 296 1746 338 οἰνα-

285 374 447 419 τολικὸν
473 377 601 431 μέρος
630 375 838 425 καπνίζων
865 370 1057 429 σφόδρα,
1091 384 1149 417 ως
1182 366 1263 409 ἀπὸ
1293 368 1488 419 καμίνου,
1514 359 1598 405 οἷπὸ
1630 359 1746 417 ω’ρας

249 444 422 499 Βτρίτης
454 441 533 493 ἕως
561 438 674 496 ω’ρας
702 443 906 495 πέμπτης.
962 436 983 479 ὅ
1012 438 1058 479 δὲ
1073 430 1244 489 ’Ἄρειος
1269 431 1348 476 σὺν
1372 432 1428 490 τῶ
1458 432 1747 485 Νικομηδείας

284 507 477 567 Ευσεβίῳ
517 526 587 552 και
615 514 700 559 τοῖς
726 505 957 563 ὁμόφροσιν
983 504 1120 546 αὐτοῦ
1151 473 1453 555 διανέστησαιν,
1483 499 1583 552 μεθ’
1609 493 1786 550 ὅρκωνό

283 579 501 632 λιβέλλους
528 576 775 633 ὄρθοδοξιας
800 570 1112 626 ἐπιδεδωκότες,
1141 572 1200 627 τιῦ
1216 570 1391 623 βασιλεῖ
1409 568 1466 608 δι’
1493 564 1651 619 αυτῶν,
1681 560 1750 606 ότι

284 643 594 702 ομοφρονοῦσιν
620 648 708 692 τοῖς
734 644 779 685 ἑν
818 641 975 698 Νικαία
1004 633 1209 693 πατράσι,
1256 633 1527 689 ψευδόμενοι.
1583 632 1750 681 τούτοις

283 710 591 767 παραπεισθείς
619 708 642 753 ὅ
675 706 874 764 βασιλευς
914 704 1197 763 ἠγανάκτησεν
1224 701 1330 745 κατά
1355 701 1647 752 Ἀθανασιᾞου
1678 699 1749 755 ἐφ’

285 774 349 828 οἷς
367 774 536 833 ’Ἀρειον
581 794 652 819 και
677 773 865 828 Εὐζώϊον
904 776 981 815 ου’κ
1023 774 1195 823 ἐδέξατο
1237 785 1339 819 τους
1363 768 1446 811 υπὸ
1470 766 1748 821 Ἀλεξάνδρου

285 845 629 899 καθαιρεθέντας,
660 842 857 886 διακόνου
876 839 968 884 τότε
1000 855 1116 888 οντος
1135 839 1342 891 Εύζωΐου.
1373 833 1514 891 εὑρών
1543 836 1590 878 δὲ
1613 834 1780 891 &ww-¹

286 910 372 966 μὴν
398 910 420 954 ὅ
452 913 657 965 Εὐσέβιος
703 911 775 952 καί
810 908 847 952 οἱ
879 907 959 952 συν
991 907 1104 965 αὐτῷ
1144 906 1398 961 ἠγωνίζοντο
1427 901 1534 946 κατὰ
1562 902 1749 946 Ἀθανα-

249 981 407 1033 (Ῑσίου,
439 977 496 1030 (ὃς
523 978 746 1034 προμάχου
778 979 854 1031 τῆς
883 976 1019 1032 ὀρθῆς
1049 977 1242 1024 πίστεως.

84 1060 273 1106 A.M.5827
391 1043 696 1099 Ἱεροσολύμων
723 1046 951 1086 ἐπισκόπου
982 1043 1190 1094 ,Μαξίμου
1221 1038 1315 1090 ε’τος
1344 1038 1400 1082 α’.

398 1110 546 1171 Τουτω
577 1114 636 1171 τῶ
661 1110 745 1155 ἔτει
782 1109 856 1167 τήν
885 1107 1164 1165 α’γανάκτησιν
1191 1110 1269 1151 τοῦ
1293 1107 1503 1162 βασιλέως
1539 1103 1617 1161 τὴν
1644 1101 1749 1146 κατὰ

284 1178 543 1225 ’.Αθανασίου
568 1183 818 1236 γενομένην,
857 1176 928 1220 ὁιὰ
960 1177 1005 1220 τὸ
1035 1175 1092 1232 μή
1130 1176 1337 1227 δέξασθαι
1354 1170 1530 1230 Ἀρειον
1561 1189 1632 1215 και
1665 1173 1782 1218 Ev'-1

244 1249 411 1301 Βζώϊον
446 1246 554 1302 μετὰ
603 1244 680 1302 τὴν
717 1246 968 1288 ἐπίπλαστον
997 1244 1127 1299 δῆθεν
1159 1241 1440 1300 ἐπιστροφήν,
1486 1239 1526 1283 οἱ
1550 1256 1647 1295 περι
1677 1237 1752 1283 τὸν

289 1317 573 1372 Νικομηδείας
599 1314 807 1368 Εὗσέβιον
839 1310 929 1367 ἅμα
967 1319 1056 1362 τοῖς
1085 1314 1368 1360 ΙΙΊελετιανοῖς
1395 1305 1578 1363 ὄργανον
1606 1307 1754 1356 κακίας

287 1380 501 1439 εὑρόντες,
531 1380 581 1425 τοὶ
611 1381 717 1424 κατὰ
749 1381 1005 1424 Ἀθανασιόυ
1038 1377 1460 1430 συνεσκεύαζον·και“
1478 1378 1646 1431 πρῶτον
1674 1375 1754 1427 μὲν

291 1449 366 1506 τὴν
389 1451 651 1506 χειροτονίαν
682 1450 925 1503 διέβαλλον,
971 1449 1119 1502 καίπερ
1151 1446 1472 1501 Ἀπολλιναρίου
1502 1445 1581 1486 τοῦ
1609 1441 1751 1495 Σύρου

386 1612 419 1634 2.
446 1599 487 1647 τῇ
511 1611 579 1632 om.
607 1599 646 1632 A.
740 1597 793 1652 τῷ
818 1597 899 1631 add.
930 1609 973 1630 ex
998 1596 1038 1630 A.
1168 1596 1201 1630 3.
1229 1595 1279 1634 ὥς
1303 1590 1377 1630 α’πό
1406 1592 1554 1628 καπνοῦ
1575 1591 1616 1625 Α.
1716 1591 1751 1635 4.

386 1648 406 1684 ὁ
434 1648 473 1683 δὲ
498 1647 525 1680 Α
549 1659 569 1679 a
595 1647 631 1688 f,
658 1644 677 1681 ὅ
702 1658 777 1693 yar)
806 1646 899 1690 vulg.
1027 1646 1061 1677 6.
1088 1643 1137 1691 τιό
1160 1644 1324 1690 βασιλεῖε
1353 1647 1438 1688 post
1463 1641 1554 1675 haec
1577 1638 1687 1673 verba
1713 1640 1753 1673 in

386 1708 405 1729 c
429 1696 480 1729 sic
503 1695 671 1740 pergitur,
697 1700 735 1727 ut
762 1694 967 1727 Anastasius
1003 1678 1148 1739 quoque
1173 1692 1302 1725 vertit.
1331 1690 1494 1737 διψῶντι
1515 1687 1579 1733 τὴν
1598 1687 1674 1723 τῶν
1702 1690 1753 1722 εἰ·

387 1746 558 1791 ρημένων
583 1742 667 1789 (leg.
689 1742 931 1802 διῃρημένων,
954 1741 1226 1775 Anast.eoru1n
1243 1739 1313 1798 quic
1334 1738 1442 1772 divisi
1467 1737 1624 1781 fuerant)
1658 1735 1753 1772 ἕνω-

386 1802 467 1832 σιν,
493 1793 557 1825 καὶ
583 1792 740 1825 ἔπεισαν
767 1790 890 1826 αὐτῶν
914 1790 998 1836 (leg.
1026 1783 1180 1835 αὐτὸν),
1211 1786 1268 1823 ὅτι
1295 1785 1439 1834 ὁιιοφρ.
1469 1799 1500 1821 κ.
1529 1798 1560 1820 τ.
1588 1786 1618 1819 λ.

386 1839 545 1888 ἐδέξατο]
570 1839 788 1879 κατεδέξατο
813 1838 852 1871 Α.
980 1849 1030 1884 ¹7·
1058 1842 1136 1875 τοῖς
1160 1838 1287 1872 Melet.
1318 1836 1370 1876 A,
1395 1836 1459 1869 καὶ
1484 1835 1575 1869 Μελ.
1603 1832 1699 1878 vulg.

297 1954 494 1989 festivitite
528 1959 566 1988 et
588 1953 834 1988 munificentia
861 1953 1041 1988 celebrata
1067 1959 1162 1988 sunt.
1230 1951 1447 1988 Antiochiae
1476 1950 1598 1985 media
1625 1949 1685 1984 die
1710 1949 1758 1983 ad

296 2003 386 2036 caeli
417 2009 552 2048 partem
582 2003 793 2035 orientalem
818 2002 893 2036 visa
919 2008 973 2035 est
995 2003 1114 2044 steila,
1142 2014 1187 2035 ex
1214 2013 1284 2048 qua
1311 2001 1445 2035 densus
1471 2001 1571 2034 velut
1597 2010 1617 2032 e
1644 1998 1756 2032 cami-

296 2062 343 2083 no
373 2050 486 2083 fumus
523 2048 714 2084 exhalabat
753 2062 772 2082 a
799 2051 906 2083 tertia
930 2049 975 2083 ad
1012 2051 1177 2095 quintum
1204 2061 1316 2096 usque
1342 2049 1479 2082 horam.
1530 2047 1634 2082 Arius
1661 2046 1758 2080 enim

298 2110 369 2131 una
398 2110 478 2131 cnm
500 2097 653 2131 Eusebio
668 2098 936 2131 Nicomedienm
963 2098 1183 2144 reliquisque
1209 2098 1367 2139 asseclis,
1393 2095 1587 2142 resumptis
1613 2095 1757 2135 animis,

298 2147 485 2185 excitatus,
513 2145 659 2178 libellos
687 2146 847 2178 sincerae
874 2151 1063 2192 rectaeque
1091 2146 1176 2180 fidei
1196 2152 1331 2187 testes,
1358 2145 1494 2178 additis
1523 2143 1630 2177 etiam
1657 2143 1759 2175 iura-

296 2194 450 2234 mentis,
478 2193 685 2238 imperatori
706 2193 851 2234 obtulit,
881 2194 1024 2249 quibus,
1055 2200 1094 2227 ut
1122 2200 1197 2228 tum
1227 2195 1317 2240 ipse,
1342 2199 1419 2227 tum
1445 2192 1534 2226 socii
1562 2201 1758 2235 congrega-

296 2242 344 2276 tis
370 2241 455 2274 olim
482 2241 635 2275 Nicaeae
663 2240 827 2286 patribus
855 2242 1137 2284 assentirentur,
1174 2242 1301 2276 dolose
1325 2241 1500 2275 mentitus
1531 2239 1759 2273 asseveravit.

295 2289 352 2323 his
377 2289 572 2334 imperator
589 2300 712 2321 suasus
732 2289 770 2322 in
789 2288 1021 2322 Athanasium
1045 2290 1294 2335 indignatione
1326 2295 1500 2330 movetur,
1521 2287 1621 2334 quod
1636 2288 1761 2320 Arium

297 2341 335 2371 et
360 2337 543 2376 Euzoium,
570 2335 614 2369 ab
643 2337 883 2370 ecclesiastica
910 2337 1091 2383 qimndam
1118 2339 1371 2371 communione
1398 2337 1443 2370 ab
1470 2335 1675 2370 Alexandro
1703 2346 1767 2368 re-

298 2384 450 2424 scissos,
483 2384 563 2429 ipso
588 2385 723 2418 Euzoio
752 2384 895 2418 diaconi
939 2397 1064 2419 munus
1091 2392 1179 2420 tunc
1214 2392 1428 2427 exercente,
1454 2396 1529 2418 non
1554 2384 1761 2429 recepisset.

298 2432 403 2466 istam
429 2442 515 2465 vero
528 2431 718 2473 'Eusebius
744 2438 780 2466 et
800 2433 862 2477 qui
880 2433 1060 2475 favebant,
1085 2436 1310 2468 occasionem
1330 2434 1440 2475 nacti,
1464 2431 1634 2467 adversus
1650 2430 1764 2465 Atha-

300 2481 441 2561 uasitim
466 2485 638 2526 tanquam
661 2491 764 2513 verae
793 2479 877 2512 fidei
902 2487 1206 2526 propugnatorem
1234 2482 1481 2516 decertabant.

111 2530 263 2567 A.C.32
409 2528 555 2561 liei-oso!
584 2539 721 2560 morum
749 2539 766 2560 e
796 2539 867 2561 lsco
898 2529 1071 2562 iMaximi
1101 2542 1215 2564 annus
1269 2530 1390 2564 rimus.

268 2540 286 2577 7
395 2575 474 2608 Hoc
498 2539 592 2609 annyo
615 2539 823 2621 conceptiini
849 2539 1018 2610 aflversus
1036 2543 1268 2611 Athanasiunp1
1292 2576 1520 2624 imperatoris
1537 2575 1639 2616 iram,
1665 2571 1767 2620 quod

300 2622 425 2657 Arium
449 2628 486 2657 et
521 2623 713 2664 Euzoimu,
751 2629 833 2668 post
876 2624 1078 2658 simulatam
1114 2626 1286 2659 videlicet
1318 2638 1441 2660 eorum
1468 2624 1779 2665 conversionem„

301 2671 475 2704 ecclesiae
502 2682 577 2704 non
603 2649 834 2716 aggregasset,
862 2673 924 2717 qui
950 2672 1095 2706 Eusebii
1112 2673 1399 2707 Niconiediensis
1427 2679 1463 2707 et
1485 2672 1767 2706 Meletianorum

301 2724 422 2764 partes
459 2717 658 2760 fovebant,
699 2718 800 2752 velut
832 2720 1017 2764 nequitiae
1058 2721 1284 2754 commodum
1317 2723 1597 2756 instrumentum
1628 2717 1767 2764 adepti,

302 2767 406 2813 plura
435 2766 473 2801 in
497 2778 580 2802 eum
604 2765 801 2802 machinati
824 2774 918 2803 sunt.
971 2774 1007 2802 et
1038 2769 1192 2815 primum
1217 2769 1363 2817 quidem
1391 2768 1661 2804 ordinationem
1690 2767 1771 2802 eius
