1786 3204
251 141 269 177 ι
283 122 361 197 94
806 136 1155 180 ἹιιΕοΡιιΑΝιε

243 244 304 294 εἷς
331 254 380 286 το
410 236 719 300 ἱπποδρόμιον·
786 240 859 284 τὸν
888 242 935 283 δὲ
978 238 1073 283 υἱὸν
1102 239 1240 282 αὐτοῦ
1275 237 1352 281 τὸν
1389 240 1576 293 καίσαρα
1610 238 1723 292 ἐχει-

243 310 461 368 ροτόνησεν
500 310 786 367 ἀναγνώστην.
860 307 1067 365 Ἀρεάδνη
1110 305 1355 364 γὰρ-αὐτὸν
1391 305 1449 356 ὦς
1493 303 1725 362 ἐξάδελφον

197 382 460 433 Βδιέσωσεν,
492 377 538 430 ὃς
564 376 675 434 μετὰ
705 379 845 420 ταῦτα
865 377 1055 428 Κυζίκου
1086 373 1369 430 ἐπισκόπησεν
1398 368 1566 431 ἄριστα.
1625 371 1646 414 ὁ
1678 373 1726 415 δὲ

240 449 331 505 Ζη’ν
334 466 393 491 ων
410 451 581 504 Πέτρον
597 448 774 503 Γναφέα
804 443 1061 501 ἀπεστράφη
1080 441 1152 484 διὰ
1180 439 1224 485 τὸ
1246 443 1494 498 συντρέχειν
1515 437 1641 483 αυτὸν
1669 440 1728 498 wi

238 515 499 574 Βασιλίσκῳ.
531 513 665 574 ψὴφω
697 515 743 557 δὲ
774 516 851 569 τῆς
885 512 1137 566 ἀνατολικῆς
1164 508 1624 590 συνόδουοκαθῃρέθη,
1654 507 1764 552 και5

238 584 330 627 ἄντ’
361 585 498 626 αὐτοῦ
523 582 711 639 Ἰωάννης
743 581 762 625 ὃ
789 580 899 636 μετὰ
927 582 1127 636 τρίμηνον
1155 579 1393 634 ἐκβληθείς,
1420 579 1494 619 καί
1521 577 1610 630 μετ’
1646 575 1725 618 αὖ·

236 649 313 695 τὸν
340 653 560 708 Στέφανος
590 649 695 706 α’νηρ
727 648 913 705 εὖλαβης
931 646 1175 710 προεβλήθη
1201 645 1467 699 Ἀντιοχείας
1483 643 1723 692 ἐπίσκοπος.

237 719 259 762 ὅ
295 722 343 762 δὲ
371 721 543 774 Πέτρος
574 719 633 768 εἰς
665 717 861 766 Πιτυους
888 707 1196 769 ε’ξοριζόμενος,
1231 710 1455 768 α’πατήσας
1482 707 1580 760 τούς
1610 707 1725 752 ‹inci-

236 803 400 844 γοντας,
432 788 700 843 προσέφυγεν
732 786 793 835 εἰς
819 783 894 827 τὸν
931 780 1052 838 ἅγιον
1086 779 1311 838 Θεόδωρον
1342 779 1588 834 Εὕχαῖτων.
1653 781 1725 821 Τι-

236 853 397 910 μόθεος
427 856 474 898 δὲ
505 853 761 910 ὖΑἴλουρος
790 855 836 896 ἐν
868 850 1036 901 τούτοις
1064 849 1253 906 θνήσκει,
1282 849 1369 892 ἄντ’
1399 848 1537 890 αὐτοῦ
1567 847 1614 889 δὲ
1630 848 1722 889 Πέ-
1742 862 1786 888 ιο

237 939 335 979 τρος
366 922 388 965 ὅ
424 921 600 978 ,Μογγὸς
632 922 866 977 εἰσάγεται,
898 918 1008 976 α’νὴρ
1039 919 1274 973 κακοῦργος
1305 918 1379 958 καί
1409 916 1485 971 τῆς
1517 916 1724 971 ἀληθείας

237 989 410 1047 ἐχθρός,
445 991 825 1048 προκαθῃρημένος
853 983 946 1044 ἤδη.
1002 991 1308 1043 χειροτονεῖται
1341 985 1387 1026 δὲ
1410 981 1492 1025 ὕπὸ
1516 979 1605 1034 ἑνὸς
1634 984 1724 1025 ἐπι-

236 1058 397 1103 σκόπου
439 1060 512 1101 καί
554 1057 693 1101 αὐτοῦ
735 1056 1052 1115 καθῃρημένου.
1109 1055 1254 1097 τοῦτον
1298 1051 1403 1095 κατὰ
1446 1052 1564 1094 θεῖον
1600 1052 1724 1107 ζῆλον

102 1140 138 1174 Ρ.
160 1138 223 1172 ιοὸ
237 1125 483 1176 ἐπελθόντες
516 1124 555 1168 οἱ
583 1128 767 1181 μοναχοί
792 1121 1022 1181 τριάκοντα
1061 1121 1105 1174 ἓξ
1131 1119 1269 1176 μόνας
1302 1120 1466 1177 ἡμέρας
1490 1120 1725 1178 λῃστρικῶς

235 1195 506 1252 κρατήσαντα
537 1195 612 1250 τῆς
640 1194 869 1248 ἐπισκοπῆς
900 1188 1199 1235 ἀπελαύνουσι.
1258 1190 1332 1232 καί
1361 1188 1571 1243 Τιμόθεον
1599 1184 1726 1230 πάλιν
1745 1185 1786 1228 ι5

236 1263 310 1307 τὸν
339 1266 666 1320 Σαλοφακίαλον
695 1261 1042 1304 ἅποκαθιστῶσιν
1078 1254 1207 1311 ἀξίως
1237 1259 1296 1316 τῷ
1323 1254 1478 1315 θρόνῳ.

25 1339 226 1385 Α.Μ.597ο
355 1329 675 1387 Ἀλεξανδρείας
716 1326 949 1372 ἐπισκόπου
997 1328 1211 1382 Τιμοθέου
1256 1327 1333 1368 τοῦ
1370 1324 1724 1382 Σαλοφακιύλου,

236 1400 497 1454 Ἀντιοχείας
523 1395 747 1454 Στεφάνου
779 1394 870 1447 ἔτος
897 1392 952 1439 α’.

195 1478 221 1510 Β
355 1466 499 1525 Τούτῳ
530 1467 588 1523 τῷ
618 1463 703 1509 ἔτει
734 1466 896 1521 ἐγένετο
939 1461 1111 1518 σεισμὸς
1156 1460 1340 1519 φοβερὸς
1370 1462 1414 1503 ἐν
1447 1462 1723 1515 Κωνσταντι-

335 1619 369 1663 4.
397 1612 511 1653 αὐτὸν
537 1615 578 1657 A,
608 1612 710 1662 αὗτῷ
735 1614 830 1658 vulg.
943 1614 977 1647 6.
1009 1618 1093 1659 post
1115 1611 1292 1655 Ἰωάννης
1317 1612 1354 1644 in
1383 1611 1481 1657 vulg.
1509 1611 1585 1645 sino
1612 1609 1720 1645 codd.

333 1665 497 1700 additum
527 1664 684 1709 legitur:
712 1660 990 1717 ἐχειροτονηθη,
1020 1661 1120 1707 quod
1144 1661 1275 1693 melius
1304 1660 1416 1694 abest
1491 1662 1526 1694 8.
1552 1659 1723 1698 Πιτυοῦς

333 1716 374 1748 Α.
480 1714 530 1748 13
570 1711 705 1747 τοῦτον
748 1707 842 1746 κατὰ
865 1714 973 1746 θεῖον
1007 1710 1114 1753 ζῆλον
1137 1709 1191 1750 A,
1217 1708 1334 1755 τούτω
1361 1703 1452 1743 κατά
1479 1712 1587 1744 θεῖον
1617 1708 1724 1752 ζῆλον

335 1763 434 1808 vulg.
561 1763 614 1796 15.
640 1759 897 1808 κρατήσαντα]
921 1757 1176 1806 κρατήσαντος
1198 1759 1227 1791 Α
1253 1769 1272 1790 e
1303 1742 1339 1800 f,
1366 1755 1643 1805 κρατήσαντιν
1624 1757 1721 1802 v.ng

241 1901 342 1935 ditur
380 1901 418 1933 in
451 1900 599 1941 circum,
640 1898 870 1939 obtruncari,
908 1909 1090 1932 caesarem
1129 1903 1250 1932 antem
1288 1898 1364 1932 eius
1401 1897 1517 1931 filium
1551 1898 1725 1932 lectorem

239 1949 427 1996 praecepit
467 1947 656 1982 ordinari:
705 1947 864 1981 Ariadne
898 1948 1035 1992 quippe
1074 1947 1191 1991 ipsum
1232 1951 1273 1979 ut
1312 1946 1570 1980 consobrinum
1604 1947 1727 1981 voluit

241 2003 448 2038 servatum,
478 2001 516 2030 et
553 1995 786 2042 postmodum
814 1995 934 2038 Cyzici
970 1995 1216 2040 episcopatum
1247 1995 1383 2039 optime.
1418 1996 1540 2038 gessit.
1602 2001 1725 2029 caete-

243 2057 320 2079 rum
346 2021 487 2078 Petriim
510 2044 714 2082 Fullonem,
742 2049 782 2077 ut
806 2044 868 2088 qui
894 2043 1065 2076 Basilisco
1096 2043 1252 2082 faverat,
1282 2043 1375 2076 Zeno
1405 2043 1537 2078 habuit
1564 2055 1725 2078 exosum

242 2093 431 2127 orientalis
461 2092 587 2138 itaque
625 2091 754 2136 synodi
779 2090 926 2124 decreto
956 2090 1135 2136 dignitate
1160 2096 1280 2124 motus
1309 2096 1386 2132 est,
1434 2097 1471 2125 et
1500 2092 1540 2125 in
1566 2092 1644 2126 eius
1671 2093 1728 2126 lo-

242 2153 322 2175 cum
345 2142 501 2174 Ioannes
532 2139 734 2173 ordinatus.
774 2138 833 2172 hie
864 2150 1011 2185 qnoque
1039 2144 1123 2185 post
1142 2150 1283 2172 menses
1309 2145 1381 2173 tres
1409 2140 1567 2182 efficitur,
1591 2152 1632 2174 ac
1659 2141 1726 2174 de-

241 2201 340 2223 mum
369 2199 553 2222 successor
579 2188 656 2221 eius
681 2187 887 2232 Stephanus
914 2187 969 2220 vir
991 2188 1129 2234 pietate
1155 2187 1368 2232 spectabilis
1396 2188 1613 2223 Antiochiae
1638 2201 1726 2235 pro-

239 2243 408 2271 movetur
434 2236 640 2281 episcopus.
702 2236 826 2268 Petrus
863 2241 985 2268 autem
1012 2236 1132 2279 Pityos
1159 2235 1366 2280 reiegatns,
1397 2235 1566 2271 custodes
1608 2236 1728 2271 eludit

244 2292 281 2320 et
305 2285 353 2318 ad
379 2290 543 2318 sanctum
568 2283 806 2318 Theodorum
833 2283 1084 2317 Encha'itaruin
1129 2284 1322 2317 tutelarem
1365 2285 1538 2331 profugit.
1606 2285 1645 2319 in
1669 2285 1727 2319 his

243 2332 460 2368 Timotheus
487 2332 641 2366 Aelurus
672 2332 837 2371 moritur,
865 2337 902 2364 et
932 2332 968 2364 in
1000 2332 1076 2364 eins
1104 2331 1224 2365 locun]
1251 2333 1375 2366 Petrus
1401 2333 1554 2379 Mongus
1579 2334 1726 2368 induci-

244 2387 327 2423 tur,
351 2382 407 2416 vir
431 2392 589 2426 nequam
637 2386 674 2414 et
713 2379 878 2413 veritatis
906 2379 1153 2419 adversarius
1196 2380 1284 2414 olim
1325 2381 1569 2427 depositionis
1608 2394 1728 2429 poena

245 2432 452 2464 mulctatus.
505 2428 564 2461 hic
589 2428 633 2462 ab
662 2439 735 2460 uno
770 2427 942 2473 episcopo
970 2439 1089 2473 eoque
1125 2429 1262 2473 pariter
1289 2428 1456 2476 deposito
1481 2437 1725 2464 consecratur.

244 2478 344 2512 hunc
371 2477 495 2511 divino
522 2477 600 2510 zelo
632 2477 722 2510 moti
748 2475 916 2509 monachi
936 2475 1084 2522 quidam
1111 2476 1229 2509 adorti
1258 2489 1320 2511 sex
1346 2484 1487 2513 tantum
1515 2484 1553 2513 et
1578 2480 1729 2524 triginta

246 2526 325 2561 dies
351 2525 585 2572 pontificatus
604 2523 778 2558 honorem
797 2531 1032 2569 assequutum
1054 2524 1268 2558 deturbant:
1296 2531 1332 2559 et
1347 2527 1479 2561 iterato
1493 2528 1727 2562 Timotheum

247 2573 546 2621 Salophaciolum
569 2573 684 2609 virum
713 2572 845 2606 throno
871 2571 1018 2616 dignum
1047 2573 1255 2607 restituunt.

56 2627 94 2660 Λ.
112 2623 233 2672 0470
342 2621 584 2656 Alexandriae
611 2621 773 2667 episcopi
798 2620 986 2654 Timothei
1012 2620 1284 2668 Salophacioli,
1320 2620 1537 2656 Antiochiae
1564 2622 1729 2668 episcopi

247 2671 425 2718 Stephani
451 2681 564 2703 annus
593 2670 742 2715 primus.

345 2720 421 2760 Hoc
446 2730 542 2752 anno
571 2716 774 2751 horrendus
802 2721 918 2750 terrae
944 2722 1063 2750 motus
1090 2716 1194 2763 Cpoli
1224 2717 1375 2763 contigit
1399 2719 1533 2753 mensis
1558 2716 1727 2764 Septem-

246 2767 321 2801 bris
350 2766 410 2801 die
438 2767 566 2812 quinto
593 2778 634 2799 ac
661 2766 832 2811 vigesimo
850 2792 859 2807 ‚
888 2765 1090 2799 indictione
1119 2765 1255 2811 prima,
1292 2778 1364 2813 quo
1393 2767 1516 2814 plures
1542 2767 1728 2810 ecclesiae,

1206 2848 1216 2863 Ι
