1768 3106
234 146 350 202 608
799 162 1147 204 THEOPHAle

231 263 340 320 μετὰ
371 264 450 306 τοῦ
474 260 626 305 στόλου
656 261 731 304 καί
757 263 843 305 τῶν
863 259 1084 319 ἇμηραίων
1111 264 1247 306 αὐτοῦ
1274 261 1386 317 ἔχων
1425 265 1714 318 παμμεγέθεις

232 332 306 375 καί
336 329 566 385 πολεμικάς
607 333 781 380 κατίνας
820 331 895 373 καὶ
925 331 1148 386 δρόμωνας
1187 329 1259 374 τὸν
1289 330 1479 385 α’ριθμὸν
1511 329 1609 390 ¹aad,
1643 335 1716 373 καί

233 399 531 455 προσώρμισεν
560 399 642 441 α’πὸ
673 400 749 452 τῆς
779 398 1054 454 Μαγναύρας
1082 398 1161 448 ἕως
1189 402 1263 441 τοῦ
1294 400 1557 453 Κυκλοβιόυ.
1604 398 1712 452 μετὰ

233 471 280 510 δὲ
315 465 392 510 δύο
422 466 583 522 ἡμέρας
611 466 737 508 νότου
766 464 1031 519 πνεύσαντος,
1062 466 1136 508 καί
1167 466 1406 521 ἀπάραντες
1435 467 1599 508 ἐκεῖθεν
1630 484 1713 507 πα-

231 537 470 590 ρέπλευσαν
498 532 575 588 τὴν
609 532 748 574 πόλιν.
780 534 854 574 καί
883 531 921 574 οἱ
951 534 1030 586 μὲν
1059 534 1274 588 ἐπέρασαν
1308 534 1368 582 εἰς
1396 531 1450 575 τὰ
1468 533 1749 588 Εὕτροπιόυό

232 603 306 645 καί
348 601 602 655 Ἀνθεμιόυ,
633 598 671 642 οἱ
719 602 765 642 δὲ
794 602 854 650 εἰς
883 600 933 642 τὰ
964 603 1039 655 τῆς
1071 599 1241 660 Θρᾴκης
1268 604 1376 657 μέρη
1422 600 1503 643 α’πὸ
1532 603 1609 644 τοῦ
1635 618 1711 643 κα-

231 670 423 712 στελλίου
470 671 555 711 τῶν
584 667 791 710 Γαλάτων
831 671 905 710 καί
933 667 1009 719 ἕως
1051 671 1130 711 τοῦ
1159 668 1343 711 κλειδιόυ
1389 669 1710 725 προσώρμισαν.

230 740 315 780 τῶν
360 739 406 779 δὲ
446 735 643 791 μεγάλων
683 737 841 778 πλοίων
885 739 1188 793 βεβαρημένων
1228 737 1274 778 ἐκ
1312 739 1388 778 τοῦ
1432 734 1596 793 φόρτου
1639 737 1713 778 καί

231 807 526 860 α’γρευομένων
545 802 840 860 νωτοφύλακες
863 806 992 859 μέχρι
1015 805 1098 846 τῶν
1124 803 1259 846 εἴκοσι
1280 802 1458 846 κατίνων
1481 804 1712 858 α’πέμειιάν

187 873 415 928 Βέχόντων
460 871 541 914 α’να
586 869 739 914 ἑκατὸν
785 871 1032 924 λωρικάτων
1071 869 1179 928 πρὸς
1210 871 1257 914 τὸ
1303 875 1438 914 ταῦτα
1468 871 1768 929 φυλάττειν.ιε

233 942 379 991 ειῖδιάς
411 941 457 982 δὲ
498 937 824 996 καταλαβούσης
868 938 1005 989 αὐτάς
1032 941 1077 982 ἐν
1101 942 1159 998 τῷ
1191 939 1376 997 ῥεύματι
1402 942 1477 983 κατ’
1506 941 1582 982 τοῦ
1613 955 1710 981 στε-

229 1010 303 1051 νοῦ
333 1007 487 1063 μικρὸν
514 1006 772 1057 πνεύσαντος
802 1001 970 1064 ὤθησεν
1000 1006 1134 1058 αὕτὰς
1175 1007 1247 1050 ε’πί
1268 1006 1316 1051 τοὶ
1349 1005 1452 1060 ἔξω.4
1509 1006 1531 1048 ὃ
1565 1007 1610 1049 δὲ
1641 1002 1712 1047 εὗ-

229 1074 357 1132 σεβης
386 1074 588 1130 βασιλεὺς
615 1078 884 1130 παραχρῆμα
912 1072 1128 1130 ἐμπύρους
1157 1077 1260 1125 ναῦς
1289 1077 1379 1135 κατ’
1402 1075 1542 1118 αὐτῶν
1559 1075 1712 1127 ἐκπέμ-

229 1159 318 1199 ψας
336 1143 417 1186 α’πὸ
440 1146 513 1199 τῆς
542 1140 820 1199 ἀκροπόλεως,
851 1146 904 1200 τῇ
929 1145 1027 1200 &elstan
1054 1142 1283 1201 συμμαχίᾳ
1310 1142 1604 1199 πυριαλώτους
1632 1142 1712 1183 αὐ-

228 1212 306 1262 τας
338 1213 557 1268 ἐποίησεν·
628 1210 703 1253 καί
741 1209 785 1253 αἱ
817 1213 897 1264 μὲν
925 1212 985 1261 εἰς
1023 1210 1076 1253 τὰ
1108 1208 1299 1265 παράλια
1330 1212 1451 1266 τείχη
1479 1208 1707 1264 ἐμπυριζό-
1729 1211 1768 1251 15

90 1297 352 1348 V.26'31¹‘⁴‘5²‘⁰‘¹‘
382 1281 692 1335 ἀπερρίφησαν,
729 1277 773 1321 αἱ
806 1281 852 1322 δὲ
884 1280 943 1330 εἰς
973 1277 1045 1321 τὸν
1072 1277 1212 1332 βυθὸν
1241 1273 1474 1333 αὔτανδροι
1503 1293 1709 1319 κατεπον-

227 1352 453 1404 τίσθησαν·
526 1345 670 1401 ἕτεραι
701 1348 748 1389 δὲ
780 1348 911 1402 μέχρι
941 1348 1014 1402 τῆς
1040 1347 1197 1397 Ὀξείας
1230 1348 1304 1388 καί
1334 1347 1552 1395 Πλατείας
1580 1343 1708 1400 νήσου

228 1417 513 1472 λαυρι’ζουσαι
541 1415 860 1470 ἀπηνέχθησαν.
938 1415 1137 1457 ἐντεῦθεν
1166 1408 1240 1456 οὖν
1269 1411 1309 1456 οἱ
1336 1415 1416 1467 μὲν
1442 1413 1514 1469 τῆς
1547 1412 1710 1461 πόλεως

227 1484 391 1542 θάρσος
419 1482 584 1539 ἔλαβον,
616 1482 656 1524 οἱ
699 1483 746 1524 δὲ
774 1483 969 1536 πολέμιοι
997 1479 1192 1536 μεγάλως
1232 1481 1496 1537 κατέπτηξαν
1525 1477 1602 1535 τήν
1634 1483 1707 1522 τοῦ

329 1639 357 1661 ι.
382 1628 641 1674 παμμεγέθεις
678 1624 773 1665 ναῦς
801 1620 974 1673 ἀριθμὸν
1009 1623 1084 1672 'am'
1110 1622 1151 1658 A.
1281 1634 1313 1656 2.
1341 1621 1506 1669 κατίνας]
1530 1632 1598 1666 mg.
1629 1622 1705 1655 Par,

323 1675 497 1719 κατήνας.
595 1675 629 1708 3.
655 1673 932 1721 προσώρμισεν
958 1673 1000 1714 A,
1038 1671 1322 1721 προσώρμισαν
1345 1672 1441 1716 vulg.
1537 1670 1605 1710 ἕως
1631 1670 1707 1705 τῶν

324 1723 372 1758 Κ.
398 1725 439 1757 Α.
559 1725 595 1758 6.
620 1722 832 1771 Ἀνθεμίου
859 1724 898 1763 Α,
922 1721 1079 1768 'Au-Qu.
1103 1721 1200 1765 vulg.
1313 1721 1346 1754 8.
1373 1719 1641 1766 ἅργευομένων
1665 1719 1707 1758 A,

325 1771 569 1818 (ἷργευόνϊων
591 1771 688 1816 vulg.
820 1784 853 1817 9·
875 1770 1132 1816 νοτοῳύλακες
1160 1772 1198 1802 Α.
1319 1768 1490 1811 κατὴνων
1519 1770 1543 1799 Α
1571 1778 1602 1808 a,
1623 1778 1708 1808 κτη-

320 1821 400 1856 νῶν
425 1820 448 1853 f.
541 1820 591 1853 13.
618 1816 687 1859 τὰς
712 1819 905 1867 ἐμπύρους
929 1820 970 1852 A.
1072 1820 1123 1853 16.
1150 1815 1441 1860 κατεπόνθησαν
1463 1815 1494 1849 Α
1520 1826 1551 1848 e.
1655 1816 1704 1848 ιδ.

322 1865 391 1905 οὖν
415 1867 498 1901 add.
530 1879 574 1901 ex
599 1870 640 1902 A.
769 1879 819 1914 ¹9.
846 1866 995 1913 θράσος
1021 1866 1062 1899 Α.

223 1996 286 2025 vsus
303 1984 366 2017 ille
381 1983 515 2018 Christi
534 1983 760 2017 adversarius
776 1983 935 2017 Suliman
955 1993 1034 2015 cum
1051 1981 1164 2014 classe
1191 1985 1228 2014 et
1241 1979 1414 2012 ameraeis
1428 1978 1501 2012 suis
1519 1976 1702 2012 atlurbem

228 2033 384 2077 appulit,
400 2032 560 2065 advectis
575 2033 744 2066 insolitae
764 2031 1024 2075 magnitudinis
1040 2029 1183 2063 bellicis
1197 2028 1359 2067 navibus,
1377 2038 1445 2060 nec
1462 2037 1536 2059 non
1556 2024 1704 2058 dromo-

225 2080 348 2122 nibus,
366 2081 466 2113 mille
481 2086 518 2113 et
532 2081 750 2125 octingentis
764 2090 926 2119 numere,
949 2085 985 2112 et
1013 2078 1058 2111 ad
1073 2078 1229 2122 spatium
1243 2075 1388 2115 littoris,
1416 2073 1515 2120 quod
1528 2074 1704 2117 Magnan-

226 2140 300 2161 ram
316 2128 572 2171 etCyclobium
602 2129 806 2169 interiacet,
831 2127 1018 2173 applicuit,
1050 2131 1134 2172 post
1151 2125 1240 2158 duos
1268 2129 1386 2157 autem
1406 2122 1484 2155 dies
1506 2126 1599 2154 noto
1628 2121 1701 2165 spi-

226 2181 330 2209 rante
358 2187 399 2208 ea
425 2176 584 2209 statione
610 2176 807 2218 solverunt,
838 2181 876 2209 et
898 2174 943 2208 ad
969 2173 1092 2207 urbem
1121 2173 1440 2216 adnavigaverunt.
1491 2175 1527 2203 et
1550 2169 1590 2201 hi
1616 2170 1700 2214 qui-

228 2224 310 2258 dem
341 2223 508 2268 Eutropii
535 2223 794 2269 Anthemiique
828 2235 908 2256 oras
944 2227 1135 2267 occupant,
1170 2221 1233 2253 alii
1262 2221 1301 2252 in
1328 2217 1504 2253 Thraciae
1529 2223 1651 2263 partes
1680 2227 1700 2248 a

228 2273 382 2306 Galatae
412 2272 561 2305 castello
587 2272 632 2304 ad
660 2277 785 2317 portus
810 2271 923 2317 ipsius
949 2282 1046 2304 seras
1075 2267 1312 2303 devehuntur.
1340 2266 1526 2300 onerariae
1551 2264 1698 2299 tandem

226 2332 335 2354 naves
360 2331 424 2353 suo
452 2319 611 2364 pondere
637 2319 825 2364 depressae
852 2331 894 2352 ac
916 2318 1053 2352 tardius
1077 2319 1172 2350 latae
1199 2327 1278 2349 curu
1309 2315 1430 2348 classis
1460 2320 1618 2347 extrema
1645 2318 1701 2345 te-

226 2373 367 2410 nerent,
398 2367 445 2400 ad
469 2368 598 2412 viginti
634 2379 678 2400 ex
713 2368 917 2413 praecipuis
942 2374 1128 2399 numerum
1173 2370 1267 2397 retro
1293 2368 1407 2396 totum
1433 2373 1560 2406 agmen
1586 2366 1701 2394 stete-

228 2422 323 2458 runt,
349 2422 495 2450 centum
519 2416 655 2448 milites
683 2415 804 2448 loricis
829 2416 1023 2448 instructos
1049 2413 1094 2446 ad
1116 2412 1336 2456 singularum
1365 2410 1615 2444 defensionem
1645 2409 1701 2440 fe-

228 2470 359 2498 rentes.
407 2463 676 2509 tranquillitate
707 2469 827 2496 autem
858 2473 987 2506 magna
1023 2461 1093 2494 toti
1133 2459 1228 2493 freto
1273 2460 1425 2505 primum
1453 2457 1702 2497 incumbente,

227 2514 304 2546 leni
330 2524 415 2546 mox
441 2511 541 2545 venti
571 2511 658 2545 ssatu
684 2522 728 2544 ex
752 2516 874 2556 portus
900 2509 1075 2554 angustiis
1114 2508 1152 2541 in
1178 2508 1349 2541 extimum
1375 2506 1530 2552 spatium
1559 2504 1701 2538 delatae

229 2567 333 2602 suut,
363 2560 582 2605 easdemque
611 2559 829 2604 pietissimus
862 2558 1059 2603 imperator
1083 2556 1317 2589 incendiariis
1350 2554 1503 2589 navibus
1529 2564 1573 2586 ex
1601 2551 1701 2585 urbis

229 2616 388 2643 extrema
412 2620 493 2642 arce
522 2607 674 2648 emissis,
700 2607 784 2651 igne
809 2605 868 2639 dei
893 2606 1049 2638 iuvantis
1075 2615 1185 2651 opera
1205 2605 1353 2645 iniecto,
1383 2607 1529 2636 cunctas
1557 2600 1702 2634 absum·

229 2658 320 2702 psit,
361 2663 399 2690 et
437 2656 507 2690 hae
533 2655 684 2702 quidem
713 2655 759 2688 ad
784 2654 962 2688 maritima
998 2653 1095 2686 urbis
1129 2653 1272 2686 moenia
1300 2651 1563 2696 conflagrantes
1589 2648 1702 2682 disie-

228 2712 320 2744 ctae,
347 2706 440 2738 aliae
466 2704 587 2750 pelagi
614 2702 795 2748 profundo
831 2714 909 2735 cum
942 2701 1119 2746 impositis
1148 2699 1356 2734 hominibus
1384 2698 1588 2744 absorptae,
1615 2696 1703 2729 reli-

229 2764 324 2799 quae
365 2752 411 2786 ad
435 2752 571 2786 Oxeam
600 2752 840 2797 plateamque
861 2750 1016 2784 insulam
1045 2750 1159 2783 altum
1197 2760 1295 2782 mare
1322 2752 1490 2781 tenentes
1510 2744 1701 2778 deductae.

229 2802 315 2835 hinc
336 2801 434 2835 urbis
459 2800 597 2834 civibus
624 2804 812 2834 creverunt
835 2799 960 2841 animi,
984 2797 1104 2832 hostes
1129 2809 1214 2832 vero
1231 2807 1417 2842 operosam
1440 2799 1701 2843 potentemque
