1768 3106
270 159 384 236 574
837 182 1187 226 THEOPHANIS

266 278 350 321 α’πὸ
385 281 556 339 Θρᾴκης
589 284 809 336 δεδεμένος
849 279 968 340 ἤχθη
997 284 1080 327 σὺν
1105 289 1211 328 πᾶσι
1250 291 1337 337 τοῖς
1367 290 1746 346 συνασπιζομένοις

265 347 384 405 αὐτῷ
410 343 639 405 ἄρχουσιν,
685 349 761 400 οῦς
792 353 837 393 ἐν
869 355 926 409 τῷ
959 352 1091 407 τείχει
1119 351 1278 404 πάντας
1313 353 1580 412 ἑφούρκισεν.
1638 359 1746 402 α’πο-

262 415 431 466 στείλας
460 419 507 459 δὲ
536 420 595 468 εἰς
634 418 683 461 τὰ
719 417 923 474 μεσόγεια
955 417 1131 478 ἅπαντα,
1158 425 1328 473 πλειόυς
1358 424 1403 474 ἐξ
1433 423 1576 468 αὐτῶν
1601 426 1745 482 εὑρών

261 483 530 540 ἐμπράκτους
569 501 615 528 τε
656 488 729 528 καί
775 485 1021 542 ἀπράκτους
1059 488 1222 539 πάντας
1263 492 1517 535 ἀπέκτεινεν.
1586 492 1662 537 τὸν
1695 496 1745 538 δὲ

255 549 514 607 Ἀψιζααρον
545 556 619 595 καί
649 551 855 596 Λεόντιον
900 552 1078 598 ἁλύσεσι
1112 558 1362 611 δεδεμένους
1397 561 1461 611 εἰς
1489 562 1633 605 πᾶσαν
1662 560 1768 609 nti-E

259 622 326 661 λιν
357 622 604 672 πομπεῦσαι
634 622 857 678 πεποίηκεν
875 639 888 652 ·
948 624 1022 671 καί
1053 626 1135 666 τοῦ
1153 623 1332 668 ἱππικοῦ
1360 622 1568 682 οἷγομὲνου
1597 629 1672 672 καί
1697 632 1743 673 ἐν

259 687 316 742 τῷ
333 687 464 744 σε’νζῳ
487 689 790 745 καθεζομένου,
812 683 1012 746 ἤχθησαν
1038 693 1271 747 συρόμενοι
1296 695 1494 753 δημοσίᾳ,
1523 695 1598 739 καί
1624 698 1743 754 ἐρρί-

260 770 403 809 φησαν
430 753 696 812 ὗποταγάδην
741 758 882 815 αὐτῷ·
954 757 1029 800 καί
1055 758 1234 816 ἐπάτησε
1261 760 1335 804 τὸν
1362 761 1576 819 τράχηλον
1601 764 1744 808 αὐτῶν

207 816 388 876 Βᾶχρις
427 821 703 880 α’πολύσεως,
745 826 822 867 τοῦ
867 825 1038 881 πρώτου
1065 829 1192 880 βαΐου
1234 830 1312 872 τοῦ
1342 829 1480 885 δήμου
1509 830 1744 886 βοήσαντος

258 883 338 943 ὅτι,
366 890 439 930 ἑπὶ
474 889 634 933 ἀσπίδα
665 893 738 933 καί
764 895 1010 946 βασιλίσκον
1050 895 1215 952 ἐπέβης,
1248 899 1324 940 καί
1349 894 1565 954 ἐπάτησας
1594 897 1768 942 λέονται

257 955 331 997 καί
359 957 582 1010 δράκοντα.
642 961 716 1000 καί
733 961 909 1010 τούτους
937 961 1191 1013 οἷποστείλας
1219 964 1264 1006 ἐν
1303 965 1365 1022 τῷ
1402 967 1606 1024 κυνηγείῳ
1638 968 1743 1008 α’πε-

255 1025 509 1080 κεφάλισεν·
568 1027 826 1069 Καλλίνικον
854 1029 902 1070 δὲ
930 1026 1202 1086 πατριάρχην
1227 1033 1462 1089 τυφλώσας
1492 1035 1537 1075 ἐν
1562 1035 1616 1091 τῇ
1638 1032 1742 1076 Ῥώ-

255 1108 314 1148 μῃ
346 1091 566 1147 ἐξώρισεν·
633 1096 708 1136 καί
737 1095 828 1138 ἄντ’
856 1095 988 1138 αὐτοῦ
1020 1099 1170 1154 Κῦρον
1207 1099 1252 1141 ἐν
1279 1102 1332 1155 τῇ
1363 1099 1476 1158 νήσῳ
1491 1094 1742 1155 νΛιιαστρις

114 1165 157 1200 V.
174 1165 242 1200 250
257 1156 492 1213 ἔγκλειστον
523 1155 644 1217 ὅντα,
687 1158 745 1211 ὥς
786 1163 1116 1220 προσημάναντα
1159 1166 1276 1223 αὐτῷ
1305 1163 1383 1222 τήν
1424 1168 1502 1222 τῆς
1534 1168 1741 1222 δευτέρας

253 1225 476 1280 βασιλείας
518 1228 864 1272 ἀποκατάστασιν
893 1230 1164 1287 προεβάλετο.
1239 1233 1528 1290 ἀναρίθμητον
1556 1234 1605 1276 δὲ
1631 1236 1768 1290 ami-1

253 1296 333 1343 θος
360 1291 406 1335 ἔκ
426 1309 471 1336 τε
496 1298 578 1337 τοῦ
591 1299 807 1338 πολιτικοῦ
835 1301 911 1340 καί
929 1302 1007 1340 τοῦ
1022 1303 1332 1355 στρατιωτικοῦ
1353 1300 1589 1357 καταλόγου
1619 1300 1739 1343 ἀπώ-

252 1364 392 1403 λεσεν.
450 1360 629 1413 πολλοὺς
673 1364 720 1406 δὲ
761 1365 835 1406 καί
876 1366 920 1407 ἑν
954 1365 1124 1416 σάκκοις
1151 1365 1353 1421 ἐμβαλών
1388 1369 1435 1410 ἐν
1462 1369 1515 1426 τῇ
1540 1365 1739 1426 θαλάσσῃ

252 1428 594 1483 πικροθανάτους
623 1431 774 1473 ἐποίει.
835 1425 990 1482 ἄλλους
1031 1434 1079 1476 δὲ
1106 1433 1210 1489 πρὸς
1240 1433 1563 1490 ἀριστόδειπνον
1592 1439 1739 1490 κλητο-

117 1495 403 1552 Ρ.3ι4ρευ’ών,
435 1491 526 1550 ἅμα
554 1499 611 1554 τῷ
641 1498 903 1556 α’ναστῆναι,
938 1495 1011 1548 οὓς
1035 1502 1115 1554 μὲν
1147 1499 1413 1558 έφοῦρκιζεν,
1444 1500 1521 1553 οῦς
1554 1504 1602 1546 δὲ
1629 1504 1738 1546 α’πὲ-

250 1578 410 1617 τεμνεν.
470 1564 705 1608 κάντεῦθεν
739 1568 871 1621 μέγας
901 1565 1036 1623 φόβος
1062 1574 1234 1623 συνεῖχε
1265 1566 1441 1621 πάντας.
1511 1570 1768 1616 ἀπέστειλεν

345 1701 378 1724 2.
406 1688 520 1738 αὐτῷ]
551 1689 678 1730 αὐτοῖς
701 1691 798 1736 vulg.
920 1695 951 1736 4.
977 1691 1230 1740 ἐμπράκτους]
1258 1691 1368 1740 εὗπρ.
1398 1693 1424 1727 f.
1483 1697 1485 1699 ’
1534 1674 1605 1728 [16.
1632 1706 1670 1731 τε
1697 1700 1735 1730 et

348 1739 500 1772 alterum
527 1738 592 1772 τοῦ
617 1738 698 1771 add.
735 1750 779 1773 ex
807 1740 846 1774 A.
927 1751 978 1786 17.
1007 1736 1182 1789 ἐμβαλών
1208 1742 1250 1784 Α,
1278 1741 1472 1790 ἐμβάλλων
1496 1743 1592 1789 vulg.
1675 1745 1729 1779 18.

350 1784 509 1833 ἀρίστου
535 1786 692 1822 δεῖπνον
718 1787 760 1822 A.

254 1901 409 1935 vinculis
438 1900 665 1947 compeditus
683 1901 841 1936 Thracia
870 1906 1064 1944 extractus,
1093 1914 1174 1936 cum
1203 1904 1369 1945 caeteris,
1395 1903 1459 1950 qui
1484 1902 1553 1938 sub
1580 1914 1624 1938 eo
1652 1914 1732 1938 me·-

254 1949 438 1991 rebantur,
465 1949 677 1996 proceribus
706 1950 824 1983 eidem
848 1956 1121 1996 praesentatur,
1147 1963 1238 1997 quos
1264 1963 1388 1987 omnes
1415 1952 1558 1998 laqueis
1584 1963 1604 1986 e
1629 1963 1732 1987 muro

255 1997 459 2042 suspendit.
493 1997 649 2031 dimissis
677 1999 784 2031 etiam
812 2009 877 2044 per
904 1998 1171 2033 mediterranea
1187 2000 1372 2040 ministris,
1397 2001 1532 2034 multos
1557 2011 1602 2034 ex
1624 2000 1733 2046 Apsi-

252 2045 342 2078 mari
368 2045 548 2078 militibus
591 2051 778 2092 repertos,
805 2052 877 2079 tam
905 2057 985 2087 eos,
1009 2047 1071 2092 qui
1101 2059 1166 2092 pro
1193 2048 1273 2093 ipso
1301 2047 1443 2093 aliquid
1466 2047 1732 2089 moliebantur,

255 2104 361 2139 quam
392 2093 456 2138 qui
484 2093 645 2139 quietem
678 2099 848 2138 agerent,
881 2105 1005 2127 omnes
1033 2095 1230 2128 interfecit.
1292 2096 1519 2141 Apsimarum
1545 2101 1667 2129 autem
1696 2101 1734 2130 et

254 2140 449 2175 Leontium
479 2143 615 2175 catenis
654 2142 795 2176 vinctos
827 2153 892 2187 per
932 2144 1119 2177 universas
1153 2143 1251 2176 urbis
1287 2143 1452 2187 regiones
1488 2144 1732 2188 ignominiose

254 2187 396 2222 traduci
425 2189 635 2229 mandavit,
678 2195 715 2223 et
752 2189 972 2224 circensibus
1010 2190 1106 2224 ludis
1130 2191 1345 2232 celebratis,
1385 2191 1465 2237 ipso
1490 2192 1637 2237 propria
1662 2191 1733 2225 sibi

255 2235 342 2270 sede
368 2237 583 2282 composito,
613 2237 670 2270 illi
695 2237 843 2282 publice
874 2249 954 2271 cum
981 2237 1160 2272 dedecore
1188 2239 1306 2279 tracti,
1334 2238 1380 2271 ad
1404 2238 1517 2284 pedes
1544 2240 1621 2272 eius
1646 2251 1734 2285 pro-

256 2284 443 2318 sternendi
479 2283 608 2317 humili
643 2295 743 2317 more
768 2286 922 2330 proiecti
960 2292 1056 2320 sunt.
1124 2286 1381 2320 inclinatorum
1406 2291 1443 2320 et
1471 2298 1667 2334 pronorum
1692 2286 1732 2320 in

249 2327 388 2366 'terram
424 2332 576 2366 cervices
601 2332 756 2377 pedibus
789 2333 932 2367 terebat
966 2339 1005 2368 et
1039 2333 1203 2368 calcabat
1226 2334 1460 2375 Iusfinianus,
1497 2334 1613 2369 donec
1646 2335 1734 2369 circi

255 2392 386 2414 munus
410 2380 567 2426 primum
593 2379 836 2422 exhiberetur,
862 2381 1001 2426 populo
1014 2381 1256 2416 vociferante:
1286 2393 1395 2428 super
1413 2383 1575 2428 aspidem
1605 2388 1642 2417 et
1666 2383 1733 2416 ba-

257 2429 419 2462 siliscum
447 2427 658 2468 ambulasti,
694 2433 731 2461 et
766 2429 990 2463 conculcasti
1032 2429 1178 2463 leonem
1203 2435 1240 2463 et
1264 2429 1470 2464 draconem.
1521 2430 1666 2464 demum
1693 2431 1733 2465 in

256 2477 444 2521 cynegium
483 2475 600 2508 missis
640 2480 749 2520 caput
787 2477 966 2521 amputari
998 2478 1206 2523 praecepit,
1247 2477 1463 2512 Callinicum
1490 2477 1733 2524 patriarcham

257 2525 371 2558 oculis
407 2523 571 2557 orbatum
598 2524 744 2556 Romam
775 2523 969 2568 relegavit,
1003 2530 1041 2558 et
1064 2525 1103 2558 in
1140 2526 1215 2559 eius
1242 2526 1361 2560 locum
1388 2526 1517 2570 Cyrum
1548 2526 1733 2573 quendam

256 2573 294 2606 in
310 2573 482 2606 Amastris
511 2571 630 2604 insula
646 2570 861 2604 monachum
886 2571 1077 2613 inclusum,
1104 2573 1203 2619 quod
1228 2574 1373 2620 imperii
1398 2573 1557 2608 secundo
1582 2574 1733 2620 gerendi

256 2621 469 2654 vaticinium
498 2618 694 2660 edidisset,
721 2620 873 2653 suffecit.
936 2630 979 2652 ex
1003 2621 1134 2654 civium
1162 2622 1315 2666 posthac
1342 2622 1574 2668 militumque
1603 2621 1732 2655 ordine

256 2680 445 2702 numerum
470 2666 731 2714 propemodum
751 2666 935 2700 infinitum
964 2669 1084 2713 coegit
1110 2670 1248 2714 perire,
1274 2671 1450 2716 plurimos
1477 2681 1627 2716 quoque
1652 2680 1733 2704 sac-

258 2717 309 2749 cis
338 2717 496 2749 inclusos
522 2726 640 2749 amara
666 2719 781 2748 morte
805 2715 1014 2758 interemit,
1042 2717 1242 2751 nonnullos
1271 2718 1377 2751 etiam
1404 2717 1451 2750 ad
1475 2717 1620 2764 prandii
1646 2728 1732 2751 coe-

258 2775 372 2797 naeve
398 2764 547 2809 epulum
575 2763 766 2804 invitatos,
793 2762 823 2796 si
850 2763 998 2809 quando
1033 2771 1222 2809 surgerent
1251 2777 1270 2799 e
1296 2776 1431 2806 mensa,
1457 2764 1522 2798 hos
1548 2765 1729 2811 patibulo,

257 2812 348 2845 alios
376 2812 498 2857 gladio
536 2810 743 2845 damnabat.
801 2822 846 2845 ex
884 2810 941 2845 his
970 2812 1097 2846 horror
1122 2819 1313 2860 metusque
1351 2818 1563 2849 cunctorum
1590 2813 1728 2847 animos
