1786 3204
266 135 382 206 304
835 143 1185 200 THEOPHANIS

265 259 522 315 Βελισάριος
564 257 644 303 σύν
687 265 776 310 τοῖς
803 260 946 312 πεζοῖς
984 259 1037 316 τῇ
1066 259 1183 316 δείλῃ
1213 258 1322 314 πρὸς
1353 258 1500 317 ὀψίαν,
1534 257 1658 320 ἄρας,
1692 264 1750 314 ὥς

265 322 355 382 εἶχε
398 328 582 384 τάχους,
618 327 700 371 σύν
737 326 869 371 παντὶ
905 328 965 385 τῷ
993 327 1164 385 στρατῷ
1199 328 1271 369 ἐπὶ
1300 327 1348 369 τὸ
1372 332 1454 372 ταῖν
1488 330 1750 387 Οὕανδήλων

225 393 554 453 Βστρατόπεδον
595 390 740 456 ᾤχετο.
809 397 851 438 Γ
845 395 992 450 ελιζαερ
1036 397 1082 437 δὲ
1109 393 1236 451 γνούς
1264 396 1522 452 Βελισάριον
1559 397 1750 454 παρόντα

265 464 348 508 σύν
371 470 459 514 τοῖς
488 466 629 516 πεζοῖς
656 465 731 507 καί
755 464 885 506 παντί
910 465 1176 521 τῳ’στρατῷ,
1210 462 1363 518 ἐπιβάς
1385 468 1445 523 τῷ
1474 467 1587 524 ἵππῳ
1614 468 1751 528 μηδὲν

265 530 570 584 διαταξάμενος
614 532 808 587 α’κρατιός
849 532 922 573 ἐπὶ
966 532 1212 584 Νουμιδιάν
1257 529 1415 589 ἔφυγεν
1463 535 1557 587 μετ’
1598 535 1786 588 ὀλίγωνς

264 601 478 654 συγγενῶν
507 601 579 641 καί
610 600 783 641 οἰκετῶν
828 599 964 640 αὐτοῦ
1005 601 1414 655 καταπεπληγμένος.
1472 603 1568 643 ἐπεί
1596 603 1642 643 δὲ
1671 603 1751 644 az?-

264 666 340 710 τὸν
370 664 561 724 φυγόντα
593 661 775 724 ᾔσθοντο
808 665 848 708 οἱ
879 665 1126 721 Ουάνδῆλοι
1167 666 1241 708 καί
1267 665 1306 709 οἱ
1335 669 1530 722 πολέμιοι
1561 664 1643 725 ἤδη
1673 666 1753 711 ἓω-

265 737 415 791 ρῶντο,
446 733 539 776 τότε
572 732 624 789 δὴ
657 736 764 776 οἵτε
795 729 947 788 ἄνδρες
974 735 1047 774 καί
1070 741 1266 788 γυναῖκες
1292 737 1365 777 καί
1393 734 1445 778 τοὶ
1471 738 1622 778 παιδία
1654 738 1752 779 ἐθο-

265 804 476 859 ρυβοῦντο
508 804 579 844 καί
605 801 803 854 ἐκώκυον,
832 802 906 843 καί
933 796 1030 843 οὔτε
1059 802 1291 857 χρημάτων
1318 806 1616 857 μετεποιοῦντο
1652 799 1752 846 οὔτε

263 873 348 914 τῶν
378 871 590 927 φιλτάτων
623 869 919 927 ὀδυρομένων,
990 870 1082 911 ἀλλ’
1115 869 1293 920 ἕκαστος
1321 869 1478 927 ἔφυγεν
1512 868 1619 914 ὅπου
1648 869 1753 926 ἧδύ-
1772 895 1785 920 1

265 953 379 982 νατο.
437 936 686 988 ἐπελθόντες
713 939 760 980 δὲ
795 935 835 979 οἱ
862 937 1069 992 Ῥωμαῖοι
1103 936 1195 980 τότε
1224 937 1508 995 στρατόπεδον
1541 937 1753 994 αἴρουσιν,

266 1006 342 1048 καί
371 1004 665 1057 ἐπιδιώξαντες
685 1003 768 1061 τὴν
796 1005 922 1049 νύκτα
952 1003 1069 1062 ὅλην,
1102 1000 1264 1062 ἄνδρας
1287 1009 1366 1060 μὲν
1409 1003 1524 1057 ὅσοις
1553 1009 1753 1061 ἐνέτυχον

228 1071 470 1128 (Ζὲκτειναν,
500 1075 659 1123 παῖδας
699 1075 746 1116 δὲ
776 1075 850 1116 καί
874 1079 1077 1129 γυναῖκας
1116 1075 1160 1116 ἐν
1191 1073 1472 1129 ἀνδραπόδων
1499 1073 1608 1134 λόγῳ
1637 1077 1753 1118 ἐποι-

268 1144 407 1188 οῦντο.
464 1138 671 1195 χρήματα
705 1143 752 1183 δὲ
783 1145 974 1184 τοσαῦτα
996 1141 1042 1183 τὸ
1075 1144 1239 1197 πλῆθος
1269 1136 1412 1197 εὗρον,
1442 1138 1524 1186 ὅσα
1552 1143 1753 1185 οὐδέποτε

268 1213 314 1253 ἑν
342 1206 409 1251 ἔνι’
432 1209 582 1268 χωρίῳ
613 1205 843 1265 τετύχηκεν
869 1206 990 1252 εἶναι.
1021 1207 1098 1265 τὴν
1124 1208 1208 1264 γὰρ
1236 1207 1458 1263 Ῥωμαίων
1491 1209 1632 1266 ἀρχὴν
1663 1213 1786 1266 iffi-1

267 1274 459 1334 σάμενοι,
501 1276 706 1332 χρήματα
747 1278 807 1326 εἰς
847 1275 1019 1333 Λιβύην
1065 1275 1198 1319 πολλὰ
1240 1275 1520 1334 μετήνεγκαν·
1581 1279 1655 1320 καί
1681 1279 1755 1333 τῆς

267 1344 417 1402 χώρας
447 1345 579 1402 αὐτῆς
607 1344 777 1400 ἀγαθῆς
807 1340 938 1401 οὔσης
967 1346 1042 1387 καί
1074 1345 1305 1401 εὐκάρπου,
1332 1343 1569 1402 χρημάτων
1600 1345 1757 1400 πρόσο-

270 1414 338 1455 δοι
378 1412 535 1456 πολλαὶ
581 1413 727 1462 αὐτοῖς
785 1412 1024 1467 γεγόνασιν.
1107 1414 1352 1468 ἐνενήκοντα
1399 1415 1524 1455 πέντε
1569 1412 1650 1468 γὰρ
1686 1411 1758 1469 ἔτη

269 1477 443 1538 Λιβύης
474 1481 717 1537 Ουἀνδῆλοι
734 1479 986 1538 ἐκράτησαν,
1014 1481 1090 1523 καί
1118 1479 1253 1523 πολύν
1282 1481 1465 1524 πλοῦτον
1494 1479 1755 1537 συναγαγόν-

372 1642 403 1665 1.
431 1629 530 1679 ἄρας
555 1642 574 1666 a
606 1642 638 1674 e,
670 1629 772 1676 ὥρας
799 1631 840 1674 Α,
867 1629 946 1679 ἄρα
972 1631 1068 1677 vulg.
1173 1642 1207 1664 2.
1236 1629 1384 1679 στρατῷ
1408 1631 1436 1666 Δ
1461 1630 1485 1674 f,
1514 1632 1754 1679 στρατοπέδῳ

366 1680 463 1726 vulg.
589 1680 622 1714 5.
652 1681 716 1716 ἐπὶ
743 1679 827 1714 add.
855 1682 950 1714 exA.
1075 1681 1107 1713 8.
1136 1680 1386 1726 ἐθορυβοῦντο
1413 1682 1453 1721 A,
1481 1679 1690 1728 ἐθορύβουν
1706 1692 1754 1715 τε.

366 1739 403 1772 9.
430 1727 632 1766 ἐκόκκουον
653 1730 694 1763 Α.
794 1727 879 1764 οὔτε
902 1728 979 1764 τῶν
1002 1730 1043 1768 Α,
1072 1728 1159 1763 οὐδὲ
1190 1729 1265 1764 τῶν
1290 1729 1385 1774 vulg.
1517 1741 1564 1762 ιο.
1593 1727 1688 1764 ὅπου
1716 1731 1755 1770 Α,

369 1775 465 1812 ὅσον
488 1777 583 1822 vulg.
687 1788 738 1810 12.
763 1777 937 1823 ἐνέτυχον
961 1778 1003 1817 Α,
1030 1778 1163 1822 ἔτυχον
1186 1777 1282 1821 vulg.
1411 1779 1462 1812 15.
1492 1779 1685 1823 τετύχηκεν
1712 1779 1752 1820 A,

367 1825 498 1873 ἔτυχεν
522 1825 620 1871 vulg.
736 1837 788 1873 ¹9·
813 1823 937 1864 πολύν
961 1825 1122 1862 πλοῦτον
1148 1827 1189 1869 A,
1216 1821 1314 1861 πολὺ
1339 1825 1500 1866 πλοῦτος
1523 1827 1620 1872 vulg.

276 1970 400 2001 autem
427 1966 601 2001 inclinata
628 1967 700 2001 iam
730 1965 802 2009 die,
827 1967 1021 2002 Belisarius
1046 1978 1126 2000 cum
1153 1966 1342 2013 peditibus
1372 1977 1546 2007 reversus,
1572 1976 1644 2011 qua
1673 1976 1756 1999 cur-

276 2027 336 2049 sus
366 2015 603 2049 contentione
631 2016 765 2061 potuit,
796 2027 877 2049 cum
913 2016 1082 2049 universo
1122 2016 1282 2049 exercitu
1309 2016 1347 2048 in
1371 2014 1619 2048 vandalorum
1643 2019 1758 2047 castra

275 2064 449 2109 perrexit.
502 2064 664 2098 Gelimer
693 2064 903 2098 Belisarium
930 2076 1011 2098 cum
1029 2063 1216 2110 peditibus
1242 2069 1279 2097 et
1306 2064 1486 2107 agminum
1514 2062 1663 2108 reliquis
1690 2060 1756 2094 ad-

277 2123 354 2146 esse
379 2112 632 2158 persentiens,
665 2112 793 2146 relicto
835 2114 996 2147 exercitu
1024 2112 1280 2158 incomposito,
1318 2113 1429 2144 effuso
1456 2121 1572 2150 cursu,
1602 2111 1757 2155 ipsoque

275 2164 376 2193 metu
404 2165 554 2203 urgente
581 2161 799 2207 compulsus,
825 2172 906 2194 cum
930 2161 1054 2207 paucis
1081 2159 1360 2204 consanguineis
1390 2164 1427 2192 et
1452 2157 1692 2191 familiaribus
1720 2159 1759 2190 in

276 2207 488 2242 Numidiam
512 2207 664 2253 aufugit.
715 2214 901 2255 comperta
926 2220 946 2242 a
969 2208 1145 2242 Vandalis
1175 2208 1253 2242 eius
1277 2208 1372 2251 fuga,
1402 2207 1564 2252 ipsisque
1589 2205 1758 2239 hostibus

276 2256 349 2290 iam
373 2256 412 2289 in
440 2262 637 2301 conspectu
662 2257 813 2302 positis,
838 2262 926 2291 tunc
947 2257 1118 2298 virorum,
1154 2256 1359 2295 mulierum,
1387 2260 1423 2288 et
1447 2265 1643 2300 puerorum
1670 2265 1760 2299 pro—

277 2304 415 2338 miscua
439 2303 545 2338 turha
571 2304 716 2338 sublato
758 2306 897 2339 eiulatu
921 2310 1060 2339 terrore
1089 2303 1263 2338 confundi
1290 2309 1326 2337 et
1354 2302 1515 2336 turbari:
1541 2302 1758 2348 abiectaque

279 2352 498 2386 facultatum
539 2357 577 2385 et
613 2353 878 2387 carissimorum
919 2364 1027 2394 cura,
1067 2364 1138 2398 qua
1167 2352 1322 2398 quisque
1352 2352 1485 2397 potuit,
1509 2351 1547 2384 in
1576 2350 1696 2396 fugam
1721 2360 1759 2383 se

279 2401 447 2435 coniecit.
496 2400 647 2433 Romani
681 2400 766 2434 dato
798 2401 901 2435 aditu
929 2402 1170 2447 irrumpentes
1207 2400 1328 2433 castris
1369 2400 1573 2445 potiuntur,
1603 2404 1640 2432 et
1666 2397 1761 2442 fugi-

281 2454 384 2483 entes
410 2459 477 2495 per
500 2453 614 2481 totam
645 2455 790 2482 noctem
814 2450 1016 2495 insequuti,
1041 2450 1136 2482 viros
1158 2448 1306 2494 quidem
1332 2447 1475 2482 obviam
1509 2446 1623 2480 factos
1651 2457 1761 2492 pere-

279 2502 435 2538 merunt,
462 2507 592 2542 pueros
621 2501 742 2530 autem
774 2502 810 2530 et
827 2497 1004 2530 'mulieres
1031 2497 1190 2542 captivas
1216 2497 1253 2529 in
1280 2507 1464 2529 servorum
1489 2506 1675 2529 numerum
1705 2504 1763 2526 re-

281 2550 515 2579 censuerunt.
565 2555 673 2590 porro
701 2545 938 2590 pecuniarum
965 2551 1003 2578 et
1021 2544 1228 2578 divitiarum
1258 2556 1336 2578 eam
1354 2544 1406 2577 ibi
1434 2544 1506 2577 vim
1534 2546 1761 2589 repererunt,

282 2605 391 2639 qnam
419 2593 458 2626 in
489 2604 599 2626 unum
625 2592 744 2626 locum
769 2604 919 2639 usquam
946 2604 1139 2638 congerere
1166 2593 1289 2626 liceat.
1341 2591 1522 2639 qnondam
1549 2592 1647 2625 enim
1661 2590 1762 2623 Van-

283 2641 356 2675 dali
388 2642 629 2675 Romanorum
671 2641 863 2686 imperium
888 2646 1005 2675 totum
1030 2642 1069 2675 in
1097 2641 1339 2688 direptionem
1366 2640 1436 2674 sibi
1463 2650 1672 2673 concessum
1698 2637 1764 2670 de-

282 2689 463 2735 praedati,
488 2688 631 2723 divitias
659 2695 696 2722 et
728 2688 922 2723 facultates
948 2690 987 2722 in
1017 2690 1165 2734 Libyam
1192 2693 1532 2735 transportaverunt
1557 2687 1762 2720 immensas:

285 2748 326 2770 ac
361 2738 543 2782 regionem
576 2738 726 2783 insuper
763 2737 937 2782 optimam
963 2742 1001 2771 et
1031 2737 1290 2773 fertilissimam
1326 2737 1436 2777 nacti,
1477 2735 1699 2769 fortunarum
1726 2739 1765 2767 et

285 2797 396 2831 opum
422 2786 580 2820 omnium
609 2785 837 2831 collegerunt
866 2791 1073 2831 proventus.
1133 2786 1331 2831 nonaginta
1361 2785 1499 2831 quippe
1523 2783 1628 2818 annis
1653 2781 1765 2825 Libya
