1708 3172
163 193 231 232 xi„
626 190 974 233 THEOPHANlS
1012 191 1139 232 Vl'l'A
1148 221 1158 231 .

163 289 270 343 μετὰ
305 292 377 345 τῆς
405 290 531 332 νόσου
562 290 934 344 δραπετεύσαντες.
1005 295 1140 346 χωλοί
1166 290 1215 333 τα
1244 295 1351 347 μέλη
1383 295 1459 334 τοῦ
1486 291 1634 345 σώμα-

162 374 243 413 τος,
275 354 303 399 ἃ
334 360 385 415 τῇ
408 360 460 413 γῇ
488 361 758 411 προσβαίνειν
787 358 864 399 οὐκ
897 356 1048 401 εἴωθεν
1079 361 1142 401 ἐπ’
1171 359 1360 415 ἐδάφους
1390 363 1408 382 *
1427 362 1637 414 καθυβρί-

165 427 319 479 ζοντες,
350 423 389 467 οἱ
421 423 499 474 τὰς
529 421 684 477 ἑτέρων
710 431 861 481 χεῖρας
890 424 1175 478 δανειζόμενοι
1214 425 1320 482 πρὸς
1351 424 1426 481 την
1456 425 1634 481 ἔλευσιν,

165 490 369 547 δορκάδος
411 492 530 546 δίκην
575 490 799 544 ἁλλόμενοι
831 491 952 534 ποσίν
983 492 1147 547 α’ρτίοις
1177 495 1396 536 ἐποιοῦντο
1426 492 1503 548 τὴν
1533 494 1636 534 α’να-

161 558 368 616 χώρησιν.
447 560 574 613 α’κοῆς
621 560 667 600 δὲ
709 562 781 601 καί
816 561 893 601 τοῦ
931 561 1062 614 λέγειν
1092 559 1227 615 ἕτεροι
1256 562 1675 610 καταδικασθέντεςό

163 627 236 682 την
262 628 473 683 στέρησιν,
493 628 568 682 τῆς
590 624 740 681 ἑτέρων
761 625 929 680 ὁμιλίας
950 626 1200 682 παραδόξως
1217 624 1637 683 ἐπακούοντεςῦὁμό-

165 710 306 750 φωνον
347 692 421 748 τὴν
458 694 738 747 εὐχαριστίαν
767 692 984 748 ἐνήργουν.
1055 693 1370 750 αἱμορροοῦντα
1400 694 1558 750 γύναια
1587 697 1638 752 τῇ

166 762 351 816 διηνεκεῖ
373 758 499 814 χύσει
526 762 603 802 τοῦ
648 759 826 813 αἵματος
851 762 927 802 τοῦ
965 760 1158 818 ἐμφύτου
1193 763 1359 817 θερμοῦ
1384 763 1435 818 τῇ
1463 761 1636 816 οἷποχω-

164 828 286 882 ρὴσει
331 827 438 882 πρὸς
478 829 680 882 νέκρωσιν
721 825 988 882 α’παγόμενα,
1019 829 1071 869 οὐ
1102 831 1341 883 κρασπέδου
1372 829 1636 880 δεσποτικοῦ,

167 897 361 950 ὁόυλικῆς
407 896 453 936 δὲ
483 892 616 949 θήκης
656 893 954 951 ἐφαπτόμενα,
994 895 1246 951 παραδόξως
1275 895 1704 951 ἀναξηρανθείσηςιο

166 965 241 1015 τῆς
270 961 448 1016 ῥύσεως,
479 961 613 1017 πηγάς
646 962 925 1015 εὐχαριστίας
949 963 1217 1017 ένγνωμόνως
1250 963 1489 1016 ἀνέβλυζον.
1545 978 1635 1016 χει·

164 1028 383 1085 ρόγραφον
412 1027 569 1082 μεστὸν
607 1032 843 1084 μοχθηρῶν
882 1028 1072 1084 πράξεων
1102 1031 1444 1085 έσφραγισμένον
1471 1031 1521 1085 τῇ
1554 1029 1637 1084 θή·

165 1113 215 1154 κῃ
246 1098 575 1152 προσανατεθέν,
606 1095 664 1144 αἱς
693 1094 969 1150 μηδεπώποτε
997 1100 1163 1153 γραφὲν
1195 1103 1280 1146 τοῖς
1313 1097 1441 1138 πᾶσιν
1461 1097 1636 1151 ε’γνωριῖ-

167 1165 272 1218 ζετο,
303 1165 377 1204 καί
401 1161 478 1217 την
507 1158 786 1218 οἷποστολικην
806 1166 1001 1214 ἐξουσίαν
1021 1163 1269 1217 ἐθαύμαζον
1289 1166 1362 1218 τῆς
1382 1162 1534 1205 τούτου
1553 1162 1637 1218 θη-

165 1247 238 1286 κης
263 1230 602 1283 ἀναβλύζουσαν.
661 1230 768 1272 (ima)
801 1233 862 1280 τίς
886 1227 939 1272 ἄν
968 1231 1090 1286 λόγος
1116 1234 1201 1273 τῶν
1229 1230 1325 1273 τότε
1355 1233 1636 1286 πραχθέντων
1654 1231 1704 1273 15

165 1295 298 1355 τούτῳ
332 1295 378 1338 τὸ
410 1299 567 1352 πλῆθος
597 1297 701 1339 κατὰ
732 1301 862 1353 μέρος
901 1300 1079 1349 ἐξειπεῖν
1107 1296 1348 1354 δυνήσεται,
1383 1295 1537 1353 ὅπουγε
1566 1298 1638 1340 καί

166 1368 258 1406 κατ’
296 1359 405 1414 εἶδος
443 1365 519 1405 ου’κ
549 1361 741 1420 εὖχερές;
779 1372 896 1414 ποῖος
925 1367 971 1408 δὲ
1014 1369 1160 1422 γραφῇ
1187 1367 1466 1422 παραδοῦναι,
1493 1361 1571 1422 κᾷν
1599 1367 1642 1407 εἰ

168 1433 269 1474 δέκα
300 1430 517 1484 στομάτων
542 1434 615 1474 καί
640 1435 841 1486 γλωσσῶν
871 1430 1176 1487 εὕμοιρήσειεν.

262 1494 388 1541 Ὅλον
423 1501 526 1553 γοῦν
570 1498 764 1541 ἐνιαυτὸν
789 1502 847 1556 τῷ
890 1501 976 1557 ναῷ
1008 1503 1082 1542 τοῦ
1110 1500 1350 1542 καλλινίκου
1381 1501 1632 1554 Προκοπίου

162 1565 634 1621 προσκαρτερήσαντες,
674 1568 751 1608 τοῦ
776 1566 834 1621 μη
873 1565 948 1621 τήν
975 1564 1208 1622 θεόβρυτον
1234 1565 1365 1621 χάριν
1395 1569 1470 1608 τοῦ
1497 1563 1631 1619 puina·
1648 1575 1702 1602 '20

163 1648 235 1686 ρος
264 1629 513 1675 ἀναστεῖλαι
552 1635 635 1676 τῶν
665 1635 897 1691 δεομένων,
942 1633 1024 1689 ὀψὲ
1065 1635 1137 1676 καί
1162 1632 1285 1688 μόλις
1313 1633 1392 1689 την
1418 1632 1528 1675 εὔθύ
1560 1635 1634 1688 τῆς

162 1701 322 1742 ἐκείνου
352 1701 480 1755 μονῆς
520 1701 665 1755 τρίβον
693 1697 844 1759 ᾔεσαν,
884 1704 1156 1757 τετραμερῶς
1196 1704 1309 1757 σφᾶς
1341 1701 1496 1750 αὐτούς
1538 1704 1636 1757 περὶ

161 1765 239 1822 την
270 1764 404 1823 θήκην
435 1766 688 1819 ἑντάξαντες.
719 1770 873 1822 μέσσον
900 1767 980 1824 γὰρ
1013 1770 1096 1811 τῶν
1127 1772 1322 1824 πατέρων
1351 1766 1389 1811 οἱ
1417 1768 1634 1826 πρόκριτοι

257 1896 289 1919 2.
316 1889 454 1923 οἴωθεν
487 1888 562 1921 Par.
591 1888 656 1922 sed
683 1888 783 1922 aliud
809 1889 939 1924 vitium
967 1890 1069 1924 latet.

163 1995 390 2030 mutuantes,
429 2003 635 2037 caprearum
678 1994 718 2026 irr
735 2005 867 2028 morem
912 1996 1018 2029 rectis
1054 1995 1156 2029 tibiis
1189 1995 1352 2028 saliendo
1381 1993 1631 2028 discedebant.

164 2039 226 2082 qui
258 2041 415 2080 aurium,
442 2046 505 2074 aut
539 2041 685 2085 linguae
719 2054 868 2076 munere
905 2043 1007 2089 fungi
1032 2054 1107 2076 non
1143 2048 1323 2088 poterant,
1351 2043 1441 2076 miro
1465 2053 1632 2088 novoque

165 2093 294 2118 eventu
329 2087 483 2120 aliorum
519 2088 761 2122 fabulantium
793 2101 974 2124 sermones
1010 2090 1226 2132 audientes,
1253 2091 1331 2136 pari
1360 2102 1438 2124 cum
1466 2091 1517 2123 eis
1546 2102 1633 2123 voce

163 2134 294 2176 gratias
321 2134 487 2178 agebant.
539 2136 732 2178 foeminae,
761 2149 853 2183 quae
880 2144 1054 2184 perpetuo
1076 2138 1174 2171 fluxu
1203 2139 1387 2183 sanguinis
1414 2138 1634 2179 laborantes,

152 2181 263 2214 *insiti
290 2182 417 2215 caloris
443 2182 602 2216 discessu
628 2191 792 2218 emortuo
816 2198 910 2231 pene
936 2198 1084 2231 corpore
1109 2187 1265 2228 fuerant,
1290 2199 1364 2220 non
1387 2186 1525 2220 domini
1553 2186 1633 2219 fim-

162 2228 280 2269 briae,
309 2230 370 2261 sod
397 2231 489 2263 servi
520 2242 623 2265 arcae
642 2238 809 2267 contactu
832 2234 1047 2267 mirabiliter
1071 2235 1248 2268 exsiccato
1268 2234 1375 2273 fluxu,
1400 2236 1492 2279 grati
1508 2233 1634 2279 probi·

165 2277 367 2356 queqanimi
389 2285 622 2312 monumento
660 2281 851 2325 gratiarum
885 2282 1038 2316 actionis
1080 2282 1199 2316 fontes
1237 2282 1464 2327 promebant.
1515 2281 1635 2314 chiro-

164 2334 336 2367 grapium
364 2324 549 2369 flagitiosis
576 2328 780 2362 actionibus
805 2330 972 2375 plenum,
999 2341 1079 2363 cum
1117 2329 1344 2374 obsignatum
1374 2341 1476 2363 arcae
1505 2329 1634 2362 admo-

163 2377 238 2403 tum
259 2377 375 2411 esset,
403 2374 454 2406 sic
482 2385 604 2408 omnes
621 2376 795 2410 mundum
821 2383 1057 2423 aspexerunt,
1094 2388 1134 2410 ae
1169 2378 1199 2411 si
1226 2377 1321 2411 nihil
1344 2389 1503 2423 unquam
1529 2378 1567 2410 in
1589 2388 1632 2410 eo

164 2419 291 2451 fuisset
319 2420 508 2464 scriptumg
535 2423 728 2469 cunctique
757 2427 990 2470 apostolicam
1017 2430 1234 2471 potestatem
1252 2437 1296 2458 ex
1322 2425 1428 2458 huius
1455 2437 1533 2458 arca
1559 2436 1635 2458 ma—

163 2472 313 2500 nantem
335 2475 584 2512 suspexerunt.
646 2483 781 2513 verum,
810 2474 890 2519 quis
922 2485 975 2515 ea,
1001 2484 1096 2519 quae
1121 2478 1206 2506 tunc
1231 2472 1277 2506 ab
1305 2474 1383 2518 ipso
1414 2478 1513 2517 gesta
1538 2478 1632 2512 sunt,

165 2514 371 2558 singulatim
402 2516 523 2550 valeat
550 2520 735 2561 enarrare,
771 2532 848 2553 cum
875 2533 919 2555 ne
946 2532 1075 2566 genera
1117 2520 1264 2566 quidem
1303 2522 1484 2554 numerari
1525 2521 1634 2553 facile

165 2562 331 2620 queantg
371 2564 497 2608 quisve
521 2566 642 2607 etiam,
668 2571 828 2612 quamvis
849 2570 902 2602 illi
918 2569 1063 2614 linguae
1087 2568 1160 2602 sint
1186 2568 1310 2602 decem
1337 2581 1472 2615 oraque
1497 2567 1633 2609 decem,

165 2610 304 2655 seriptis
329 2611 571 2656 consignare?

258 2659 439 2703 Integrum
465 2659 574 2703 igitur
615 2672 746 2695 annum
773 2662 809 2695 in
836 2664 971 2709 templo
1006 2664 1158 2698 illustris
1196 2663 1328 2697 Christi
1354 2663 1519 2706 martyris
1547 2663 1632 2696 Pro-

166 2705 261 2749 copii
303 2707 534 2748 commorati,
573 2720 619 2741 ne
645 2711 826 2754 supplices
867 2711 988 2745 divino
1023 2712 1091 2744 viri
1123 2722 1271 2744 munere
1296 2710 1545 2755 prohiberent,
1574 2711 1634 2745 vix

167 2752 310 2786 tandem
338 2755 535 2800 aliquando
562 2756 632 2789 iter
661 2757 706 2790 ad
735 2758 812 2790 eius
841 2760 1098 2793 monasterium
1126 2764 1220 2792 recta
1246 2757 1524 2798 contenderunt,
1553 2768 1633 2791 cum

167 2799 295 2834 ordine
336 2801 563 2849 quadruplici
602 2804 691 2838 circa
730 2805 900 2840 feretrum
940 2808 1052 2853 ipsius
1080 2807 1337 2840 constitissent.
1388 2805 1507 2840 medio
1536 2806 1632 2839 enim
