1768 3106
292 133 330 202 [4
344 154 359 189 ι
373 133 410 188 6
859 149 1205 194 ΤΗΕΟΡΗΑΝιε

287 251 502 309 βάρβαροι
536 250 767 304 ςΡωμαίων
814 251 1015 306 δυνάμεις
1055 252 1305 302 ἐπεξιούσας
1353 254 1432 294 τοῦ
1468 246 1640 309 ἄστεως,
1685 256 1757 296 καὶ

288 324 458 373 μέλλειν
484 322 817 376 συμπλέκεσθαι,
847 319 921 362 καί
946 321 1282 375 καταπλαγέντες
1302 318 1485 379 συντόνῳ
1506 323 1623 379 φυγῇ
1652 322 1754 362 α’πο-

149 394 191 430 V.
210 397 271 432 181
289 387 603 445 διδράσκουσιν,
633 385 707 428 καί
733 388 805 429 ἐπὶ
828 385 907 442 τὴν
936 389 1172 443 Πείρινθον
1198 388 1392 441 γίνονται.
1451 387 1473 429 ὅ
1502 389 1549 431 δὲ
1562 386 1755 444 Πρίσκος

285 458 396 514 μηδὲ
423 459 605 509 θεωρεῖν
633 456 778 511 φέρων
802 452 854 496 τὰ
886 453 1025 510 πλήθη
1063 457 1147 496 τῶν
1175 451 1416 510 βαρβάρων,
1450 456 1510 505 εἰς
1537 452 1582 497 τὸ
1621 455 1754 508 Τζού-

286 529 440 579 ρουλον
471 520 676 566 εἰσελθών
722 522 931 578 φρούριον
968 522 1243 578 ἦσφαλίζετο.
1303 519 1324 562 ὃ
1360 523 1407 564 δὲ
1435 522 1652 578 βάρβαρος
1679 520 1754 564 τὸν

285 595 482 647 Πρίσκον
509 593 747 643 πολιορκεῖν
776 589 993 643 ἐνεχείρει.
1048 589 1182 630 ταῦτα
1211 590 1257 630 δὲ
1289 588 1477 645 α’κηκοώς
1495 592 1753 646 Μαυρίκιος,

245 657 478 716 Οδιηπόρει
505 658 551 699 τί
577 657 745 711 dodam,
790 654 994 714 εὐβουλίᾳ
1033 656 1080 697 δὲ
1109 663 1449 712 καταστρατηγεῖ
1475 658 1550 711 τῆς
1575 656 1753 711 ἀπείρου

285 723 530 778 δυνάμεως·
588 726 661 764 καί
689 722 763 764 ἕνα
791 724 872 764 τῶν
903 723 1206 778 ἑξκουβιτόρων
1240 722 1445 778 μεγάλαις
1475 725 1655 779 δωρεαῖς
1684 726 1757 774 καί

283 791 540 846 ὑποσχέσεσι
576 792 716 832 πείθει
763 787 901 832 ἑκοντί
939 795 1180 845 περιπεσεῖν
1223 796 1311 840 τοῖς
1350 789 1614 846 βαρβάροις·
1682 790 1757 832 καί

284 862 458 903 δίδωσιν
486 858 601 916 αὐτῷ
629 856 736 911 πρὸς
758 857 952 912 Πρίσκον
978 854 1206 914 γράμματα
1233 860 1485 913 περιέχοντα
1513 855 1643 900 τάδε·
1697 859 1753 917 τῷ

282 925 538 984 ἐνδοξοτάτῳ
565 927 790 983 στρατηγῷ
810 926 1001 982 Πρίσκῳ.
1059 923 1137 981 τήν
1166 924 1389 981 α’λιτηρίαν
1419 926 1504 968 τῶν
1523 924 1755 981 βαρβάρων

280 996 519 1050 ἐγχείρησιν
544 992 603 1048 μὴ
623 993 852 1050 ὃειλιάσῃς·
883 991 989 1047 πρὸς
1014 991 1093 1048 γὰρ
1130 988 1343 1036 ἀπώλειαν
1374 988 1513 1035 αὐτῶν
1531 996 1655 1035 τοῦτο
1683 997 1753 1049 γε’·-

279 1079 410 1119 γονεν.
429 1065 604 1117 γίνωσκε
631 1061 713 1116 γάρ
744 1058 811 1103 ὅτι
838 1059 954 1114 μετοὶ>
978 1062 1134 1116 πολλῆς
1164 1059 1368 1116 αἰσχύνης
1397 1059 1484 1114 ἔχει
1517 1059 1753 1116 ὃΧαγοὶνος

280 1130 553 1184 Δὑποστρέψαι
579 1130 637 1179 εἰς
661 1126 736 1184 τὴν
760 1127 1080 1185 ἅφιερωθεῖσαν
1100 1126 1213 1185 αὐτῷ
1235 1125 1315 1168 ὑπὸ
1342 1127 1566 1182 Ῥωμαίων
1592 1128 1753 1184 χώραν.

281 1196 355 1240 διὰ
384 1198 511 1239 τοῦτο
541 1194 775 1252 καρτερήσῃ
806 1194 831 1251 ἦ
863 1197 942 1238 σοῦ
971 1194 1187 1250 ὲνδοξότης
1205 1196 1250 1236 έν
1271 1195 1519 1254 Τξουρούλῳ
1551 1197 1751 1250 περιρέμ..

279 1268 368 1320 βων
398 1263 544 1307 αὐτόν.
602 1266 822 1317 πέμπομεν
847 1261 928 1319 γάρ
969 1258 1039 1304 διὰ
1071 1260 1294 1318 θαλάσσης
1323 1266 1460 1319 πλοῖα,
1490 1266 1565 1305 καί
1594 1266 1752 1318 αἰχμα-

238 1334 513 1385 ῡλωτίζομεν
548 1330 627 1380 τὰς
672 1329 884 1388 φαμελιάς
913 1330 1069 1372 αὐτῶν.
1137 1332 1210 1372 καί
1241 1330 1518 1385 ἀναγκάζεται
1549 1329 1652 1385 μετὰ
1685 1333 1753 1373 αι’-

280 1399 440 1457 σχύνης
483 1400 555 1441 καί
584 1400 736 1454 ζημίας
771 1399 832 1447 εἰς
859 1394 909 1440 τὰ
942 1395 1033 1439 ἴδια
1072 1397 1354 1453 ὑποστρέψαι.
1421 1397 1443 1440 ὁ
1477 1399 1524 1440 δὲ
1552 1395 1754 1454 Χαγάνσς

280 1467 487 1525 κρατήσας
520 1464 568 1509 τὰ
601 1462 834 1522 γράμματα
876 1466 951 1506 καί
976 1461 1195 1521 ἀναγνούς,
1222 1466 1379 1519 γίνεται
1410 1466 1621 1521 περιὸεής.
1679 1468 1753 1509 καί

372 1627 406 1661 3.
432 1626 502 1666 ἕως
525 1623 592 1669 τὴν
614 1627 668 1660 Π.
698 1635 717 1658 e
742 1624 767 1657 f.
905 1624 938 1666 4.
963 1623 1075 1670 μηδὲ]
1098 1620 1150 1671 μὴ
1177 1624 1205 1657 Α
1230 1624 1256 1657 f.
1394 1624 1539 1672 φέρων]
1573 1625 1694 1661 θέλων
1721 1637 1750 1658 a.

373 1668 628 1723 Τζουρουλλὸν
655 1674 694 1706 A.
796 1685 827 1718 7.
849 1669 1021 1718 εὐβουλίᾳ
1048 1673 1076 1704 Α
1105 1683 1175 1705 sec.
1206 1683 1299 1705 man.
1328 1671 1630 1717 quemadmodum
1656 1674 1748 1706 coni.

369 1723 477 1757 Goar.
503 1721 659 1768 ἀβουλία
677 1720 774 1765 vulg.
899 1722 949 1754 15.
966 1719 1173 1767 καρτερὴσῃ
1209 1721 1258 1761 A,
1279 1725 1456 1766 καρτερεῖ
1476 1720 1510 1761 f,
1534 1721 1753 1767 καρτερήσει

369 1771 465 1816 vulg.
615 1769 666 1802 16.
696 1761 828 1814 αὐτὸν]
855 1762 989 1808 αὐτοὺς
1012 1769 1041 1802 Α
1065 1768 1102 1801 b.
1241 1778 1292 1813 ις.
1317 1761 1382 1808 τὰς
1410 1770 1600 1816 φαμελίας
1627 1768 1752 1806 αὐτῶν

370 1820 400 1854 A
427 1831 447 1853 a
473 1818 500 1860 f,
529 1810 665 1857 αὐτοὺς
689 1816 784 1861 vulg.

277 1957 348 1992 sibi
371 1957 438 1991 visi
464 1961 569 1997 sunt,
594 1961 632 1989 et
656 1953 856 1989 ineundum
885 1965 1063 1987 armorum
1088 1953 1299 1987 minitantes
1329 1965 1579 2000 congressum:
1606 1966 1649 1990 ex
1677 1969 1750 2003 quo

278 2004 495 2045 conturbati,
520 2005 558 2037 in
597 2003 830 2050 praecipitem
863 2000 980 2046 fugam
1008 2013 1044 2034 se
1070 2002 1322 2047 proficientes,
1363 2003 1575 2037 Perinthum
1601 2015 1639 2038 se
1664 2017 1750 2038 con-

278 2054 406 2087 tulere.
471 2052 610 2086 Priscus
649 2057 769 2085 autem
805 2050 916 2084 solius
940 2049 1149 2083 barbaricae
1185 2049 1275 2082 aciei
1301 2056 1531 2095 conspectum
1555 2051 1650 2085 ferre
1675 2064 1751 2087 non

279 2101 473 2141 sustinens,
501 2099 540 2132 in
560 2099 757 2132 Tzurulum
784 2103 939 2131 castrum
966 2099 1147 2142 ingressus
1165 2095 1331 2141 diligenti
1358 2097 1523 2131 custodia
1548 2099 1658 2132 vitam
1688 2107 1752 2134 tu-

278 2148 439 2183 tabatur:
469 2146 600 2180 exinde
626 2146 672 2179 ad
701 2145 942 2179 obsidendum
974 2146 1134 2178 Priscum
1159 2145 1300 2178 animus
1326 2144 1480 2179 barbaro
1505 2146 1662 2194 principi
1691 2150 1751 2182 fa-

278 2202 368 2231 ctus.
419 2193 519 2241 quod
544 2206 623 2227 cum
649 2193 695 2227 ad
719 2194 935 2228 Mauricium
962 2193 1153 2239 perlatum,
1180 2191 1269 2238 quid
1295 2198 1426 2237 ageret,
1453 2193 1587 2227 dubius
1617 2195 1748 2230 haesit.

277 2245 377 2279 bono
406 2241 553 2276 tandem
579 2241 732 2275 consilio
762 2240 930 2275 adversus
960 2242 1186 2274 innumeram
1212 2239 1446 2273 barbarorum
1473 2242 1749 2278 multitudinem

277 2296 447 2331 armatur,
477 2295 515 2323 et
540 2289 736 2335 prudentia
760 2293 958 2335 oppugnat.
985 2288 1028 2322 de
1054 2287 1301 2321 excubitorum
1326 2288 1438 2332 igitur
1461 2301 1611 2324 numero
1636 2303 1749 2326 unum

277 2339 323 2374 ad
347 2344 460 2373 castra
486 2337 687 2383 profectum
726 2337 763 2369 in
801 2336 1034 2370 barbarorum
1059 2340 1276 2382 potestatem
1313 2342 1443 2381 sponte
1472 2339 1617 2384 prolabi
1642 2339 1748 2373 donis

277 2386 487 2433 ingentibus
515 2390 552 2417 et
576 2384 752 2429 pollicitis
778 2384 1015 2429 amplioribus
1040 2382 1188 2417 suadet:
1219 2394 1260 2416 ac
1286 2394 1356 2417 una
1382 2385 1491 2418 simul
1517 2385 1564 2419 ad
1589 2387 1749 2422 Priscum

277 2437 417 2470 litteras
443 2434 476 2467 ei
501 2431 695 2466 committit
730 2432 769 2464 in
795 2431 884 2466 haee
902 2432 1022 2465 verba.
1073 2431 1330 2475 gloriosissimo
1356 2431 1438 2466 duci
1463 2434 1595 2468 Prisco.
1645 2436 1750 2469 nefa-

278 2485 371 2519 rium
410 2480 643 2516 barbarorum
678 2484 848 2512 conatum
886 2490 932 2512 ne
969 2478 1204 2512 reformides:
1245 2480 1308 2525 qui
1337 2480 1485 2526 quidem
1518 2482 1630 2516 exitio
1659 2484 1749 2529 ipsis

279 2532 359 2566 erit.
412 2529 618 2574 Chaganum
656 2538 736 2560 cum
763 2538 892 2572 magno
919 2525 1096 2560 dedecore
1129 2527 1167 2560 in
1193 2528 1407 2572 assignatam
1437 2528 1507 2562 sibi
1532 2541 1552 2562 a
1578 2531 1748 2565 Romanis

276 2578 498 2626 provinciam
524 2574 642 2609 redire
670 2580 768 2608 certo
804 2575 906 2608 scias.
957 2585 1068 2619 quare
1097 2574 1212 2619 gloria
1238 2581 1302 2609 tua
1316 2576 1466 2610 Tzuruli
1494 2576 1680 2622 perduret,
1711 2585 1749 2613 et

277 2627 485 2671 Chaganum
513 2624 773 2664 circumvertet,
799 2628 837 2656 et
861 2633 926 2668 pro
954 2622 1060 2656 libito
1086 2623 1389 2668 circumagitabit.
1449 2625 1629 2670 copiosam
1657 2627 1749 2660 clas-

277 2687 350 2711 sem
375 2674 466 2708 mari
502 2671 789 2712 transmittimus,
831 2670 1148 2716 captivitatemque
1183 2670 1279 2705 hosti
1309 2683 1491 2717 paramus:
1518 2674 1581 2719 qui
1607 2675 1746 2720 alioqui

276 2736 354 2758 cum
380 2721 560 2756 dedecore
598 2725 635 2753 et
670 2718 800 2752 damno
828 2718 975 2751 domum
1018 2728 1222 2751 reversurus
1256 2725 1321 2752 est.
1373 2718 1562 2767 Chaganus
1588 2721 1746 2756 interce-

276 2772 348 2818 ptis
378 2769 510 2805 litteris
549 2768 680 2814 scripta
710 2767 812 2813 legit,
839 2771 875 2800 et
912 2777 982 2800 una
1023 2771 1121 2800 metu
1149 2768 1411 2801 consternitur:
1448 2769 1638 2816 pactisque
1665 2781 1744 2803 cum
