1786 3204
278 184 386 251 164
855 200 1201 243 THEOPHANlS

265 304 515 360 ἀπολογίαν]
546 300 623 345 οὐκ
653 299 718 346 ἔτι
750 300 976 360 ἐτόλμησεν
1010 301 1330 358 ἐμφανισθῆναι
1359 298 1408 356 τῇ
1439 296 1615 356 συνόδῳ.
1646 298 1740 341 τότε

264 371 290 428 ἦ
320 370 528 426 σύνοδος,
557 371 857 427 συμπαρόντος
900 372 973 413 καί
1003 372 1081 411 τοῦ
1107 369 1317 423 βασιλέως
1357 367 1620 420 Μαρκιανοῠ
1648 362 1741 420 ἅμα

263 441 316 498 τῇ
345 436 588 496 συγκλήτῳ,
620 439 868 495 α’πεφὴνατο
901 436 1006 481 κατὰ
1037 436 1277 492 Διοσκόρου
1308 435 1383 477 καί
1408 434 1641 488 Εὕτυχοῦς,
1672 431 1747 475 καί

263 504 442 556 τούτους
470 509 681 548 καθεῖλον.
741 507 802 562 [ἐν
828 500 859 563 ᾗ
887 506 962 547 καί
983 504 1254 560 τελειοῦται]
1314 500 1337 543 ὃ
1367 502 1413 544 δὲ
1441 499 1646 557 βασιλεύς
1673 500 1745 543 τὸν

264 575 344 629 μὲν
369 572 605 630 Διόσκορον
634 575 694 622 εἰς
725 572 923 628 Γάγγραν
953 571 1164 626 ἐξώρισεν,
1194 572 1271 626 τὴν
1294 571 1340 612 δὲ
1371 567 1550 612 σύνοδον
1574 566 1781 618 {natvs-5

265 658 344 692 σας
373 637 512 683 εἶπεν·
567 642 699 697 χάριν
727 641 926 695 μεγίστην
947 637 1136 694 ὃμολογῶ
1164 640 1221 696 τῷ
1249 634 1414 688 πάντων
1443 637 1561 692 ἡμῶν
1591 634 1741 678 δεσπό-

262 726 313 767 τῃ
344 708 418 751 καί
446 709 556 767 θεῷ,
600 705 667 750 δ’τι
702 706 1000 763 α’ναιρεθείσης
1038 709 1113 762 τῆς
1154 705 1391 760 διχονοίας,
1436 705 1497 753 εἰς
1538 705 1643 757 μίαν
1670 702 1744 744 καί

261 775 340 831 τήν
372 774 504 831 αὖτην
553 774 782 831 ὁμολογίαν
818 773 969 824 πάντες
1012 773 1370 830 συνεληλύθαμεν.
1430 773 1503 813 καί
1531 775 1741 828 φιλοφρο-

221 841 392 900 (ἶνήσας
423 841 523 893 τούς
562 839 806 895 ἑξακοσίους
847 842 1073 897 τριάκοντα
1114 839 1260 897 ἁγίους
1301 841 1488 895 πατέρας
1532 839 1742 881 ἀπέλυσεν

260 913 440 953 ἕκαστον
468 910 528 960 εἷς
562 908 614 952 τὰ
645 908 736 953 ἴδια
767 911 812 953 ἑν
853 908 1008 967 εἰρήνῃ.
1067 906 1373 964 ἐχειροτονήθη
1411 909 1457 950 δὲ
1501 908 1740 963 Προτέριος
1759 920 1786 945 1«

260 979 356 1021 ᾰντί
379 974 619 1033 Διοσκόρου
649 978 875 1027 ἐπίσκοπος
899 978 1234 1033 Ἀλεξανδρείας.

50 1049 247 1097 Α.Μ.5945
371 1047 561 1101 Περσῶν
607 1047 818 1099 βασιλέως
863 1043 1090 1102 Περόξου,
1136 1043 1455 1101 Ἀλεξανδρείας
1508 1039 1739 1085 ἐπισκόπου

260 1114 502 1168 Προτερίου
538 1109 628 1162 ἔτος
658 1112 709 1155 α’.

377 1180 522 1238 Τούτῳ
553 1180 611 1237 τῷ
639 1179 726 1222 ἔτει
753 1182 1008 1236 Πουλχεριά
1039 1179 1065 1236 ἦ
1097 1182 1291 1236 μακαρία
1320 1178 1394 1223 καὶ
1422 1174 1603 1233 εύσεβής
1632 1178 1740 1220 ε’κοι-

211 1258 244 1292 D
257 1244 378 1304 μήθη
408 1248 454 1290 ὲν
473 1250 664 1307 Χριστῷ,
684 1246 813 1291 πολλὰ
834 1249 1048 1304 ποιήσασα
1066 1247 1398 1304 κατορθώματα,
1427 1246 1499 1290 καί
1517 1245 1656 1289 πάντα
1687 1243 1740 1288 τὰ
1761 1261 1786 1287 ιε

257 1312 415 1371 ἑαυτῆς
444 1321 626 1370 πτωχοῖς
655 1317 969 1372 καταλείψασα,
1001 1312 1107 1371 ἅπερ
1137 1314 1396 1371 ,Μαρκιανὸς
1433 1319 1610 1358 πλεῖστα
1638 1308 1741 1357 ὄντα

258 1380 495 1438 προθύμως
525 1384 737 1425 διέδωκεν.
806 1382 966 1427 ἔκτισεν
1001 1386 1048 1426 δὲ
1086 1383 1111 1440 ἦ
1146 1383 1254 1440 αὕτη
1284 1381 1468 1434 πολλοὺς
1494 1383 1742 1438 εύκτηρίους

261 1448 402 1500 οἴκους
444 1452 519 1493 καί
556 1456 745 1506 πτωχεῖα
782 1452 857 1494 καί
883 1453 1064 1504 ξενῶνας
1106 1454 1181 1494 καί
1207 1449 1444 1509 ξενοτοῖφια.
1502 1452 1548 1494 ἐν
1577 1446 1640 1500 οἷς
1669 1451 1744 1492 καί

259 1516 333 1561 τὸν
358 1516 463 1562 ναὸν
503 1521 580 1562 τοῦ
609 1518 732 1575 ἁγίου
773 1517 993 1578 μάρτυρος
1031 1519 1321 1576 Λαυρεντίου.
1379 1520 1457 1563 τοῦ
1487 1520 1535 1563 δὲ
1560 1516 1743 1564 Διοσκό-

358 1679 392 1713 3·
420 1679 462 1728 ’ῖῇ
489 1690 535 1715 ‘¹¹²
563 1679 680 1728 Χλῆῐῳ
694 1679 734 1723 Α,
759 1681 823 1726 τῆς
841 1692 887 1718 συ
914 1682 1043 1727 κλὴτου
1069 1682 1166 1728 vulg.
1251 1682 1285 1725 4.
1313 1682 1354 1718 ἐν
1380 1673 1403 1729 ᾗ
1426 1666 1490 1717 καὶ
1517 1680 1738 1716 τελειοῦταιε

356 1727 511 1762 obscura
548 1740 625 1762 laec
648 1728 759 1763 verba
787 1742 857 1765 om.
885 1694 921 1764 ζ.
1046 1733 1078 1766 5.
1104 1734 1157 1770 εἰς
1183 1732 1222 1764 Γ.
1253 1730 1432 1779 ἐξώρισεν
1456 1730 1484 1763 Α
1513 1740 1532 1763 e
1557 1729 1591 1771 f,
1619 1729 1740 1775 ἐξορί-

358 1786 430 1815 σας
459 1778 512 1831 {lc
536 1778 574 1811 Γ-
602 1777 699 1822 vulg.
825 1781 859 1814 6.
891 1778 1050 1828 δεσπότῃ
1076 1782 1137 1814 καὶ
1166 1790 1236 1813 om.
1256 1779 1297 1812 A.
1418 1779 1451 1823 8.
1476 1773 1543 1821 τὴν
1567 1774 1684 1820 αὐτὴν
1713 1777 1742 1809 Α

357 1824 402 1865 b,
432 1836 500 1868 την
527 1824 640 1860 αὐτοῦ
665 1824 761 1871 vulg.
882 1826 1025 1867 πάντες
1057 1827 1140 1861 add.
1169 1839 1211 1861 ex
1236 1827 1277 1861 A.
1417 1837 1468 1872 ¹7·
1496 1825 1672 1862 διέδωκεν
1700 1824 1741 1865 Α,

358 1871 521 1910 δέδωκεν
545 1874 643 1920 vulg.

264 2022 383 2045 ausus.
432 2015 510 2047 tum
533 2024 620 2048 vero
646 2013 815 2058 synodus,
845 2015 924 2061 ipso
951 2015 1169 2061 imperatore
1194 2013 1380 2047 Marciano
1411 2016 1449 2045 et
1475 2016 1605 2046 senatu
1632 2021 1742 2056 prae-

265 2065 381 2102 sente,
402 2059 588 2095 adversam
628 2062 805 2096 Dioscoro
833 2069 870 2096 et
904 2062 1056 2107 Eutychi
1092 2062 1309 2096 sententiam
1339 2060 1596 2106 pronunciavit
1619 2064 1657 2093 et
1682 2070 1743 2092 eos

265 2107 498 2154 depositione
523 2110 681 2155 punivit.
745 2111 988 2156 pronunciata
1017 2110 1197 2145 sententia
1227 2109 1386 2153 synodus
1412 2109 1530 2142 soluta
1557 2112 1622 2142 est.
1673 2107 1743 2140 im·-

263 2161 412 2202 perator
436 2156 596 2202 Gangras
624 2158 784 2203 relegato
815 2159 1003 2200 Dioscoro,
1034 2160 1072 2192 in
1099 2157 1227 2203 synodi
1252 2157 1378 2191 laudes
1406 2168 1611 2203 erumpens,
1639 2154 1743 2188 dixit:

266 2203 336 2237 deo
366 2209 530 2238 nostrum
563 2207 727 2239 omnium
765 2206 914 2240 domino
949 2207 1122 2240 maximas
1158 2206 1275 2240 debeo
1304 2212 1443 2253 grates:
1471 2204 1572 2251 quod
1601 2204 1745 2238 sublata

267 2251 368 2285 omni
393 2251 630 2295 dissensione,
660 2254 698 2288 in
723 2266 831 2288 unam
859 2254 1006 2288 tandem
1031 2261 1069 2289 et
1094 2254 1244 2289 eandem
1272 2255 1489 2288 sententiam
1521 2264 1644 2287 omnes
1673 2252 1743 2285 ivi-

266 2311 357 2334 mus.
409 2306 551 2335 sanctos
585 2301 729 2336 demum
755 2308 945 2336 sexcentos
972 2309 1009 2337 et
1048 2304 1196 2349 triginta
1225 2308 1350 2348 patres
1369 2308 1562 2348 postquam
1586 2300 1744 2345 benigne

269 2353 307 2382 et
332 2347 492 2381 humane
520 2351 757 2396 suscepisset,
784 2351 946 2397 singulos
974 2363 1054 2384 cum
1081 2362 1169 2397 pace
1207 2350 1253 2384 ad
1275 2351 1439 2396 proprias
1466 2349 1569 2383 sedes
1594 2348 1742 2383 dimisit.

268 2396 310 2430 in
341 2396 510 2430 Dioscuri
543 2409 629 2431 vero
671 2399 790 2433 locum
810 2399 990 2433 Protei-ius
1027 2398 1272 2432 Alexandriae
1314 2399 1506 2445 episcopus
1545 2403 1601 2432 est
1644 2395 1746 2431 ordi-

269 2449 390 2479 natus.

84 2490 257 2538 A.C.445
365 2492 553 2526 Persarum
594 2494 686 2538 regis
732 2495 902 2536 Peroxis,
939 2493 1182 2529 Alexandriae
1234 2494 1397 2543 episcopi
1436 2494 1589 2528 Proterii
1634 2505 1750 2527 annus

270 2551 423 2588 primus.

365 2588 445 2622 Hoc
470 2599 566 2622 anno
607 2588 730 2623 multis
762 2589 869 2623 rebus
901 2590 1085 2635 praeclare
1114 2590 1244 2634 gestis,
1284 2590 1498 2636 cunctisque
1533 2590 1609 2624 suis
1643 2589 1750 2623 bonis

270 2635 496 2683 pauperibus
535 2636 694 2678 relictis,
733 2636 841 2671 beata
879 2644 916 2671 et
940 2638 1002 2683 pia
1039 2637 1229 2673 Pulcher-ia
1267 2638 1491 2673 obdormivit
1515 2638 1554 2672 in
1583 2636 1750 2672 Christo:

270 2685 371 2718 bona
408 2685 486 2718 eius
526 2684 612 2719 licet
642 2685 817 2719 immensa
841 2686 1046 2720 Marcianus
1088 2686 1331 2720 libentissime
1365 2686 1604 2732 consignavit.
1671 2686 1751 2731 ipsa

271 2744 381 2779 porro
409 2743 518 2780 quam
545 2732 719 2778 plurimas
749 2745 864 2768 sacras
890 2734 999 2768 aedes
1036 2734 1109 2768 sive
1137 2735 1313 2776 oratoria,
1340 2735 1457 2769 multa
1481 2735 1570 2768 item
1603 2733 1751 2780 publica

270 2792 474 2827 pauperum
501 2780 582 2815 loca
608 2782 951 2829 peregrinorumque
985 2782 1169 2816 domicilia
1209 2788 1246 2816 et
1270 2783 1407 2817 eisdem
1434 2783 1586 2817 mortuis
1607 2793 1751 2816 coeme-

273 2829 378 2873 teria,
402 2830 440 2864 in
470 2829 602 2877 quibus
627 2831 743 2865 sancti
767 2831 933 2877 martyris
951 2832 1139 2867 Laurentii
1165 2832 1342 2879 templum
1371 2836 1593 2873 numeratur,
1619 2829 1750 2864 aedifi-
