1768 3106
277 147 394 204 668
838 169 1187 212 THEOPHAle

274 269 457 310 λανὸίων
486 268 807 324 ἐπιφερομένων
835 271 916 312 οἶνά
950 271 1003 326 ιβ’
1032 271 1184 315 ἵππων.
1257 271 1280 313 ὅ
1310 273 1359 315 δὲ
1394 275 1598 330 Τελὲτζης
1624 273 1755 316 α’κού...

274 352 353 385 σας
382 333 459 391 τήν
489 334 559 378 διὰ
590 337 666 392 γῆς
698 337 771 379 καί
791 339 1013 394 θαλάσσης
1044 343 1135 382 κατ’
1163 336 1293 382 αὐτοῦ
1324 342 1497 399 κίνησιν,
1528 341 1668 396 λαβών
1696 344 1757 391 εἰς

273 404 529 458 συμμαχίαν
556 405 712 446 ἐκπιεῖν
743 410 1179 462 προσπαρακειμένων
1218 410 1353 451 ἐθνῶν
1379 408 1580 464 χιλιάδας
1610 408 1655 466 κ’,
1684 410 1758 451 καί

274 469 453 519 τούτους
481 471 540 520 εἰς
570 469 623 512 τά
658 466 925 526 ὀχυρώματα
956 473 1128 530 στήσας,
1158 475 1436 532 ἠσφαλίσατο
1456 473 1621 520 ἑαυτόν.
1654 476 1676 518 ὃ
1709 478 1757 519 δὲ

237 536 479 593 Ββασιλεύς
519 536 659 580 ἐλθών
698 538 954 594 ἤπλίκευσεν
993 541 1054 590 εἰς
1078 541 1149 584 τὸν
1179 544 1346 597 κάμπον
1369 541 1628 598 Ἀγχιάλου·
1685 543 1759 586 καί

275 606 330 662 τῇ
358 606 389 648 λ’
422 607 502 647 τοῦ
526 606 701 648 Ἰουνίου
738 607 873 662 μηνὸς
900 610 973 663 τῆς
1001 606 1037 650 α’
1079 611 1352 667 ἰνδικτιαῖνος,
1381 611 1521 670 ἡμέρα
1549 610 1592 665 ε’,
1621 610 1756 668 ἐφάνη

281 673 484 728 Τελέτζης
523 671 632 725 μετὰ
677 671 871 730 πλήθους
917 678 1056 718 ἐθνῶν
1086 675 1326 735 ἐρχόμενος,
1366 681 1441 721 καί
1464 679 1758 732 συμβαλόντες

273 737 460 793 πόλεμον
501 743 730 784 κόπτουσιν
765 742 976 797 ἀλλήλους
1019 744 1093 786 ἐπὶ
1125 744 1259 799 πολύ,
1298 747 1375 788 καί
1409 747 1582 802 τραπείς
1631 748 1757 790 Τελέ-

273 809 373 863 τζης
403 805 572 864 ἔφυγεν.
645 809 849 864 ἐκράτησε
887 813 935 853 δὲ
971 811 997 867 ἦ
1049 812 1169 868 μάχη
1200 812 1282 855 cim)
1320 811 1438 870 ιδ’ρας
1467 813 1496 856 ε’
1526 813 1605 864 ἕως
1647 814 1755 871 ὄψέ,

274 874 349 916 καί
379 874 512 917 πολλὰ
541 873 685 933 πλήθη
713 879 977 935 Βουλγάρων
1014 880 1322 937 α’νηλιόθησαν,
1362 885 1512 924 πολλοὶ
1555 883 1602 925 δὲ
1646 884 1758 937 ἐχει-

274 939 490 1000 ρώθησαν,
521 938 640 987 ἄλλοι
673 947 720 988 δὲ
740 949 814 988 καί
841 946 1177 1003 προσερρυησαν.
1237 948 1260 990 ὅ
1295 950 1343 992 δὲ
1374 947 1579 1004 βασιλευς
1608 950 1759 1005 α’ρθείς

275 1012 346 1053 ἐπὶ
378 1012 431 1068 τῇ
459 1013 635 1070 τοιαύτῃ
668 1014 786 1072 νίκῃ,
826 1015 1141 1070 ἐθριάμβευσεν
1180 1015 1338 1073 ταύτην
1373 1019 1446 1060 ἐπί
1481 1019 1555 1074 τῆς
1584 1016 1758 1072 πόλεως,

274 1078 582 1133 ἁρματωμένος
624 1080 705 1123 σύν
745 1084 806 1140 τῷ
849 1083 1016 1140 στρατῷ
1058 1081 1287 1140 εἰσελθών,
1316 1082 1644 1142 εὐφημούμενος
1673 1084 1757 1126 ὑπὸ

274 1148 357 1189 τῶν
377 1147 524 1202 δήμων
550 1150 622 1190 καί
640 1148 1002 1206 ξυλοπανδούροις
1029 1150 1175 1205 σύρων
1193 1150 1294 1201 τους
1312 1155 1601 1207 χειρωθέντας
1620 1155 1760 1194 Βουλ-

236 1214 442 1271 Ογάρους,
474 1214 548 1266 οὒς
575 1214 733 1269 ἔξωθεν
762 1218 837 1272 τῆς
860 1220 1042 1274 Χρυσῆς
1075 1218 1234 1276 πόρτης
1266 1221 1565 1277 α’ποτμηθήναι
1594 1222 1760 1263 ἐκέλευ-

277 1298 350 1325 σεν
379 1281 461 1325 ὑπὸ
495 1286 580 1326 τῶν
607 1288 806 1328 πολιτῶν.
836 1286 910 1328 τὸν
934 1288 979 1329 δὲ
1000 1289 1205 1344 Τελέτζην
1226 1286 1533 1346 στασιάσαντες
1559 1288 1596 1330 οἱ
1619 1290 1760 1330 Βούλ·

276 1366 403 1407 γαροι
431 1353 684 1395 α’πέκτειναν
719 1353 801 1396 σύν
830 1359 917 1403 τοῖς
947 1348 1156 1409 ἄρχουσιν
1189 1356 1335 1412 αυ’τοῦ,
1364 1355 1439 1397 καί
1464 1353 1647 1413 ἔστησαν
1675 1359 1761 1399 Σα-

275 1422 395 1473 βῖνον
432 1419 627 1475 γαμβρὸν
668 1415 770 1463 ὄντα
810 1422 1060 1476 Κορμεσίου
1115 1423 1192 1464 τοῦ
1235 1421 1369 1466 πάλαι
1408 1425 1560 1476 κυρίου
1608 1419 1759 1466 αὐτῶν.

277 1488 352 1529 τοῦ
383 1488 431 1530 δὲ
458 1488 645 1542 Σαβίνου
677 1486 841 1538 εὐθέως
871 1485 1198 1540 ἀποστείλαντος
1227 1491 1334 1545 πρὸς
1361 1488 1436 1533 τὸν
1465 1492 1660 1548 βασιλέα,
1691 1492 1766 1532 καί

248 1558 250 1560 ’
277 1555 500 1610 ζητοῦντος
528 1559 703 1611 ποιῆσαι
734 1553 919 1614 εἰρήνην,
951 1559 1187 1611 κομμένδον
1215 1557 1467 1614 ποιήσαντες
1493 1557 1532 1601 οῖ
1567 1557 1760 1613 Βούλγα-

277 1638 345 1678 poc
377 1623 636 1680 α’ντὲστησαν
666 1625 722 1683 τῷ
752 1626 920 1684 ,Σαβίνῳ
956 1626 1167 1682 στερρῶς,
1201 1627 1419 1681 λέγοντες·
1480 1624 1545 1669 ὅτι
1578 1626 1648 1669 διὰ
1680 1628 1762 1670 σοῦ

371 1761 406 1795 3.
428 1760 475 1808 κ’]
498 1762 562 1803 25'
593 1774 625 1804 a,
656 1762 695 1804 ς’
723 1762 748 1796 f.
848 1774 904 1797 20.
933 1763 1017 1797 fort.
1043 1766 1247 1811 κομβέντον
1272 1764 1334 1798 cfr.
1363 1775 1400 1811 p.
1428 1764 1510 1806 262,
1537 1755 1581 1798 5.Ι

277 1896 355 1925 tum
379 1891 507 1931 missa,
548 1890 747 1936 imperator
772 1890 966 1924 Thraciam
1001 1903 1123 1925 versus
1148 1892 1319 1937 perrexit.
1370 1891 1536 1925 Teletses
1563 1895 1658 1925 terra
1683 1902 1760 1924 ma-

278 1940 385 1985 rique
411 1938 600 1973 adversum
630 1950 668 1972 se
696 1945 859 1985 paratam
885 1939 1050 1982 audiens,
1075 1940 1274 1974 vicinarum
1301 1940 1489 1973 nationum
1518 1939 1646 1983 viginti
1675 1940 1760 1972 mil-

276 1987 376 2021 libus
404 1987 443 2021 in
467 1987 644 2020 auxilium
682 1988 804 2020 accitis
833 1993 870 2022 et
897 1999 962 2034 per
986 1989 1127 2022 munita
1157 1989 1236 2022 loca
1263 1987 1483 2029 distributis,
1512 1988 1591 2032 ipse
1619 1988 1760 2032 praesi—

280 2034 341 2068 dio
373 2047 410 2069 se
436 2036 595 2069 inclusit.
646 2035 846 2081 imperator
873 2048 956 2070 vero
981 2036 1020 2070 iu
1059 2035 1224 2070 Anchiali
1250 2036 1340 2080 agris
1369 2041 1481 2069 castra
1510 2041 1664 2068 metatus
1692 2040 1759 2069 est.

278 2095 389 2128 porro
414 2084 510 2117 Inmii
535 2083 596 2117 die
621 2084 818 2128 trigesimo,
849 2084 1053 2118 indictione
1079 2085 1204 2130 prima,
1231 2085 1320 2118 feria
1346 2082 1587 2117 hebdomadis
1618 2083 1760 2128 quinta,

280 2132 448 2166 Teletses
488 2143 568 2165 cum
604 2143 797 2165 numerosa
838 2133 1107 2166 auxiliariorum
1143 2131 1382 2166 multitudine
1417 2130 1585 2176 progredi
1613 2130 1762 2164 tandem

279 2180 376 2214 visus
399 2184 465 2220 est,
493 2185 730 2225 consertaque
763 2191 907 2225 pugna,
946 2186 1070 2213 mutua
1102 2182 1291 2225 utriusque
1328 2180 1441 2224 partis
1478 2178 1606 2212 caedes
1632 2179 1760 2223 ingens

281 2227 393 2268 edita,
419 2227 582 2272 fusisque
617 2226 762 2261 demum
780 2228 940 2262 Teletsis
966 2229 1081 2274 copiis
1099 2229 1175 2274 ipse
1203 2228 1321 2272 sugam
1347 2227 1513 2272 arripuit.
1542 2226 1761 2272 duravitque

279 2286 404 2323 pugna
444 2275 489 2309 ab
525 2274 614 2308 hora
649 2277 776 2321 quinta
810 2288 928 2322 usque
951 2276 998 2310 ad
1027 2287 1224 2320 vesperam,
1260 2281 1299 2308 et
1321 2275 1495 2308 maximus
1525 2276 1761 2318 Bnlgarorum

280 2335 455 2358 numerus
492 2323 689 2357 certamine
729 2324 794 2358 illo
830 2324 992 2365 deletus,
1022 2324 1127 2358 multi
1154 2324 1260 2369 capti,
1297 2323 1361 2355 alii
1388 2323 1483 2356 ultro
1509 2323 1556 2355 ad
1581 2324 1760 2356 Romanos

283 2373 506 2406 defecerunt.
558 2371 755 2416 imperator
779 2383 953 2417 prospero
972 2372 1147 2405 victoriae
1167 2382 1331 2404 successu
1354 2371 1482 2412 elatus,
1509 2370 1613 2404 armis
1641 2370 1760 2403 omni-

280 2420 351 2454 bus
378 2432 458 2454 cum
485 2414 562 2453 tot'o
593 2419 755 2452 exercitu
784 2421 995 2462 instructus,
1022 2419 1147 2453 urbem
1165 2418 1387 2464 triumphum
1417 2419 1552 2452 ducens
1578 2419 1761 2462 ingressus

283 2474 351 2509 est,
376 2468 557 2513 laetisque
584 2468 695 2501 totius
722 2468 880 2501 civitatis
906 2467 1055 2501 vocibus
1090 2473 1274 2513 exceptus,
1313 2467 1486 2510 Bulgaros
1510 2466 1610 2499 bello
1638 2471 1762 2511 captos

241 2541 254 2557 e
280 2516 543 2562 xylopanduris
571 2516 711 2549 vinctos
754 2515 793 2548 in
829 2526 907 2548 eam
932 2515 1083 2556 invexit,
1120 2526 1257 2560 eosque
1295 2513 1440 2547 demum
1476 2520 1576 2548 extra
1602 2513 1764 2555 Chrysen

281 2570 423 2610 portam
450 2576 470 2597 a
496 2563 637 2597 civibus
672 2563 790 2609 capite
822 2564 981 2596 truncari
1016 2563 1132 2597 iussit.
1198 2563 1338 2608 Bulgari
1366 2568 1486 2595 autem
1517 2561 1698 2595 seditione
1725 2561 1764 2594 in

283 2613 468 2647 Teletsem
494 2617 594 2645 mota
618 2612 736 2657 ipsum
770 2622 810 2644 ae
836 2617 982 2644 cunctos
1019 2611 1097 2644 eius
1132 2622 1301 2655 proceres
1330 2609 1513 2643 dederunt
1535 2610 1629 2649 neci,
1659 2608 1765 2641 Sabi-

282 2673 370 2694 num
398 2672 483 2693 vero
509 2659 683 2694 Cormesii
716 2658 897 2704 quondam
927 2659 1101 2704 principis
1127 2671 1295 2703 generum
1323 2659 1593 2692 constituerunt
1621 2656 1761 2689 ducem.

283 2721 364 2742 cnm
404 2720 488 2742 vero
516 2707 672 2742 Sabinus
706 2707 846 2750 legatos
876 2706 921 2739 de
946 2718 1034 2752 pace
1076 2706 1121 2739 ad
1146 2708 1402 2752 imperatorem
1432 2705 1622 2739 confestim
1650 2703 1765 2737 desti-

284 2761 416 2797 nasset,
445 2756 586 2801 Bulgari
634 2755 792 2789 comitiis
833 2754 968 2788 habitis
1006 2754 1143 2787 Sabino
1170 2755 1405 2800 pertinaciter
1433 2765 1470 2786 se
1503 2757 1764 2796 opposuerunt,

285 2804 501 2839 clamantes:
553 2804 718 2850 Bulgaria
745 2804 801 2838 tui
836 2814 944 2836 causa
969 2804 1209 2836 Romanorum
1237 2803 1415 2849 potestati
1442 2799 1669 2835 subiicienda
1696 2804 1761 2833 est.
