1820 3120
305 147 418 224 780
862 166 1213 210 THEOPHAle

298 285 408 311 συνα
437 263 530 321 ἅμα
550 265 780 326 Προκοπίᾳ
807 269 858 326 τῇ
884 265 1114 327 αὖγούστῃ,
1143 265 1473 328 ἄργυροπετάλῳ
1502 269 1661 324 λιτρῶν
1691 268 1785 312 ἐνε-

297 334 478 392 νήκοντα
509 337 633 379 πέντε
675 334 748 379 τὸν
785 334 901 391 ἱερὸν
941 336 1081 378 αυ’τοῦ’
1119 332 1256 393 τάφον
1286 335 1520 392 η’μφιάσεν.
1594 333 1702 391 μετὰ
1737 336 1784 378 δὲ

295 402 372 461 τήν
402 399 564 447 ἅλωσιν
591 406 883 460 Μεσημβρίας
912 403 1108 447 ἀπειπών
1145 402 1169 446 ὅ
1209 401 1414 458 βασιλευς
1441 405 1492 446 τὰ
1528 401 1637 460 πρὸς
1667 402 1785 460 εἰρὴ..

296 488 372 529 νην
407 473 666 529 Κρούμμου,
696 474 744 515 ἐκ
773 469 943 514 πάντων
970 474 1054 515 τῶν
1085 469 1288 526 θεμάτων
1317 469 1671 528 στρατολογήσας,
1703 471 1786 526 πρὸ

297 541 376 583 τοῦ
401 538 530 597 ἔαρος
557 541 618 590 εἰς
648 538 726 595 τὴν
748 538 923 599 Θρᾴκην
948 542 1247 595 παραιοῦσθαι
1275 541 1518 583 ἐκέλευσεν·
1548 537 1659 583 ὥστε
1681 538 1820 589 miv-5

257 621 373 659 (ζτας
388 609 699 664 δυσχεραίνειν,
726 605 913 663 μάλιστα
936 607 1038 659 τούς
1050 606 1353 659 Καππαδόκας
1372 610 1446 651 καί
1468 605 1788 663 Ἀρμενιακοός.

297 679 374 720 τοῦ
393 679 439 720 δὲ
455 680 665 731 βασιλέως
679 676 923 729 ἐξελθόντος
939 675 1048 730 μετὰ
1066 678 1153 719 τῶν
1171 674 1399 731 ταγμάτων
1409 678 1515 733 μηνί
1532 677 1665 734 ΠΙαΐῳ
1680 692 1786 718 συν-

297 748 474 801 εξῆλθεν
495 745 623 786 πάλιν
655 746 729 787 καί
746 745 977 800 Προκοπία
997 741 1022 801 ἦ
1045 741 1263 800 αὖγούστα
1295 743 1375 794 ἕως
1399 746 1484 786 τῶν
1506 743 1786 788 Ἀκιδούκτου

296 815 472 870 πλησίον
494 813 766 868 “Ηρακλείας.
839 811 891 856 τά
924 814 972 856 δὲ
1001 815 1146 869 πλήθη
1176 812 1249 856 ἐπὶ
1279 811 1418 872 τούτῳ
1449 811 1786 868 δυσχεραίνοντα

295 881 355 932 εἰς
386 882 637 938 δυσφημίαν
675 881 750 923 καί
787 882 1005 936 λοιδορίαν
1047 878 1293 937 ἐτράπησαν
1321 877 1429 923 κατὰ
1458 876 1657 936 Μιχαὴλ.
1734 880 1787 938 τῇ
1805 893 1818 923 ι

297 951 345 992 δὲ
377 948 413 991 δ’
439 951 516 991 τοῦ
552 951 701 992 ΠΙαΐου
725 948 859 1004 μηνός
900 947 1092 1003 ἔκλειψις
1121 947 1244 1004 ἡλίου
1273 950 1440 1004 γέγονεν
1472 950 1572 1002 περί
1599 946 1675 1005 τήν
1705 948 1787 990 δω·

297 1018 478 1074 δεκάτην
503 1023 661 1073 μοῖραν
692 1018 771 1060 τοῦ
802 1017 975 1073 Ταύρου
1017 1016 1126 1060 κατὰ
1156 1015 1230 1060 τὸν
1257 1014 1502 1072 ὦροσκόπον
1533 1017 1786 1060 α’νατέλλον-

297 1101 369 1135 τος
396 1087 471 1128 τοῦ
504 1085 648 1142 ἡλίου·
680 1086 754 1128 καί
781 1084 916 1136 πολύς
945 1083 1081 1143 φόβος
1097 1082 1223 1128 ἔπεσε
1242 1091 1329 1137 τοῖς
1361 1079 1518 1141 ὄχλοις.
1577 1081 1599 1126 ὅ
1632 1084 1679 1127 δὲ
1709 1087 1787 1140 βα-

296 1152 440 1204 σιλεὺς
467 1153 774 1210 περιεπόλευσε
804 1152 882 1211 τήν
901 1154 1075 1213 Θρᾴκην
1103 1151 1184 1198 σύν
1210 1158 1297 1205 τοῖς
1324 1158 1573 1210 στρατηγοῖς
1600 1153 1675 1196 καί
1700 1158 1789 1203 τοῖς

297 1222 607 1276 στρατεύμασι,
629 1220 736 1278 μήτε
762 1221 872 1266 κατὰ
895 1223 1190 1279 Μεσημβρίαν
1224 1221 1526 1277 ἀπερχόμενος,
1554 1221 1653 1277 μήτ’
1683 1216 1818 1263 ἄλλοι

254 1298 337 1333 Du
366 1291 451 1332 τῶν
497 1288 756 1346 ὀφειλόντων
795 1291 857 1341 εἰς
896 1293 1154 1347 καθαίρεσιν
1196 1292 1368 1346 ἐχθρῶν
1411 1288 1787 1346 διαπραττόμενος,

297 1356 392 1400 ἀλλ’
423 1351 450 1413 ἢ
476 1357 606 1411 μόνον
639 1356 897 1411 πειθόμενος
926 1357 1069 1414 λόγοις
1094 1358 1293 1413 ματαίοις
1321 1357 1407 1400 τῶν
1436 1356 1789 1412 ἀπειροπολέμων

298 1426 437 1467 αὐτοῦ
455 1422 715 1479 συμβούλων
734 1426 987 1483 φασκόντων
1004 1424 1064 1482 μὴ
1081 1427 1243 1485 τολμᾷν
1263 1424 1338 1469 τόν
1354 1422 1512 1481 ἐχθρὸν
1530 1426 1621 1467 κατ’
1651 1421 1790 1466 αὐτοῦ

297 1493 438 1535 ἐλθεῖν
459 1495 504 1536 ἐν
524 1496 572 1551 τῇ
591 1493 680 1552 ἰδίᾳ
695 1493 819 1553 χώρα
835 1495 1138 1549 καθεζομένου.
1169 1492 1245 1537 καί
1267 1489 1319 1550 ἦν
1339 1492 1607 1549 βαρβαρικῆς
1625 1489 1787 1549 ἐφόδου

295 1563 514 1619 βαρυτέρα
539 1560 667 1619 ἧτῶν
694 1559 929 1619 ὁμοφύλων
954 1560 1135 1619 πληθύς,
1161 1563 1469 1619 α’πορουμένων
1484 1561 1543 1611 εἰς
1562 1558 1639 1612 τὰς
1657 1558 1820 1614 nimy-2

400 1723 427 1745 ι.
455 1709 752 1760 ἄργυροπετὰλῳ
779 1712 819 1754 Α,
846 1710 1165 1759 ἇργυροπετάλων
1187 1712 1285 1758 vulg.
1394 1712 1426 1759 3.
1455 1710 1600 1746 ἅλωσιν
1625 1711 1666 1752 A,
1692 1707 1787 1747 ιῖνιὶ-

395 1761 516 1796 λωσιν
540 1760 639 1805 vulg.
760 1761 793 1795 8.
820 1765 885 1796 καὶ
907 1764 987 1808 HQ·
1015 1760 1155 1809 ἧΛύγ.
1182 1762 1223 1802 Α,
1263 1759 1284 1805 ἡ
1309 1762 1387 1806 Πρ.
1417 1758 1517 1807 Αὗγ.
1545 1759 1639 1805 vulg.
1749 1771 1785 1804 9.

393 1808 658 1904 ἑιὲιὲἔιξηνῖιιίἕτο
686 1810 740 1852 Α,
766 1808 901 1845 τούτου
925 1810 1022 1855 vulg.
1189 1810 1239 1844 15.
1270 1811 1525 1857 Μεσημβρίαν
1551 1809 1576 1843 Α
1592 1834 1602 1849 ,
1626 1810 1787 1854 Μεσημ-

302 1991 391 2024 chae
413 1990 554 2024 Tarasii
589 1990 850 2024 monasterium
891 2001 964 2024 una
991 2001 1072 2024 cum
1093 1990 1268 2036 Procopia
1305 1994 1456 2036 augusta
1491 1988 1689 2035 profectus,
1718 1986 1785 2021 de-

302 2039 421 2073 functi
447 2039 643 2073 memoriae
668 2039 772 2072 iustis
799 2038 1011 2085 parentatis‚
1037 2050 1177 2073 sacrum
1203 2038 1279 2073 eius
1298 2037 1531 2084 sepulchrum
1558 2037 1703 2071 laminis
1729 2048 1787 2070 ar-

304 2088 443 2133 genteis
479 2087 605 2134 pondo
644 2087 842 2133 nonaginta
883 2087 1047 2133 quinque
1089 2086 1266 2121 librarum
1303 2086 1543 2121 circumtexit.
1601 2091 1786 2119 caeterum

303 2135 522 2170 Mesembria
550 2136 721 2170 Romanis
762 2140 908 2182 erepta,
934 2136 1134 2182 imperator
1166 2135 1265 2183 pacis
1307 2134 1539 2170 conditiones
1572 2145 1592 2167 a
1617 2134 1785 2168 Crunnno

303 2184 445 2218 oblatas
470 2184 679 2230 repudians,
702 2185 900 2218 exercitum
927 2195 972 2218 ex
990 2184 1215 2219 thematibus
1232 2184 1370 2218 cunctis
1386 2183 1582 2218 collectum
1609 2183 1648 2216 in
1665 2181 1787 2217 Thra-

302 2233 395 2267 ciam
419 2233 524 2266 iussit
556 2233 745 2274 traiicere,
780 2231 882 2279 quod
909 2233 1032 2267 cuncti
1065 2233 1221 2267 moleste
1246 2232 1340 2267 ferre
1364 2232 1519 2266 maxime
1548 2230 1787 2278 Cappadoces

303 2288 416 2328 atque
443 2281 660 2315 Armeniaci.
710 2282 967 2326 imperatorem
998 2282 1123 2329 itaque
1151 2282 1328 2315 militares
1355 2280 1480 2326 copias
1507 2279 1595 2313 urbe
1621 2279 1786 2314 educen-

303 2336 399 2371 tem,
444 2329 622 2376 Procopia
653 2334 805 2375 augusta
830 2341 946 2376 usque
973 2329 1020 2363 ad
1058 2329 1307 2377 aquaeductus
1332 2329 1434 2362 iuxta
1468 2328 1673 2362 Heracliam
1697 2339 1788 2373 pro—

304 2383 459 2425 sequuta
487 2383 543 2412 est
559 2403 568 2420 ‚
615 2377 716 2425 quod
740 2377 878 2411 milites
904 2381 1101 2423 aegerrime
1125 2378 1242 2425 passi,
1267 2377 1521 2423 imperatorem
1549 2377 1722 2411 conviciis
1751 2380 1789 2410 et

304 2426 537 2462 contumeliis
551 2426 670 2472 palam
684 2424 926 2460 incessebant.
956 2427 1043 2460 Maii
1064 2438 1173 2473 porro
1188 2425 1322 2459 mensis
1348 2424 1409 2459 die
1430 2430 1560 2473 quarto
1578 2425 1664 2459 solis
1684 2423 1789 2458 defe-

305 2476 378 2510 ctio
405 2475 577 2520 contigit,
614 2474 696 2521 ipso
724 2473 926 2508 secundum
953 2474 1195 2521 horoscopum
1228 2473 1275 2507 ad
1300 2473 1448 2520 gradum
1473 2474 1584 2508 Tauri
1614 2472 1789 2507 duodeci-

305 2535 404 2559 mum
426 2524 637 2565 exoriente,
665 2534 711 2557 ex
735 2534 808 2570 quo
839 2527 956 2556 terror
983 2524 1110 2568 ingens
1147 2522 1305 2556 militum
1330 2522 1459 2556 animis
1488 2521 1668 2556 incubuit.
1717 2521 1790 2555 im-

305 2578 454 2620 perator
475 2577 597 2606 autem
623 2570 777 2606 ducibus
805 2575 843 2605 et
861 2571 1080 2606 militaribus
1101 2571 1292 2605 ordinibus
1318 2570 1472 2613 eductis,
1497 2570 1692 2605 Thraciam
1721 2568 1792 2603 ob-

307 2621 520 2663 ambulare,
546 2619 612 2655 sed
636 2631 758 2667 neque
782 2618 1037 2654 Mesembriam
1072 2619 1238 2665 aggredi,
1263 2630 1384 2666 neque
1410 2618 1645 2665 profligandis
1670 2617 1791 2651 hosti-

306 2669 374 2703 bus
397 2666 642 2703 necessarium
675 2668 864 2716 quippiam
900 2667 1023 2701 moliri
1052 2679 1159 2702 ausus
1197 2674 1272 2711 est;
1301 2668 1441 2702 insanis
1465 2667 1637 2701 nimirum
1668 2666 1790 2700 consi-

306 2717 493 2751 liariorum
521 2729 667 2751 suorum
693 2716 921 2751 sermonibus
958 2716 1068 2751 fidem
1094 2716 1285 2758 adhibens,
1322 2717 1385 2763 qui
1413 2727 1494 2750 cum
1523 2716 1609 2749 artis
1633 2714 1791 2748 bellicae

307 2765 415 2801 rudes
440 2767 550 2812 plane
582 2770 726 2806 essent,
754 2765 894 2799 hostem
919 2777 957 2800 in
985 2777 1064 2799 eum
1102 2766 1251 2799 minime
1278 2776 1528 2811 processurum
1554 2762 1791 2803 affirmabant,

309 2813 372 2850 sed
397 2815 520 2862 potius
540 2815 579 2848 in
606 2814 753 2862 propria
779 2814 927 2860 regione
953 2824 1096 2861 semper
1121 2824 1386 2849 consessurum.
1447 2823 1557 2862 porro
1581 2811 1791 2860 provincia-
