1768 3106
259 156 372 211 662
822 173 1172 216 THEOPHANJS

258 292 339 326 αις.
397 273 435 318 οἱ
468 277 513 317 δὲ
539 270 659 329 ὄχλοι
698 277 1005 327 σκεδασθέντες
1044 272 1297 332 αὐθημερὸν
1325 270 1496 333 ᾤχοντο,
1527 277 1740 331 φιλοτιμί-

257 359 326 392 αις
358 343 434 385 mix
461 342 764 398 εὖαριθμήτοις
797 343 1140 399 ἑφοδιασθὲντες.
1171 343 1244 385 καί
1273 340 1385 385 οὕτω
1415 341 1464 385 τὰ
1495 345 1569 398 τῆς
1600 343 1739 399 ἀρχῆς

255 413 313 469 τῷ
338 411 558 469 Ἀβὸελλᾷ
590 410 877 453 διευθύνεται.

43 473 241 519 Α·Μ·6“ὶ47
364 477 569 533 Ἀράβων
611 479 805 533 α’ρχηγοῦ
835 478 1068 535 Ἀβδελλᾶ,
1091 477 1259 534 Ῥώμης
1289 474 1521 521 ἐπισκόπου
1551 477 1737 521 Παύλου

254 545 345 595 ἔτος
374 545 427 588 α’.
1748 551 1768 591 5

117 611 237 657 V·237
370 610 518 670 Τούτῳ
558 615 616 668 τῷ
656 610 742 654 ἔτει
773 611 961 668 Νικήτας
1005 610 1029 654 ὅ
1063 608 1379 663 Ἱ-Ιλιουπόλεως
1418 609 1736 668 οἷνεθεματίσθη

206 677 334 722 Βῦπό
366 681 441 734 τῆς
473 681 696 735 ἐκκλησίας
723 677 875 734 πάσης.
935 679 958 721 ὅ
991 681 1039 722 δὲ
1066 679 1273 733 βασιλεύς
1301 682 1618 730 Κωνσταντϊνος
1648 678 1737 721 Σύ-

250 763 352 801 ρους
382 763 426 790 τε
470 749 545 789 καί
586 748 871 802 Ἀρμενίους,
914 745 988 796 οὓς
1018 742 1173 802 ἤγαγεν
1213 745 1296 789 α’πό
1335 747 1736 797 Θεοδοσιουπόλεως

248 813 323 856 καί
350 815 608 869 ΙΡΙελιτινῆς,
639 815 699 864 εἰς
735 815 808 869 τὴν
841 814 1014 871 Θρᾴκην
1039 813 1286 871 μετῴκισεν,
1329 815 1375 867 ἐξ
1404 808 1464 856 ὧν
1490 813 1733 870 ἑπλατύνθη

248 882 273 935 ἦ
304 883 467 936 αἵρεσις
502 883 585 922 τῶν
624 883 953 924 Παυλικιανῶν.
1029 880 1188 934 ὁμοίως
1229 883 1276 923 δὲ
1316 883 1389 924 καί
1429 884 1475 924 ἐν
1519 883 1569 940 τῇ
1598 881 1764 938 πόλει,ι

246 949 539 1004 ὀλιγωθὲντων
568 950 653 990 τῶν
681 946 911 1004 οἰκητόρων
941 949 1072 1004 αὐτῆς
1101 951 1147 991 ἐκ
1175 950 1252 991 τοῦ
1280 950 1531 1005 θανατικοῦ,
1562 944 1734 1004 ἤνεγκεν

246 1016 556 1073 συμφαμίλους
584 1018 630 1058 ὲκ
675 1018 760 1057 τῶν
789 1014 929 1071 νήσων
954 1019 1028 1059 καί
1052 1014 1249 1067 Ἑλλάδος
1277 1014 1349 1058 καί
1377 1020 1458 1059 τῶν
1490 1019 1735 1059 κατωτικαῖν

245 1085 403 1139 μεροῖν,
433 1082 508 1125 καί
537 1084 734 1138 ἐποίησεν
761 1086 1012 1139 κατοικῆσαι
1041 1082 1117 1139 τὴν
1159 1082 1283 1126 πόλιν
1313 1084 1387 1126 καί
1413 1082 1734 1126 κατεπύκνωσεν

246 1149 392 1206 αὐτήν.
450 1152 509 1207 τῷ
538 1152 574 1192 δ’
605 1149 723 1207 αὐτῷ
745 1147 888 1210 χρόνῳ
918 1150 1128 1208 ἐζήτησαν
1158 1149 1197 1194 οἶ
1214 1153 1463 1207 Βούλγαροι
1486 1149 1624 1194 noina
1659 1150 1731 1192 διὰ

247 1218 300 1259 τὰ
332 1219 556 1260 κτισθέντα
602 1215 792 1273 κάστρα·
867 1218 941 1261 καί
979 1220 1056 1261 τοῦ
1084 1222 1296 1273 βασιλέως
1342 1217 1632 1272 α’τιμάσαντος
1660 1217 1764 1261 τὸνι

118 1291 229 1326 Ι-’.36ι
249 1285 576 1341 α’ποκρισιάριον
620 1285 790 1342 αὐτῶν,
832 1287 1012 1342 ἐξῆλθον
1061 1289 1355 1343 φοσσατικῶς,
1384 1288 1458 1329 καί
1488 1282 1624 1342 ἦλθον
1654 1289 1734 1336 ἕως

247 1355 323 1395 τοῦ
349 1354 520 1408 μακροῦ
563 1351 760 1408 τείχους,
789 1352 899 1395 κατὰ
946 1356 1021 1409 τῆς
1049 1357 1270 1409 βασιλίδος
1300 1354 1461 1405 πόλεως
1489 1353 1566 1410 τήν
1595 1353 1735 1410 ὁρμὴν

246 1418 542 1477 ποιησάμενοι.
605 1419 766 1476 πολλὴν
799 1417 876 1463 οὖν
907 1416 1069 1464 ἅλωσιν
1099 1420 1382 1478 ἐργασάμενοι
1410 1423 1485 1465 καί
1511 1424 1733 1477 αἰχμαλω-

247 1490 345 1531 σιάν
372 1487 583 1545 λαβόντες,
610 1488 885 1544 ὑπέστρεψαν
916 1489 1123 1543 ἀβλαβεῖς
1157 1490 1217 1539 εἰς
1244 1489 1294 1532 τά
1328 1488 1434 1532 Hm.

34 1564 233 1608 AM-ssss-'iss
362 1553 508 1614 Τούτῳ
547 1558 606 1613 τῷ
644 1553 730 1598 ἔτει
769 1556 945 1610 σεισμὸς
988 1559 1152 1613 γέγονεν
1196 1559 1302 1601 κατὰ
1333 1556 1408 1614 τὴν
1435 1559 1768 1615 Παλαιστίνηνα

342 1696 374 1720 2.
405 1684 470 1722 οὐκ
494 1685 601 1731 εὖαρ.
627 1687 668 1728 A,
697 1685 811 1733 ἄναρ.
838 1688 934 1733 vulg.
1073 1689 1107 1722 3.
1134 1688 1186 1735 τῷ
1206 1687 1391 1737 ’Λβδελλᾷ
1426 1689 1665 1725 danabrum
1689 1691 1730 1732 A,

339 1735 406 1770 toi}
429 1733 598 1780 ’Λβδελᾶ
626 1736 810 1772 &wavra
837 1737 934 1781 vulg.
1041 1749 1076 1781 9.
1104 1734 1173 1779 τὴν
1197 1737 1280 1773 add.
1306 1749 1351 1771 ex
1379 1738 1418 1771 A.
1517 1738 1728 1782 ἐπλατύνθη

340 1784 382 1824 Α,
413 1782 630 1827 ἐπληθύνθη
667 1784 763 1828 vulg.
895 1795 945 1817 12.
988 1788 1258 1832 συμφαμίλους
1298 1786 1325 1818 Α
1367 1798 1398 1827 a,
1441 1788 1731 1834 συμφαιιιίλλους

339 1832 437 1913 ζιιόὶς.
468 1878 504 1925 lg
569 1835 622 1868 ιδ.
652 1831 781 1867 αὐτῶν
806 1831 891 1865 add.
919 1844 964 1866 ex
987 1834 1028 1865 A.
1132 1844 1190 1867 20.
1221 1833 1347 1881 Τούτῳ
1376 1833 1427 1881 τῷ
1450 1834 1491 1876 Α,
1517 1835 1570 1882 τῷ
1597 1834 1630 1869 δ’
1659 1833 1729 1869 αὗ-

363 1891 391 1925 ῳ
419 1891 465 1912 vu
507 1903 516 1911 .

242 1998 372 2035 verat,
408 1993 577 2027 manibus
616 1994 845 2028 interficitur.
906 1999 1048 2029 turmae
1081 2000 1202 2031 autem
1237 1995 1432 2041 dissipatae
1468 1996 1616 2031 summis
1640 1996 1730 2031 licet

244 2041 446 2074 honoribus
475 2041 681 2076 cumulatae
707 2042 866 2077 reditum
891 2043 1019 2077 eodem
1038 2042 1097 2077 die
1124 2050 1373 2090 susceperunt.
1402 2044 1463 2078 hic
1490 2045 1562 2078 fuit
1588 2044 1728 2079 Abdel-

246 2090 304 2122 lae
329 2090 477 2134 imperii
499 2089 601 2123 ordo.

53 2141 148 2175 A.C.
165 2144 230 2188 747
341 2137 501 2170 Arabum
526 2137 628 2171 ducis
653 2136 843 2178 Abdellae‚
871 2139 1003 2172 Romae
1035 2139 1197 2185 episcopi
1222 2139 1321 2174 Pauli
1351 2150 1466 2174 annus
1494 2139 1644 2184 primus.

338 2184 418 2218 Hoc
458 2197 552 2219 anno
593 2186 740 2219 Nicetas
772 2186 1013 2232 Heliopoleos
1051 2188 1244 2233 episcopus
1274 2188 1318 2220 ab
1353 2187 1522 2221 universo
1550 2188 1728 2221 ecclesiae

243 2237 351 2266 coetu
379 2232 612 2266 anathemate
639 2245 828 2279 percussus
855 2240 922 2268 est.
972 2235 1168 2280 imperator
1193 2241 1314 2269 autem
1340 2235 1609 2275 Constantinus,
1634 2247 1726 2281 quos

240 2279 532 2326 Theodosiopoli
573 2287 610 2315 et
636 2282 805 2316 Melitine
842 2283 948 2326 Syros
986 2289 1023 2317 et
1048 2283 1236 2317 Armenios
1278 2283 1426 2325 eduxit,
1454 2284 1493 2317 in
1531 2283 1727 2317 Thraciam

241 2328 442 2369 transtulit,
469 2327 602 2373 quibus
627 2330 918 2363 paulicianorum
952 2330 1110 2364 haeresis
1138 2337 1243 2365 aucta
1271 2337 1336 2364 est.
1364 2331 1455 2365 urbe
1484 2332 1622 2377 pariter
1645 2337 1726 2365 tota

240 2376 382 2410 civibus
422 2382 526 2421 peste
562 2376 718 2410 sublatis
757 2377 943 2418 destituta,
978 2391 1023 2412 ex
1047 2379 1189 2420 insulis,
1227 2378 1394 2420 Graecia,
1423 2385 1461 2413 et
1487 2379 1726 2412 inferioribus

239 2425 324 2458 aliis
350 2423 562 2469 regionibus
601 2425 740 2458 incolas
779 2425 870 2459 alios
901 2437 980 2459 cum
1006 2427 1155 2472 integris
1196 2427 1304 2460 etiam
1330 2427 1480 2461 familiis
1505 2433 1726 2471 asportatos,

237 2478 279 2506 ut
306 2484 384 2506 eam
409 2471 630 2513 habitarent,
666 2472 875 2514 transtulit,
904 2479 1016 2519 atque
1043 2475 1091 2507 ita
1131 2474 1267 2508 civibus
1295 2481 1334 2508 ut
1360 2475 1460 2521 prius
1489 2476 1658 2509 refertam
1684 2486 1726 2509 ac

235 2521 454 2566 populosam
487 2520 661 2554 reddidit.
724 2519 853 2553 eodem
888 2522 997 2554 etiam
1024 2534 1119 2555 auno
1154 2523 1299 2567 Bulgari
1327 2523 1374 2557 ob
1400 2535 1493 2557 nova
1517 2529 1635 2557 castra
1660 2534 1725 2555 ex-

236 2574 358 2602 tructa
382 2580 476 2603 nova
517 2580 664 2615 quoque
691 2573 796 2614 pacta
822 2570 1020 2614 postulant.
1049 2571 1267 2615 imperatore
1298 2571 1568 2616 apocrisiarium
1599 2582 1725 2604 eorum

234 2622 454 2661 spernente,
495 2617 565 2662 ipsi
595 2616 834 2661 ignominiam
862 2617 986 2658 ulturi,
1020 2617 1066 2651 ad
1108 2618 1255 2662 longum
1293 2630 1408 2664 usque
1434 2630 1575 2652 murum
1598 2630 1724 2653 versus

235 2664 364 2697 urbem
391 2676 473 2697 cum
496 2665 659 2698 exercitu
686 2664 780 2698 bene
802 2665 980 2700 instructo
998 2666 1216 2712 irrumpunt,
1245 2678 1451 2713 magnaque
1468 2673 1584 2712 strage
1611 2667 1722 2707 edita,

234 2718 272 2745 et
299 2712 536 2746 multitudine
564 2713 789 2758 captivorum
818 2711 987 2755 abducta,
1012 2713 1130 2747 illaesi
1169 2720 1206 2748 et
1232 2715 1432 2749 incolumes
1460 2715 1626 2761 proprias
1652 2714 1722 2748 do-

39 2802 80 2836 A.
97 2803 134 2837 C.
151 2765 526 2861 748ωοῗ1ἷῖἓρὲζῖἓ
547 2814 664 2842 terrae
690 2812 810 2842 motus
836 2807 938 2842 haud
963 2809 1051 2843 levis
1078 2811 1116 2844 in
1143 2811 1347 2845 Palaestina
1373 2816 1410 2845 et
1436 2810 1539 2856 Syria
1567 2809 1721 2854 contigit
