<?xml version="1.0" encoding="UTF-8"?>
<!DOCTYPE html PUBLIC "-//W3C//DTD XHTML 1.0 Transitional//EN"
    "http://www.w3.org/TR/xhtml1/DTD/xhtml1-transitional.dtd">
<html xmlns="http://www.w3.org/1999/xhtml" xml:lang="en" lang="en">
 <head>
  <title>
</title>
<meta http-equiv="Content-Type" content="text/html;charset=utf-8" />
  <meta name='ocr-system' content='tesseract 3.04.00' />
  <meta name='ocr-capabilities' content='ocr_page ocr_carea ocr_par ocr_line ocrx_word'/>
</head>
<body>
  <div class='ocr_page' id='page_1' title='image "./corpusscriptorum46niebuoft_0288.png"; bbox 0 0 1786 3204; ppageno 0'>
   <div class='ocr_carea' id='block_1_1' title="bbox 235 145 1138 205">
    <p class='ocr_par' dir='ltr' id='par_1_1' title="bbox 235 145 1138 205">
     <span class='ocr_line' id='line_1_1' title="bbox 235 145 1138 205; baseline 0.001 -2"><span class='ocrx_word' id='word_1_1' title='bbox 235 167 266 203; x_wconf 86' lang='lat'><strong>2</strong></span> <span class='ocrx_word' id='word_1_2' title='bbox 280 145 351 203; x_wconf 84' lang='lat'><strong><em>28</em></strong></span> <span class='ocrx_word' id='word_1_3' title='bbox 756 146 758 148; x_wconf 78' lang='grc'><strong>’</strong></span> <span class='ocrx_word' id='word_1_4' title='bbox 786 158 1138 205; x_wconf 78' lang='lat' dir='ltr'><strong>THEOPHAle</strong></span> 
     </span>
    </p>
   </div>
   <div class='ocr_carea' id='block_1_2' title="bbox 96 262 1786 1475">
    <p class='ocr_par' dir='ltr' id='par_1_2' title="bbox 96 262 1786 1475">
     <span class='ocr_line' id='line_1_2' title="bbox 230 262 1713 323; baseline -0.001 -13"><span class='ocrx_word' id='word_1_5' title='bbox 230 269 351 318; x_wconf 74' lang='grc' dir='ltr'><strong><em>δειάς</em></strong></span> <span class='ocrx_word' id='word_1_6' title='bbox 382 264 521 323; x_wconf 73' lang='grc' dir='ltr'><strong><em>πάσης</em></strong></span> <span class='ocrx_word' id='word_1_7' title='bbox 546 264 724 322; x_wconf 80' lang='grc' dir='ltr'><strong><em>χάριτος</em></strong></span> <span class='ocrx_word' id='word_1_8' title='bbox 738 268 848 309; x_wconf 78' lang='grc' dir='ltr'><strong><em>θεοῦ</em></strong></span> <span class='ocrx_word' id='word_1_9' title='bbox 876 266 1035 321; x_wconf 83' lang='grc' dir='ltr'><strong><em>πολλῆς</em></strong></span> <span class='ocrx_word' id='word_1_10' title='bbox 1062 264 1390 320; x_wconf 80' lang='grc' dir='ltr'><em>πεπληρωμένος</em></span> <span class='ocrx_word' id='word_1_11' title='bbox 1416 262 1491 307; x_wconf 81' lang='grc' dir='ltr'><strong><em>καί</em></strong></span> <span class='ocrx_word' id='word_1_12' title='bbox 1505 264 1713 322; x_wconf 68' lang='grc' dir='ltr'><strong><em>ἀνδρεῖος,</em></strong></span> 
     </span>
     <span class='ocr_line' id='line_1_3' title="bbox 224 326 1713 393; baseline -0.003 -14"><span class='ocrx_word' id='word_1_13' title='bbox 224 334 430 393; x_wconf 73' lang='grc' dir='ltr'><strong><em>Ἰλλιῖριος</em></strong></span> <span class='ocrx_word' id='word_1_14' title='bbox 460 336 541 389; x_wconf 86' lang='grc' dir='ltr'><strong><em>μὲν</em></strong></span> <span class='ocrx_word' id='word_1_15' title='bbox 568 335 626 393; x_wconf 72' lang='grc' dir='ltr'><strong><em>τῷ</em></strong></span> <span class='ocrx_word' id='word_1_16' title='bbox 653 335 783 389; x_wconf 85' lang='grc' dir='ltr'><strong><em>γένει,</em></strong></span> <span class='ocrx_word' id='word_1_17' title='bbox 819 329 918 376; x_wconf 81' lang='grc' dir='ltr'><strong><em>ὅθεν</em></strong></span> <span class='ocrx_word' id='word_1_18' title='bbox 946 333 1020 375; x_wconf 82' lang='grc' dir='ltr'>καί</span> <span class='ocrx_word' id='word_1_19' title='bbox 1047 328 1330 382; x_wconf 80' lang='grc' dir='ltr'><strong><em>Ἀναστάσιος</em></strong></span> <span class='ocrx_word' id='word_1_20' title='bbox 1361 326 1560 389; x_wconf 70' lang='grc' dir='ltr'><strong><em>ὥρμητο·</em></strong></span> <span class='ocrx_word' id='word_1_21' title='bbox 1614 337 1713 376; x_wconf 91' lang='grc' dir='ltr'><strong><em>πολ-</em></strong></span> 
     </span>
     <span class='ocr_line' id='line_1_4' title="bbox 231 396 1712 459; baseline -0.002 -12"><span class='ocrx_word' id='word_1_22' title='bbox 231 403 311 454; x_wconf 82' lang='grc' dir='ltr'><strong><em>λὰς</em></strong></span> <span class='ocrx_word' id='word_1_23' title='bbox 345 404 428 458; x_wconf 85' lang='grc' dir='ltr'><strong><em>μὲν</em></strong></span> <span class='ocrx_word' id='word_1_24' title='bbox 469 404 544 459; x_wconf 82' lang='grc' dir='ltr'><strong><em>τῆς</em></strong></span> <span class='ocrx_word' id='word_1_25' title='bbox 585 403 807 458; x_wconf 75' lang='grc' dir='ltr'><strong><em>Περσικῆς</em></strong></span> <span class='ocrx_word' id='word_1_26' title='bbox 844 401 993 456; x_wconf 84' lang='grc' dir='ltr'><strong><em>χώρας</em></strong></span> <span class='ocrx_word' id='word_1_27' title='bbox 1031 401 1106 441; x_wconf 87' lang='grc' dir='ltr'>καί</span> <span class='ocrx_word' id='word_1_28' title='bbox 1147 396 1339 455; x_wconf 78' lang='grc' dir='ltr'><strong><em>φρούρια</em></strong></span> <span class='ocrx_word' id='word_1_29' title='bbox 1371 399 1633 456; x_wconf 79' lang='grc' dir='ltr'><strong><em>ἐπιδραμών,</em></strong></span> <span class='ocrx_word' id='word_1_30' title='bbox 1659 399 1712 444; x_wconf 78' lang='grc' dir='ltr'><strong><em>τὰ</em></strong></span> 
     </span>
     <span class='ocr_line' id='line_1_5' title="bbox 233 462 1742 526; baseline -0.001 -12"><span class='ocrx_word' id='word_1_31' title='bbox 233 473 314 526; x_wconf 79' lang='grc' dir='ltr'><strong><em>μὲν</em></strong></span> <span class='ocrx_word' id='word_1_32' title='bbox 342 471 462 525; x_wconf 86' lang='grc' dir='ltr'><strong><em>πυρί,</em></strong></span> <span class='ocrx_word' id='word_1_33' title='bbox 509 467 563 513; x_wconf 79' lang='grc' dir='ltr'><strong><em>τοὶ</em></strong></span> <span class='ocrx_word' id='word_1_34' title='bbox 609 470 656 512; x_wconf 80' lang='grc' dir='ltr'><strong><em>δὲ</em></strong></span> <span class='ocrx_word' id='word_1_35' title='bbox 685 471 759 511; x_wconf 85' lang='grc' dir='ltr'><em>καί</em></span> <span class='ocrx_word' id='word_1_36' title='bbox 793 462 940 518; x_wconf 73' lang='grc' dir='ltr'><strong><em>ἄλλοις</em></strong></span> <span class='ocrx_word' id='word_1_37' title='bbox 976 469 1201 525; x_wconf 75' lang='grc' dir='ltr'><em>καθῃρέθη</em></span> <span class='ocrx_word' id='word_1_38' title='bbox 1240 467 1436 522; x_wconf 85' lang='grc' dir='ltr'><strong><em>τρόποις·</em></strong></span> <span class='ocrx_word' id='word_1_39' title='bbox 1507 464 1614 511; x_wconf 71' lang='grc' dir='ltr'><strong><em>ὥστε</em></strong></span> <span class='ocrx_word' id='word_1_40' title='bbox 1641 470 1742 513; x_wconf 75' lang='grc' dir='ltr'><strong><em>καί,</em></strong></span> 
     </span>
     <span class='ocr_line' id='line_1_6' title="bbox 193 534 1753 595; baseline -0.002 -13"><span class='ocrx_word' id='word_1_41' title='bbox 193 536 374 595; x_wconf 74' lang='grc' dir='ltr'><strong><em>Βαῦτὴν</em></strong></span> <span class='ocrx_word' id='word_1_42' title='bbox 397 536 584 594; x_wconf 79' lang='grc' dir='ltr'><strong><em>Νισίβην</em></strong></span> <span class='ocrx_word' id='word_1_43' title='bbox 611 539 768 593; x_wconf 83' lang='grc' dir='ltr'><em>μικροῦ</em></span> <span class='ocrx_word' id='word_1_44' title='bbox 803 538 890 579; x_wconf 70' lang='grc' dir='ltr'><strong><em>δεῖν</em></strong></span> <span class='ocrx_word' id='word_1_45' title='bbox 920 534 1001 577; x_wconf 75' lang='grc' dir='ltr'><strong><em>ὑπὸ</em></strong></span> <span class='ocrx_word' id='word_1_46' title='bbox 1025 534 1276 588; x_wconf 70' lang='grc' dir='ltr'><strong><em>“Ρωμαίους</em></strong></span> <span class='ocrx_word' id='word_1_47' title='bbox 1303 536 1533 589; x_wconf 83' lang='grc' dir='ltr'><strong><em>γενέσθαι·</em></strong></span> <span class='ocrx_word' id='word_1_48' title='bbox 1589 534 1753 591; x_wconf 61' lang='lat' dir='ltr'><strong><em>&amp;xpri-5</em></strong></span> 
     </span>
     <span class='ocr_line' id='line_1_7' title="bbox 233 599 1716 662; baseline -0.002 -14"><span class='ocrx_word' id='word_1_49' title='bbox 233 623 298 650; x_wconf 88' lang='grc' dir='ltr'><strong><em>τει</em></strong></span> <span class='ocrx_word' id='word_1_50' title='bbox 327 604 411 662; x_wconf 75' lang='grc' dir='ltr'><strong><em>γὰρ</em></strong></span> <span class='ocrx_word' id='word_1_51' title='bbox 440 606 516 647; x_wconf 83' lang='grc' dir='ltr'><em>καί</em></span> <span class='ocrx_word' id='word_1_52' title='bbox 532 603 679 659; x_wconf 87' lang='grc' dir='ltr'><strong><em>λοιμὸς</em></strong></span> <span class='ocrx_word' id='word_1_53' title='bbox 708 605 794 647; x_wconf 76' lang='grc' dir='ltr'><strong><em>τῶν</em></strong></span> <span class='ocrx_word' id='word_1_54' title='bbox 814 603 1043 659; x_wconf 76' lang='grc' dir='ltr'><strong><em>Περσικῶν</em></strong></span> <span class='ocrx_word' id='word_1_55' title='bbox 1068 607 1299 658; x_wconf 82' lang='grc' dir='ltr'><strong><em>τηνικαῦτα</em></strong></span> <span class='ocrx_word' id='word_1_56' title='bbox 1318 620 1330 633; x_wconf 86' lang='grc'><strong><em>·</em></strong></span> <span class='ocrx_word' id='word_1_57' title='bbox 1388 599 1479 645; x_wconf 81' lang='grc' dir='ltr'><strong><em>εἶτα</em></strong></span> <span class='ocrx_word' id='word_1_58' title='bbox 1509 604 1583 645; x_wconf 86' lang='grc' dir='ltr'><strong><em>καί</em></strong></span> <span class='ocrx_word' id='word_1_59' title='bbox 1609 604 1716 646; x_wconf 79' lang='grc' dir='ltr'><strong><em>ἐπα-</em></strong></span> 
     </span>
     <span class='ocr_line' id='line_1_8' title="bbox 233 669 1718 728; baseline -0.003 -10"><span class='ocrx_word' id='word_1_60' title='bbox 233 671 439 724; x_wconf 78' lang='grc' dir='ltr'><strong><em>νάστασις</em></strong></span> <span class='ocrx_word' id='word_1_61' title='bbox 482 673 631 723; x_wconf 65' lang='grc' dir='ltr'><strong><em>αὐτοῖς</em></strong></span> <span class='ocrx_word' id='word_1_62' title='bbox 667 673 1006 728; x_wconf 81' lang='grc' dir='ltr'><strong><em>ε’πισυμβέβηκεν</em></strong></span> <span class='ocrx_word' id='word_1_63' title='bbox 1036 669 1210 727; x_wconf 80' lang='grc' dir='ltr'><strong><em>ἑθνική,</em></strong></span> <span class='ocrx_word' id='word_1_64' title='bbox 1242 672 1326 713; x_wconf 78' lang='grc' dir='ltr'><strong><em>τῶν</em></strong></span> <span class='ocrx_word' id='word_1_65' title='bbox 1355 674 1593 726; x_wconf 89' lang='grc' dir='ltr'><strong><em>λεγομένων</em></strong></span> <span class='ocrx_word' id='word_1_66' title='bbox 1620 674 1718 714; x_wconf 87' lang='grc' dir='ltr'><strong><em>Κα-</em></strong></span> 
     </span>
     <span class='ocr_line' id='line_1_9' title="bbox 235 733 1720 795; baseline -0.002 -10"><span class='ocrx_word' id='word_1_67' title='bbox 235 744 421 786; x_wconf 81' lang='grc' dir='ltr'><strong><em>δουσίων</em></strong></span> <span class='ocrx_word' id='word_1_68' title='bbox 465 740 540 786; x_wconf 83' lang='grc' dir='ltr'><em>καί</em></span> <span class='ocrx_word' id='word_1_69' title='bbox 573 737 731 795; x_wconf 73' lang='grc' dir='ltr'><strong><em>ἑτέρων</em></strong></span> <span class='ocrx_word' id='word_1_70' title='bbox 759 741 918 791; x_wconf 79' lang='grc' dir='ltr'><strong><em>ἐθνῶν,</em></strong></span> <span class='ocrx_word' id='word_1_71' title='bbox 961 740 1036 780; x_wconf 87' lang='grc' dir='ltr'>καί</span> <span class='ocrx_word' id='word_1_72' title='bbox 1077 733 1211 788; x_wconf 74' lang='grc' dir='ltr'><strong><em>οὕτως</em></strong></span> <span class='ocrx_word' id='word_1_73' title='bbox 1255 738 1401 789; x_wconf 67' lang='grc' dir='ltr'><strong><em>ἁπλαῖς</em></strong></span> <span class='ocrx_word' id='word_1_74' title='bbox 1444 740 1720 794; x_wconf 79' lang='grc' dir='ltr'><strong><em>ἐπικρατοῦσι</em></strong></span> 
     </span>
     <span class='ocr_line' id='line_1_10' title="bbox 232 804 1720 864; baseline -0.003 -11"><span class='ocrx_word' id='word_1_75' title='bbox 232 812 316 853; x_wconf 73' lang='grc' dir='ltr'><strong><em>τῶν</em></strong></span> <span class='ocrx_word' id='word_1_76' title='bbox 345 810 579 864; x_wconf 80' lang='grc' dir='ltr'><strong><em>Περσικῶν</em></strong></span> <span class='ocrx_word' id='word_1_77' title='bbox 609 808 869 864; x_wconf 79' lang='grc' dir='ltr'><strong><em>πραγμάτων</em></strong></span> <span class='ocrx_word' id='word_1_78' title='bbox 893 806 1123 861; x_wconf 69' lang='grc' dir='ltr'><strong><em>εΡωμαῖοι,</em></strong></span> <span class='ocrx_word' id='word_1_79' title='bbox 1154 804 1212 857; x_wconf 67' lang='grc' dir='ltr'><strong><em>οἷς</em></strong></span> <span class='ocrx_word' id='word_1_80' title='bbox 1242 807 1489 850; x_wconf 82' lang='grc' dir='ltr'><strong><em>α’ποστεῑλαι</em></strong></span> <span class='ocrx_word' id='word_1_81' title='bbox 1510 805 1720 863; x_wconf 76' lang='grc' dir='ltr'><strong><em>Καβὰὃην</em></strong></span> 
     </span>
     <span class='ocr_line' id='line_1_11' title="bbox 233 874 1785 933; baseline -0.003 -12"><span class='ocrx_word' id='word_1_82' title='bbox 233 879 455 921; x_wconf 86' lang='grc' dir='ltr'><strong><em>Ἀσπέτιον</em></strong></span> <span class='ocrx_word' id='word_1_83' title='bbox 481 874 713 933; x_wconf 87' lang='grc' dir='ltr'><strong><em>στρατηγὸν</em></strong></span> <span class='ocrx_word' id='word_1_84' title='bbox 739 876 842 931; x_wconf 81' lang='grc' dir='ltr'><strong><em>περί</em></strong></span> <span class='ocrx_word' id='word_1_85' title='bbox 867 874 1035 931; x_wconf 80' lang='grc' dir='ltr'><strong><em>εἰρήνης</em></strong></span> <span class='ocrx_word' id='word_1_86' title='bbox 1064 875 1420 929; x_wconf 79' lang='grc' dir='ltr'><strong><em>ἐσπουδασμένως</em></strong></span> <span class='ocrx_word' id='word_1_87' title='bbox 1438 876 1719 931; x_wconf 72' lang='grc' dir='ltr'><strong><em>διαλεχθῆναι</em></strong></span> <span class='ocrx_word' id='word_1_88' title='bbox 1739 890 1785 916; x_wconf 85' lang='lat'><strong><em>10</em></strong></span> 
     </span>
     <span class='ocr_line' id='line_1_12' title="bbox 229 940 1723 999; baseline -0.003 -11"><span class='ocrx_word' id='word_1_89' title='bbox 229 944 482 999; x_wconf 71' lang='grc' dir='ltr'><strong><em>“.Ρωμαίοις.</em></strong></span> <span class='ocrx_word' id='word_1_90' title='bbox 556 944 633 985; x_wconf 82' lang='grc' dir='ltr'><em>καί</em></span> <span class='ocrx_word' id='word_1_91' title='bbox 659 945 699 986; x_wconf 85' lang='grc' dir='ltr'><strong><em>εἰ</em></strong></span> <span class='ocrx_word' id='word_1_92' title='bbox 733 944 870 999; x_wconf 77' lang='grc' dir='ltr'><strong><em>μηδὲν</em></strong></span> <span class='ocrx_word' id='word_1_93' title='bbox 915 943 1053 997; x_wconf 77' lang='grc' dir='ltr'><strong><em>ὀλίγον</em></strong></span> <span class='ocrx_word' id='word_1_94' title='bbox 1084 958 1127 984; x_wconf 92' lang='grc' dir='ltr'><strong><em>τι</em></strong></span> <span class='ocrx_word' id='word_1_95' title='bbox 1163 940 1456 996; x_wconf 86' lang='grc' dir='ltr'><strong><em>κομιζόμενον,</em></strong></span> <span class='ocrx_word' id='word_1_96' title='bbox 1485 942 1723 984; x_wconf 76' lang='grc' dir='ltr'><strong><em>ἀποδοῦναι</em></strong></span> 
     </span>
     <span class='ocr_line' id='line_1_13' title="bbox 236 1006 1725 1066; baseline -0.001 -12"><span class='ocrx_word' id='word_1_97' title='bbox 236 1011 311 1055; x_wconf 87' lang='grc' dir='ltr'><em>καί</em></span> <span class='ocrx_word' id='word_1_98' title='bbox 327 1008 521 1066; x_wconf 75' lang='grc' dir='ltr'><strong><em>’Ἀμιδαν</em></strong></span> <span class='ocrx_word' id='word_1_99' title='bbox 548 1012 697 1060; x_wconf 74' lang='grc' dir='ltr'><strong><em>αΰτοῖς</em></strong></span> <span class='ocrx_word' id='word_1_100' title='bbox 738 1006 859 1052; x_wconf 74' lang='grc' dir='ltr'><strong><em>οὔπω</em></strong></span> <span class='ocrx_word' id='word_1_101' title='bbox 901 1011 1121 1066; x_wconf 76' lang='grc' dir='ltr'><strong><em>δυνηθεῖσι</em></strong></span> <span class='ocrx_word' id='word_1_102' title='bbox 1157 1008 1263 1064; x_wconf 80' lang='grc' dir='ltr'><strong><em>μετὰ</em></strong></span> <span class='ocrx_word' id='word_1_103' title='bbox 1285 1011 1455 1066; x_wconf 80' lang='grc' dir='ltr'><strong><em>μυρίων</em></strong></span> <span class='ocrx_word' id='word_1_104' title='bbox 1483 1009 1623 1053; x_wconf 82' lang='grc' dir='ltr'><strong><em>πόνων</em></strong></span> <span class='ocrx_word' id='word_1_105' title='bbox 1650 1009 1725 1053; x_wconf 77' lang='grc' dir='ltr'><strong><em>καὶ</em></strong></span> 
     </span>
     <span class='ocr_line' id='line_1_14' title="bbox 237 1071 1753 1136; baseline -0.001 -14"><span class='ocrx_word' id='word_1_106' title='bbox 237 1082 399 1134; x_wconf 77' lang='grc' dir='ltr'><strong><em>λοιμῶν</em></strong></span> <span class='ocrx_word' id='word_1_107' title='bbox 447 1074 528 1136; x_wconf 71' lang='grc' dir='ltr'><strong><em>ἤδη</em></strong></span> <span class='ocrx_word' id='word_1_108' title='bbox 570 1078 940 1135; x_wconf 75' lang='grc' dir='ltr'><strong><em>ἐπικρατησάντων</em></strong></span> <span class='ocrx_word' id='word_1_109' title='bbox 979 1078 1209 1136; x_wconf 78' lang='grc' dir='ltr'><strong><em>φυλάκων,</em></strong></span> <span class='ocrx_word' id='word_1_110' title='bbox 1250 1075 1334 1120; x_wconf 84' lang='grc' dir='ltr'><strong><em>α’πό</em></strong></span> <span class='ocrx_word' id='word_1_111' title='bbox 1372 1080 1560 1134; x_wconf 76' lang='grc' dir='ltr'><strong><em>Περσῶν</em></strong></span> <span class='ocrx_word' id='word_1_112' title='bbox 1589 1071 1753 1134; x_wconf 35' lang='lat' dir='ltr'><strong><em>athriv-</em></strong></span> 
     </span>
     <span class='ocr_line' id='line_1_15' title="bbox 238 1145 1724 1203; baseline -0.002 -12"><span class='ocrx_word' id='word_1_113' title='bbox 238 1150 488 1203; x_wconf 73' lang='grc' dir='ltr'><strong><em>ἐξελέσθαι,</em></strong></span> <span class='ocrx_word' id='word_1_114' title='bbox 534 1148 608 1190; x_wconf 88' lang='grc' dir='ltr'><em>καί</em></span> <span class='ocrx_word' id='word_1_115' title='bbox 647 1146 720 1189; x_wconf 84' lang='grc' dir='ltr'><strong><em>διὰ</em></strong></span> <span class='ocrx_word' id='word_1_116' title='bbox 750 1145 825 1202; x_wconf 77' lang='grc' dir='ltr'><strong><em>τὴν</em></strong></span> <span class='ocrx_word' id='word_1_117' title='bbox 857 1147 935 1188; x_wconf 79' lang='grc' dir='ltr'><strong><em>τοῦ</em></strong></span> <span class='ocrx_word' id='word_1_118' title='bbox 963 1145 1096 1188; x_wconf 85' lang='grc' dir='ltr'><strong><em>τόπου</em></strong></span> <span class='ocrx_word' id='word_1_119' title='bbox 1134 1146 1258 1188; x_wconf 90' lang='grc' dir='ltr'><strong><em>θέσιν</em></strong></span> <span class='ocrx_word' id='word_1_120' title='bbox 1287 1147 1363 1188; x_wconf 87' lang='grc' dir='ltr'><strong><em>καί</em></strong></span> <span class='ocrx_word' id='word_1_121' title='bbox 1381 1145 1426 1188; x_wconf 88' lang='grc' dir='ltr'><strong><em>τὸ</em></strong></span> <span class='ocrx_word' id='word_1_122' title='bbox 1453 1146 1540 1188; x_wconf 78' lang='grc' dir='ltr'><strong><em>τῶν</em></strong></span> <span class='ocrx_word' id='word_1_123' title='bbox 1569 1147 1724 1200; x_wconf 76' lang='grc' dir='ltr'><strong><em>τειχῶν</em></strong></span> 
     </span>
     <span class='ocr_line' id='line_1_16' title="bbox 96 1212 1786 1270; baseline -0.003 -12"><span class='ocrx_word' id='word_1_124' title='bbox 96 1222 140 1258; x_wconf 90' lang='lat' dir='ltr'><strong><em>V.</em></strong></span> <span class='ocrx_word' id='word_1_125' title='bbox 163 1233 226 1256; x_wconf 83' lang='lat'><strong><em>102</em></strong></span> <span class='ocrx_word' id='word_1_126' title='bbox 240 1213 518 1258; x_wconf 84' lang='grc' dir='ltr'><strong><em>οἷκατοίλυτον.</em></strong></span> <span class='ocrx_word' id='word_1_127' title='bbox 577 1212 688 1270; x_wconf 75' lang='grc' dir='ltr'><strong><em>πλὴν</em></strong></span> <span class='ocrx_word' id='word_1_128' title='bbox 712 1213 752 1256; x_wconf 84' lang='grc' dir='ltr'><strong><em>οἱ</em></strong></span> <span class='ocrx_word' id='word_1_129' title='bbox 783 1215 1019 1270; x_wconf 76' lang='grc' dir='ltr'><strong><em>στρατηγοί</em></strong></span> <span class='ocrx_word' id='word_1_130' title='bbox 1041 1214 1236 1268; x_wconf 77' lang='grc' dir='ltr'><strong><em>χειμῶνα</em></strong></span> <span class='ocrx_word' id='word_1_131' title='bbox 1264 1213 1390 1256; x_wconf 79' lang='grc' dir='ltr'><strong><em>πάλιν</em></strong></span> <span class='ocrx_word' id='word_1_132' title='bbox 1419 1213 1599 1270; x_wconf 74' lang='grc' dir='ltr'><strong><em>δρῶντες</em></strong></span> <span class='ocrx_word' id='word_1_133' title='bbox 1631 1214 1721 1256; x_wconf 73' lang='grc' dir='ltr'><strong><em>ἐπι·</em></strong></span> <span class='ocrx_word' id='word_1_134' title='bbox 1743 1218 1786 1260; x_wconf 82' lang='lat'><strong><em>15</em></strong></span> 
     </span>
     <span class='ocr_line' id='line_1_17' title="bbox 201 1270 1725 1339; baseline -0.001 -15"><span class='ocrx_word' id='word_1_135' title='bbox 201 1270 342 1326; x_wconf 65' lang='lat' dir='ltr'><strong><em>Cdvra</em></strong></span> <span class='ocrx_word' id='word_1_136' title='bbox 372 1282 445 1325; x_wconf 84' lang='grc' dir='ltr'>καί</span> <span class='ocrx_word' id='word_1_137' title='bbox 484 1279 767 1339; x_wconf 76' lang='grc' dir='ltr'><strong><em>αἱρετώτερον</em></strong></span> <span class='ocrx_word' id='word_1_138' title='bbox 803 1277 914 1323; x_wconf 83' lang='grc' dir='ltr'><strong><em>εἶναι</em></strong></span> <span class='ocrx_word' id='word_1_139' title='bbox 942 1279 1159 1337; x_wconf 78' lang='grc' dir='ltr'><strong><em>κρίναντες</em></strong></span> <span class='ocrx_word' id='word_1_140' title='bbox 1189 1277 1342 1337; x_wconf 85' lang='grc' dir='ltr'><strong><em>ὄλίγων</em></strong></span> <span class='ocrx_word' id='word_1_141' title='bbox 1375 1281 1593 1324; x_wconf 80' lang='grc' dir='ltr'><strong><em>ταλάντων</em></strong></span> <span class='ocrx_word' id='word_1_142' title='bbox 1622 1282 1725 1333; x_wconf 78' lang='grc' dir='ltr'><strong><em>ἐξω-</em></strong></span> 
     </span>
     <span class='ocr_line' id='line_1_18' title="bbox 237 1347 1728 1407; baseline -0.001 -13"><span class='ocrx_word' id='word_1_143' title='bbox 237 1349 456 1407; x_wconf 84' lang='grc' dir='ltr'><strong><em>νήσασθαι</em></strong></span> <span class='ocrx_word' id='word_1_144' title='bbox 499 1348 546 1392; x_wconf 84' lang='grc' dir='ltr'><strong><em>τὸ</em></strong></span> <span class='ocrx_word' id='word_1_145' title='bbox 583 1347 833 1404; x_wconf 85' lang='grc' dir='ltr'><strong><em>Ῥωμαϊκὸν</em></strong></span> <span class='ocrx_word' id='word_1_146' title='bbox 864 1349 1156 1405; x_wconf 76' lang='grc' dir='ltr'><strong><em>στρατόπεδον</em></strong></span> <span class='ocrx_word' id='word_1_147' title='bbox 1189 1350 1237 1391; x_wconf 83' lang='grc' dir='ltr'><strong><em>ἐκ</em></strong></span> <span class='ocrx_word' id='word_1_148' title='bbox 1281 1350 1361 1391; x_wconf 76' lang='grc' dir='ltr'><strong><em>τοῦ</em></strong></span> <span class='ocrx_word' id='word_1_149' title='bbox 1386 1352 1612 1406; x_wconf 79' lang='grc' dir='ltr'><strong><em>χειμερίου</em></strong></span> <span class='ocrx_word' id='word_1_150' title='bbox 1641 1351 1728 1392; x_wconf 75' lang='grc' dir='ltr'><strong><em>τῶν</em></strong></span> 
     </span>
     <span class='ocr_line' id='line_1_19' title="bbox 239 1413 1735 1475; baseline -0.002 -13"><span class='ocrx_word' id='word_1_151' title='bbox 239 1415 405 1474; x_wconf 87' lang='grc' dir='ltr'><strong><em>τόπων,</em></strong></span> <span class='ocrx_word' id='word_1_152' title='bbox 451 1419 495 1462; x_wconf 80' lang='grc' dir='ltr'><strong><em>έν</em></strong></span> <span class='ocrx_word' id='word_1_153' title='bbox 535 1413 599 1468; x_wconf 82' lang='grc' dir='ltr'><strong><em>οἷς</em></strong></span> <span class='ocrx_word' id='word_1_154' title='bbox 631 1415 672 1460; x_wconf 84' lang='grc' dir='ltr'><strong><em>οἱ</em></strong></span> <span class='ocrx_word' id='word_1_155' title='bbox 720 1414 828 1475; x_wconf 84' lang='grc' dir='ltr'><strong><em>πρὸς</em></strong></span> <span class='ocrx_word' id='word_1_156' title='bbox 870 1416 1090 1461; x_wconf 85' lang='grc' dir='ltr'><strong><em>Ἀσπέτιον</em></strong></span> <span class='ocrx_word' id='word_1_157' title='bbox 1134 1418 1317 1473; x_wconf 83' lang='grc' dir='ltr'><strong><em>ἐγίνοντο</em></strong></span> <span class='ocrx_word' id='word_1_158' title='bbox 1345 1415 1475 1474; x_wconf 79' lang='grc' dir='ltr'><strong><em>λόγοι,</em></strong></span> <span class='ocrx_word' id='word_1_159' title='bbox 1502 1413 1735 1475; x_wconf 83' lang='grc' dir='ltr'><strong><em>τριάκοντα,</em></strong></span> 
     </span>
    </p>
   </div>
   <div class='ocr_carea' id='block_1_3' title="bbox 334 1571 1738 1915">
    <p class='ocr_par' dir='ltr' id='par_1_3' title="bbox 334 1571 1738 1915">
     <span class='ocr_line' id='line_1_20' title="bbox 344 1571 1729 1627; baseline -0.001 -15"><span class='ocrx_word' id='word_1_160' title='bbox 344 1590 372 1612; x_wconf 85' lang='lat'><strong><em>1.</em></strong></span> <span class='ocrx_word' id='word_1_161' title='bbox 397 1578 492 1614; x_wconf 79' lang='grc' dir='ltr'><strong><em>θεοῦ</em></strong></span> <span class='ocrx_word' id='word_1_162' title='bbox 519 1590 586 1613; x_wconf 90' lang='lat' dir='ltr'><strong><em>om.</em></strong></span> <span class='ocrx_word' id='word_1_163' title='bbox 611 1578 652 1612; x_wconf 87' lang='lat' dir='ltr'><strong><em>A.</em></strong></span> <span class='ocrx_word' id='word_1_164' title='bbox 774 1588 807 1611; x_wconf 86' lang='lat'><strong><em>2.</em></strong></span> <span class='ocrx_word' id='word_1_165' title='bbox 837 1579 975 1613; x_wconf 82' lang='grc' dir='ltr'><strong><em>πολλαὶ</em></strong></span> <span class='ocrx_word' id='word_1_166' title='bbox 997 1579 1039 1613; x_wconf 90' lang='lat' dir='ltr'><strong><em>A.</em></strong></span> <span class='ocrx_word' id='word_1_167' title='bbox 1182 1580 1216 1614; x_wconf 82' lang='lat'><strong><em>3.</em></strong></span> <span class='ocrx_word' id='word_1_168' title='bbox 1246 1571 1488 1627; x_wconf 70' lang='grc' dir='ltr'><strong><em>ἐπιδραμών]</em></strong></span> <span class='ocrx_word' id='word_1_169' title='bbox 1518 1571 1729 1626; x_wconf 71' lang='grc' dir='ltr'><strong><em>ἐπιδρομάς</em></strong></span> 
     </span>
     <span class='ocr_line' id='line_1_21' title="bbox 339 1623 1729 1672; baseline -0.002 -10"><span class='ocrx_word' id='word_1_170' title='bbox 339 1627 489 1663; x_wconf 76' lang='grc' dir='ltr'><strong><em>ἔπαθον</em></strong></span> <span class='ocrx_word' id='word_1_171' title='bbox 504 1627 545 1660; x_wconf 91' lang='grc' dir='ltr'><strong><em>Α.</em></strong></span> <span class='ocrx_word' id='word_1_172' title='bbox 695 1626 726 1669; x_wconf 76' lang='grc'><strong><em>4.</em></strong></span> <span class='ocrx_word' id='word_1_173' title='bbox 753 1625 878 1665; x_wconf 79' lang='grc' dir='ltr'><strong><em>ἄλλοις</em></strong></span> <span class='ocrx_word' id='word_1_174' title='bbox 903 1631 990 1662; x_wconf 76' lang='grc' dir='ltr'><strong><em>καθ.</em></strong></span> <span class='ocrx_word' id='word_1_175' title='bbox 1018 1629 1068 1670; x_wconf 91' lang='lat' dir='ltr'><strong><em>A,</em></strong></span> <span class='ocrx_word' id='word_1_176' title='bbox 1095 1623 1220 1666; x_wconf 77' lang='grc' dir='ltr'><strong><em>ἄλλοις</em></strong></span> <span class='ocrx_word' id='word_1_177' title='bbox 1257 1630 1321 1662; x_wconf 83' lang='grc' dir='ltr'><strong><em>καὶ</em></strong></span> <span class='ocrx_word' id='word_1_178' title='bbox 1349 1630 1436 1662; x_wconf 73' lang='grc' dir='ltr'><strong><em>καθ.</em></strong></span> <span class='ocrx_word' id='word_1_179' title='bbox 1462 1627 1559 1672; x_wconf 86' lang='lat' dir='ltr'>vulg.</span> <span class='ocrx_word' id='word_1_180' title='bbox 1721 1651 1729 1659; x_wconf 87' lang='lat'><strong>.</strong></span> 
     </span>
     <span class='ocr_line' id='line_1_22' title="bbox 334 1670 1730 1723; baseline -0.003 -13"><span class='ocrx_word' id='word_1_181' title='bbox 334 1674 543 1722; x_wconf 78' lang='grc' dir='ltr'><strong><em>Ῥωμαίους</em></strong></span> <span class='ocrx_word' id='word_1_182' title='bbox 568 1674 619 1716; x_wconf 90' lang='grc' dir='ltr'><strong><em>Α,</em></strong></span> <span class='ocrx_word' id='word_1_183' title='bbox 642 1672 839 1722; x_wconf 83' lang='grc' dir='ltr'><strong><em>Ῥωμαίων</em></strong></span> <span class='ocrx_word' id='word_1_184' title='bbox 860 1675 956 1721; x_wconf 83' lang='lat' dir='ltr'>vulg.</span> <span class='ocrx_word' id='word_1_185' title='bbox 1097 1676 1130 1708; x_wconf 91' lang='lat'><strong><em>6.</em></strong></span> <span class='ocrx_word' id='word_1_186' title='bbox 1161 1671 1294 1723; x_wconf 81' lang='grc' dir='ltr'><strong><em>λοιμὸς</em></strong></span> <span class='ocrx_word' id='word_1_187' title='bbox 1320 1675 1349 1709; x_wconf 87' lang='lat' dir='ltr'><strong>A</strong></span> <span class='ocrx_word' id='word_1_188' title='bbox 1375 1687 1395 1709; x_wconf 93' lang='lat' dir='ltr'><strong>e</strong></span> <span class='ocrx_word' id='word_1_189' title='bbox 1422 1674 1456 1717; x_wconf 90' lang='lat' dir='ltr'><strong><em>f,</em></strong></span> <span class='ocrx_word' id='word_1_190' title='bbox 1495 1670 1607 1723; x_wconf 80' lang='grc' dir='ltr'><strong><em>λιμὸς</em></strong></span> <span class='ocrx_word' id='word_1_191' title='bbox 1631 1675 1730 1719; x_wconf 79' lang='lat' dir='ltr'>vulg.</span> 
     </span>
     <span class='ocr_line' id='line_1_23' title="bbox 339 1722 1734 1771; baseline 0.001 -15"><span class='ocrx_word' id='word_1_192' title='bbox 339 1736 374 1769; x_wconf 88' lang='lat'><strong><em>9.</em></strong></span> <span class='ocrx_word' id='word_1_193' title='bbox 396 1724 577 1771; x_wconf 86' lang='grc' dir='ltr'><strong><em>Ῥωμαῖοι</em></strong></span> <span class='ocrx_word' id='word_1_194' title='bbox 603 1722 687 1755; x_wconf 87' lang='lat' dir='ltr'>add.</span> <span class='ocrx_word' id='word_1_195' title='bbox 716 1734 759 1756; x_wconf 86' lang='lat' dir='ltr'><strong>ex</strong></span> <span class='ocrx_word' id='word_1_196' title='bbox 787 1724 827 1756; x_wconf 89' lang='lat' dir='ltr'><strong><em>A.</em></strong></span> <span class='ocrx_word' id='word_1_197' title='bbox 981 1735 1032 1757; x_wconf 82' lang='grc' dir='ltr'><strong><em>ιι.</em></strong></span> <span class='ocrx_word' id='word_1_198' title='bbox 1062 1724 1310 1771; x_wconf 85' lang='grc' dir='ltr'><strong><em>κομιζόμενος</em></strong></span> <span class='ocrx_word' id='word_1_199' title='bbox 1336 1724 1378 1757; x_wconf 87' lang='grc' dir='ltr'><strong><em>Α.</em></strong></span> <span class='ocrx_word' id='word_1_200' title='bbox 1506 1724 1559 1758; x_wconf 78' lang='grc'><strong><em>13.</em></strong></span> <span class='ocrx_word' id='word_1_201' title='bbox 1589 1724 1734 1771; x_wconf 77' lang='grc' dir='ltr'><strong><em>λοιμῶν</em></strong></span> 
     </span>
     <span class='ocr_line' id='line_1_24' title="bbox 340 1767 1735 1820; baseline -0.001 -14"><span class='ocrx_word' id='word_1_202' title='bbox 340 1770 408 1815; x_wconf 71' lang='grc' dir='ltr'><strong><em>ἤδη</em></strong></span> <span class='ocrx_word' id='word_1_203' title='bbox 437 1769 773 1817; x_wconf 75' lang='grc' dir='ltr'><strong><em>ἐπικρατησάντων</em></strong></span> <span class='ocrx_word' id='word_1_204' title='bbox 800 1771 824 1812; x_wconf 83' lang='lat' dir='ltr'><strong><em>f,</em></strong></span> <span class='ocrx_word' id='word_1_205' title='bbox 852 1771 972 1820; x_wconf 77' lang='grc' dir='ltr'><strong><em>λοιμῷ</em></strong></span> <span class='ocrx_word' id='word_1_206' title='bbox 1001 1770 1068 1816; x_wconf 73' lang='grc' dir='ltr'><strong><em>ἤδη</em></strong></span> <span class='ocrx_word' id='word_1_207' title='bbox 1099 1771 1439 1820; x_wconf 77' lang='grc' dir='ltr'><strong><em>ἐπικρατησάντων</em></strong></span> <span class='ocrx_word' id='word_1_208' title='bbox 1467 1772 1506 1813; x_wconf 86' lang='grc' dir='ltr'><strong><em>Α,</em></strong></span> <span class='ocrx_word' id='word_1_209' title='bbox 1531 1767 1642 1820; x_wconf 83' lang='grc' dir='ltr'><strong><em>λιμὸν</em></strong></span> <span class='ocrx_word' id='word_1_210' title='bbox 1668 1771 1735 1815; x_wconf 74' lang='grc' dir='ltr'><strong><em>ἤδη</em></strong></span> 
     </span>
     <span class='ocr_line' id='line_1_25' title="bbox 341 1814 1738 1868; baseline 0.001 -14"><span class='ocrx_word' id='word_1_211' title='bbox 341 1820 652 1868; x_wconf 66' lang='grc' dir='ltr'><strong><em>ἐπικρατήσαντος</em></strong></span> <span class='ocrx_word' id='word_1_212' title='bbox 679 1819 757 1855; x_wconf 79' lang='grc' dir='ltr'><strong><em>τῶν</em></strong></span> <span class='ocrx_word' id='word_1_213' title='bbox 782 1820 878 1865; x_wconf 84' lang='lat' dir='ltr'><strong>vulg.</strong></span> <span class='ocrx_word' id='word_1_214' title='bbox 1035 1821 1086 1866; x_wconf 73' lang='grc'><strong><em>14.</em></strong></span> <span class='ocrx_word' id='word_1_215' title='bbox 1115 1823 1179 1856; x_wconf 80' lang='grc' dir='ltr'><strong><em>καὶ</em></strong></span> <span class='ocrx_word' id='word_1_216' title='bbox 1216 1815 1257 1857; x_wconf 84' lang='grc' dir='ltr'><strong><em>τὸ</em></strong></span> <span class='ocrx_word' id='word_1_217' title='bbox 1283 1820 1359 1857; x_wconf 77' lang='grc' dir='ltr'><strong><em>τῶν</em></strong></span> <span class='ocrx_word' id='word_1_218' title='bbox 1382 1822 1430 1863; x_wconf 85' lang='grc' dir='ltr'><strong><em>Α,</em></strong></span> <span class='ocrx_word' id='word_1_219' title='bbox 1469 1822 1534 1856; x_wconf 78' lang='grc' dir='ltr'><strong><em>καὶ</em></strong></span> <span class='ocrx_word' id='word_1_220' title='bbox 1573 1814 1637 1856; x_wconf 73' lang='grc' dir='ltr'><strong><em>διὰ</em></strong></span> <span class='ocrx_word' id='word_1_221' title='bbox 1660 1820 1738 1858; x_wconf 74' lang='grc' dir='ltr'><strong><em>τῶν</em></strong></span> 
     </span>
     <span class='ocr_line' id='line_1_26' title="bbox 343 1867 970 1915; baseline 0.003 -13"><span class='ocrx_word' id='word_1_222' title='bbox 343 1868 442 1914; x_wconf 84' lang='lat' dir='ltr'>vulg.</span> <span class='ocrx_word' id='word_1_223' title='bbox 546 1869 600 1903; x_wconf 80' lang='lat'><strong><em>18.</em></strong></span> <span class='ocrx_word' id='word_1_224' title='bbox 625 1871 712 1915; x_wconf 83' lang='grc' dir='ltr'><strong><em>τρία</em></strong></span> <span class='ocrx_word' id='word_1_225' title='bbox 738 1867 905 1905; x_wconf 81' lang='grc' dir='ltr'><strong><em>τάλαντα</em></strong></span> <span class='ocrx_word' id='word_1_226' title='bbox 928 1868 970 1904; x_wconf 89' lang='grc' dir='ltr'><strong><em>Α.</em></strong></span> 
     </span>
    </p>
   </div>
   <div class='ocr_carea' id='block_1_4' title="bbox 253 2027 1751 2846">
    <p class='ocr_par' dir='ltr' id='par_1_4' title="bbox 253 2027 1751 2846">
     <span class='ocr_line' id='line_1_27' title="bbox 253 2027 1738 2075; baseline -0.001 -12"><span class='ocrx_word' id='word_1_227' title='bbox 253 2028 352 2063; x_wconf 85' lang='lat' dir='ltr'><strong>unde</strong></span> <span class='ocrx_word' id='word_1_228' title='bbox 379 2033 416 2063; x_wconf 76' lang='lat' dir='ltr'><strong>et</strong></span> <span class='ocrx_word' id='word_1_229' title='bbox 452 2027 662 2063; x_wconf 79' lang='lat' dir='ltr'><strong>Anastasius</strong></span> <span class='ocrx_word' id='word_1_230' title='bbox 702 2029 861 2065; x_wconf 80' lang='lat' dir='ltr'><strong>ducebat</strong></span> <span class='ocrx_word' id='word_1_231' title='bbox 902 2031 1099 2075; x_wconf 82' lang='lat' dir='ltr'>originem,</span> <span class='ocrx_word' id='word_1_232' title='bbox 1136 2030 1284 2065; x_wconf 80' lang='lat' dir='ltr'><strong>trahens</strong></span> <span class='ocrx_word' id='word_1_233' title='bbox 1312 2041 1445 2075; x_wconf 83' lang='lat' dir='ltr'><strong>genus;</strong></span> <span class='ocrx_word' id='word_1_234' title='bbox 1484 2035 1521 2064; x_wconf 83' lang='lat' dir='ltr'><strong>et</strong></span> <span class='ocrx_word' id='word_1_235' title='bbox 1553 2029 1738 2063; x_wconf 83' lang='lat' dir='ltr'>continuis</span> 
     </span>
     <span class='ocr_line' id='line_1_28' title="bbox 253 2075 1740 2125; baseline 0.001 -15"><span class='ocrx_word' id='word_1_236' title='bbox 253 2075 402 2124; x_wconf 84' lang='lat' dir='ltr'><strong>quidem</strong></span> <span class='ocrx_word' id='word_1_237' title='bbox 431 2077 703 2111; x_wconf 86' lang='lat' dir='ltr'><strong>incursionibus</strong></span> <span class='ocrx_word' id='word_1_238' title='bbox 721 2079 905 2112; x_wconf 84' lang='lat' dir='ltr'>Persarum</span> <span class='ocrx_word' id='word_1_239' title='bbox 932 2091 1036 2124; x_wconf 81' lang='lat' dir='ltr'><strong>agros</strong></span> <span class='ocrx_word' id='word_1_240' title='bbox 1066 2085 1103 2113; x_wconf 79' lang='lat' dir='ltr'><strong>et</strong></span> <span class='ocrx_word' id='word_1_241' title='bbox 1126 2080 1265 2113; x_wconf 81' lang='lat' dir='ltr'>munita</span> <span class='ocrx_word' id='word_1_242' title='bbox 1295 2089 1462 2125; x_wconf 80' lang='lat' dir='ltr'><strong>quaeque</strong></span> <span class='ocrx_word' id='word_1_243' title='bbox 1491 2079 1570 2111; x_wconf 83' lang='lat' dir='ltr'>loca</span> <span class='ocrx_word' id='word_1_244' title='bbox 1594 2089 1740 2119; x_wconf 81' lang='lat' dir='ltr'><strong>vexans,</strong></span> 
     </span>
     <span class='ocr_line' id='line_1_29' title="bbox 253 2123 1740 2172; baseline 0.001 -15"><span class='ocrx_word' id='word_1_245' title='bbox 253 2126 326 2158; x_wconf 83' lang='lat' dir='ltr'>alia</span> <span class='ocrx_word' id='word_1_246' title='bbox 355 2123 503 2172; x_wconf 80' lang='lat' dir='ltr'><strong>quidem</strong></span> <span class='ocrx_word' id='word_1_247' title='bbox 530 2126 628 2171; x_wconf 83' lang='lat' dir='ltr'><strong>igne,</strong></span> <span class='ocrx_word' id='word_1_248' title='bbox 654 2126 727 2159; x_wconf 79' lang='lat' dir='ltr'>alia</span> <span class='ocrx_word' id='word_1_249' title='bbox 753 2126 868 2160; x_wconf 85' lang='lat' dir='ltr'><strong>modis</strong></span> <span class='ocrx_word' id='word_1_250' title='bbox 895 2127 976 2161; x_wconf 84' lang='lat' dir='ltr'>aliis</span> <span class='ocrx_word' id='word_1_251' title='bbox 1002 2127 1233 2161; x_wconf 77' lang='lat' dir='ltr'>devastabat:</span> <span class='ocrx_word' id='word_1_252' title='bbox 1260 2126 1352 2160; x_wconf 85' lang='lat' dir='ltr'><strong>adeo</strong></span> <span class='ocrx_word' id='word_1_253' title='bbox 1379 2133 1420 2160; x_wconf 82' lang='lat' dir='ltr'><strong><em>ut</em></strong></span> <span class='ocrx_word' id='word_1_254' title='bbox 1445 2126 1523 2172; x_wconf 87' lang='lat' dir='ltr'><strong>ipsa</strong></span> <span class='ocrx_word' id='word_1_255' title='bbox 1541 2125 1675 2159; x_wconf 82' lang='lat' dir='ltr'><strong>Nisibis</strong></span> <span class='ocrx_word' id='word_1_256' title='bbox 1701 2126 1740 2158; x_wconf 80' lang='lat' dir='ltr'><strong><em>in</em></strong></span> 
     </span>
     <span class='ocr_line' id='line_1_30' title="bbox 254 2174 1741 2220; baseline -0.001 -13"><span class='ocrx_word' id='word_1_257' title='bbox 254 2175 496 2207; x_wconf 82' lang='lat' dir='ltr'><strong>Romanorum</strong></span> <span class='ocrx_word' id='word_1_258' title='bbox 525 2179 743 2218; x_wconf 78' lang='lat' dir='ltr'><strong>potestatem</strong></span> <span class='ocrx_word' id='word_1_259' title='bbox 768 2180 912 2209; x_wconf 70' lang='lat' dir='ltr'><strong>tantum</strong></span> <span class='ocrx_word' id='word_1_260' title='bbox 939 2187 1014 2209; x_wconf 87' lang='lat' dir='ltr'><strong><em>non</em></strong></span> <span class='ocrx_word' id='word_1_261' title='bbox 1038 2176 1191 2209; x_wconf 78' lang='lat' dir='ltr'><strong>veniret.</strong></span> <span class='ocrx_word' id='word_1_262' title='bbox 1253 2175 1467 2220; x_wconf 79' lang='lat' dir='ltr'><strong>pestilentia</strong></span> <span class='ocrx_word' id='word_1_263' title='bbox 1504 2175 1599 2207; x_wconf 87' lang='lat' dir='ltr'><strong>enim</strong></span> <span class='ocrx_word' id='word_1_264' title='bbox 1627 2174 1741 2207; x_wconf 86' lang='lat' dir='ltr'><strong>Persi-</strong></span> 
     </span>
     <span class='ocr_line' id='line_1_31' title="bbox 255 2221 1741 2269; baseline -0.001 -14"><span class='ocrx_word' id='word_1_265' title='bbox 255 2233 332 2255; x_wconf 87' lang='lat' dir='ltr'><strong><em>cam</em></strong></span> <span class='ocrx_word' id='word_1_266' title='bbox 361 2221 543 2265; x_wconf 81' lang='lat' dir='ltr'>regionem</span> <span class='ocrx_word' id='word_1_267' title='bbox 574 2222 767 2257; x_wconf 82' lang='lat' dir='ltr'><strong>invaserat.</strong></span> <span class='ocrx_word' id='word_1_268' title='bbox 831 2229 907 2256; x_wconf 85' lang='lat' dir='ltr'><strong><em>tum</em></strong></span> <span class='ocrx_word' id='word_1_269' title='bbox 938 2234 1023 2257; x_wconf 86' lang='lat' dir='ltr'><strong>vero</strong></span> <span class='ocrx_word' id='word_1_270' title='bbox 1051 2235 1116 2269; x_wconf 89' lang='lat' dir='ltr'><strong>per</strong></span> <span class='ocrx_word' id='word_1_271' title='bbox 1151 2223 1355 2268; x_wconf 84' lang='lat' dir='ltr'><strong>provincias</strong></span> <span class='ocrx_word' id='word_1_272' title='bbox 1385 2222 1624 2256; x_wconf 82' lang='lat' dir='ltr'>Cadusiorum</span> <span class='ocrx_word' id='word_1_273' title='bbox 1661 2233 1741 2254; x_wconf 85' lang='lat' dir='ltr'>ma·-</span> 
     </span>
     <span class='ocr_line' id='line_1_32' title="bbox 254 2268 1743 2316; baseline -0.001 -13"><span class='ocrx_word' id='word_1_274' title='bbox 254 2270 351 2303; x_wconf 82' lang='lat' dir='ltr'><strong>xime</strong></span> <span class='ocrx_word' id='word_1_275' title='bbox 378 2268 556 2302; x_wconf 77' lang='lat' dir='ltr'><strong>dictorum</strong></span> <span class='ocrx_word' id='word_1_276' title='bbox 600 2275 637 2303; x_wconf 86' lang='lat' dir='ltr'><strong>et</strong></span> <span class='ocrx_word' id='word_1_277' title='bbox 663 2271 817 2303; x_wconf 76' lang='lat' dir='ltr'><strong><em>ullarum</em></strong></span> <span class='ocrx_word' id='word_1_278' title='bbox 842 2271 1003 2316; x_wconf 81' lang='lat' dir='ltr'><strong>gentium</strong></span> <span class='ocrx_word' id='word_1_279' title='bbox 1030 2272 1209 2305; x_wconf 77' lang='lat' dir='ltr'><strong><em>tumultus</em></strong></span> <span class='ocrx_word' id='word_1_280' title='bbox 1235 2283 1328 2304; x_wconf 85' lang='lat' dir='ltr'><strong>unus</strong></span> <span class='ocrx_word' id='word_1_281' title='bbox 1356 2277 1439 2316; x_wconf 81' lang='lat' dir='ltr'><strong>post</strong></span> <span class='ocrx_word' id='word_1_282' title='bbox 1474 2271 1586 2304; x_wconf 84' lang='lat' dir='ltr'>alium</span> <span class='ocrx_word' id='word_1_283' title='bbox 1614 2269 1743 2303; x_wconf 84' lang='lat' dir='ltr'><strong>audie-</strong></span> 
     </span>
     <span class='ocr_line' id='line_1_33' title="bbox 255 2316 1743 2363; baseline -0.001 -12"><span class='ocrx_word' id='word_1_284' title='bbox 255 2316 390 2351; x_wconf 80' lang='lat' dir='ltr'><strong>bantur</strong></span> <span class='ocrx_word' id='word_1_285' title='bbox 416 2317 570 2359; x_wconf 80' lang='lat' dir='ltr'><strong>exoriri;</strong></span> <span class='ocrx_word' id='word_1_286' title='bbox 594 2317 743 2363; x_wconf 84' lang='lat' dir='ltr'><strong><em>illisque</em></strong></span> <span class='ocrx_word' id='word_1_287' title='bbox 770 2324 962 2363; x_wconf 79' lang='lat' dir='ltr'>tantopere</span> <span class='ocrx_word' id='word_1_288' title='bbox 987 2320 1171 2353; x_wconf 85' lang='lat' dir='ltr'>Persarum</span> <span class='ocrx_word' id='word_1_289' title='bbox 1201 2330 1255 2352; x_wconf 87' lang='lat' dir='ltr'><strong>res</strong></span> <span class='ocrx_word' id='word_1_290' title='bbox 1290 2319 1532 2360; x_wconf 79' lang='lat' dir='ltr'><strong>laetabantur,</strong></span> <span class='ocrx_word' id='word_1_291' title='bbox 1558 2323 1599 2353; x_wconf 86' lang='lat' dir='ltr'><strong><em>ut</em></strong></span> <span class='ocrx_word' id='word_1_292' title='bbox 1626 2318 1743 2363; x_wconf 83' lang='lat' dir='ltr'><strong>Aspe—</strong></span> 
     </span>
     <span class='ocr_line' id='line_1_34' title="bbox 255 2363 1745 2413; baseline -0.001 -14"><span class='ocrx_word' id='word_1_293' title='bbox 255 2366 348 2400; x_wconf 85' lang='lat' dir='ltr'>tium</span> <span class='ocrx_word' id='word_1_294' title='bbox 385 2363 513 2399; x_wconf 85' lang='lat' dir='ltr'><strong>ducem</strong></span> <span class='ocrx_word' id='word_1_295' title='bbox 549 2363 594 2398; x_wconf 88' lang='lat' dir='ltr'><strong>de</strong></span> <span class='ocrx_word' id='word_1_296' title='bbox 629 2377 716 2413; x_wconf 83' lang='lat' dir='ltr'><strong>pace</strong></span> <span class='ocrx_word' id='word_1_297' title='bbox 757 2377 837 2399; x_wconf 83' lang='lat' dir='ltr'><strong><em>cum</em></strong></span> <span class='ocrx_word' id='word_1_298' title='bbox 864 2367 1035 2400; x_wconf 77' lang='lat' dir='ltr'><strong>Romanis</strong></span> <span class='ocrx_word' id='word_1_299' title='bbox 1072 2367 1338 2400; x_wconf 84' lang='lat' dir='ltr'>collocuturum</span> <span class='ocrx_word' id='word_1_300' title='bbox 1374 2377 1556 2413; x_wconf 82' lang='lat' dir='ltr'>propense</span> <span class='ocrx_word' id='word_1_301' title='bbox 1581 2365 1745 2400; x_wconf 81' lang='lat' dir='ltr'><strong>Cabades</strong></span> 
     </span>
     <span class='ocr_line' id='line_1_35' title="bbox 256 2413 1746 2461; baseline -0.001 -14"><span class='ocrx_word' id='word_1_302' title='bbox 256 2413 460 2447; x_wconf 79' lang='lat' dir='ltr'><strong>destinarit.</strong></span> <span class='ocrx_word' id='word_1_303' title='bbox 489 2418 525 2446; x_wconf 86' lang='lat' dir='ltr'><strong>et</strong></span> <span class='ocrx_word' id='word_1_304' title='bbox 554 2414 716 2459; x_wconf 83' lang='lat' dir='ltr'><strong>quamvis</strong></span> <span class='ocrx_word' id='word_1_305' title='bbox 735 2414 813 2447; x_wconf 88' lang='lat' dir='ltr'><strong>leve</strong></span> <span class='ocrx_word' id='word_1_306' title='bbox 833 2414 923 2459; x_wconf 84' lang='lat' dir='ltr'>quid</span> <span class='ocrx_word' id='word_1_307' title='bbox 947 2415 1058 2448; x_wconf 78' lang='lat' dir='ltr'><strong>fuerit</strong></span> <span class='ocrx_word' id='word_1_308' title='bbox 1077 2426 1096 2447; x_wconf 77' lang='lat' dir='ltr'>a</span> <span class='ocrx_word' id='word_1_309' title='bbox 1113 2416 1283 2449; x_wconf 78' lang='lat' dir='ltr'><strong>Romanis</strong></span> <span class='ocrx_word' id='word_1_310' title='bbox 1304 2421 1551 2461; x_wconf 83' lang='lat' dir='ltr'><strong>reportatum,</strong></span> <span class='ocrx_word' id='word_1_311' title='bbox 1579 2414 1746 2448; x_wconf 83' lang='lat' dir='ltr'>Amidam</span> 
     </span>
     <span class='ocr_line' id='line_1_36' title="bbox 258 2460 1746 2508; baseline -0.001 -13"><span class='ocrx_word' id='word_1_312' title='bbox 258 2467 380 2502; x_wconf 85' lang='lat' dir='ltr'><strong>certe,</strong></span> <span class='ocrx_word' id='word_1_313' title='bbox 411 2471 520 2507; x_wconf 78' lang='lat' dir='ltr'>quam</span> <span class='ocrx_word' id='word_1_314' title='bbox 556 2460 713 2495; x_wconf 71' lang='lat' dir='ltr'><strong>infinitis</strong></span> <span class='ocrx_word' id='word_1_315' title='bbox 752 2461 940 2496; x_wconf 80' lang='lat' dir='ltr'>laboribus</span> <span class='ocrx_word' id='word_1_316' title='bbox 979 2463 1160 2508; x_wconf 84' lang='lat' dir='ltr'><strong>recipere,</strong></span> <span class='ocrx_word' id='word_1_317' title='bbox 1195 2475 1262 2496; x_wconf 88' lang='lat' dir='ltr'><strong>nec</strong></span> <span class='ocrx_word' id='word_1_318' title='bbox 1288 2464 1472 2497; x_wconf 86' lang='lat' dir='ltr'>Persarum</span> <span class='ocrx_word' id='word_1_319' title='bbox 1498 2464 1537 2497; x_wconf 87' lang='lat' dir='ltr'><strong><em>in</em></strong></span> <span class='ocrx_word' id='word_1_320' title='bbox 1563 2461 1746 2508; x_wconf 84' lang='lat' dir='ltr'><strong>praesidio</strong></span> 
     </span>
     <span class='ocr_line' id='line_1_37' title="bbox 259 2507 1748 2558; baseline -0.001 -15"><span class='ocrx_word' id='word_1_321' title='bbox 259 2511 462 2543; x_wconf 79' lang='lat' dir='ltr'>locatorum</span> <span class='ocrx_word' id='word_1_322' title='bbox 487 2507 655 2542; x_wconf 82' lang='lat' dir='ltr'><strong>manibus</strong></span> <span class='ocrx_word' id='word_1_323' title='bbox 684 2509 791 2543; x_wconf 81' lang='lat' dir='ltr'><strong>etiam</strong></span> <span class='ocrx_word' id='word_1_324' title='bbox 818 2510 924 2543; x_wconf 86' lang='lat' dir='ltr'><strong>famis</strong></span> <span class='ocrx_word' id='word_1_325' title='bbox 951 2510 988 2544; x_wconf 83' lang='lat' dir='ltr'><strong><em>in</em></strong></span> <span class='ocrx_word' id='word_1_326' title='bbox 1015 2521 1076 2544; x_wconf 88' lang='lat' dir='ltr'><strong>eos</strong></span> <span class='ocrx_word' id='word_1_327' title='bbox 1107 2511 1363 2546; x_wconf 81' lang='lat' dir='ltr'><strong>invalescentis</strong></span> <span class='ocrx_word' id='word_1_328' title='bbox 1391 2512 1426 2545; x_wconf 89' lang='lat' dir='ltr'><strong><em>vi</em></strong></span> <span class='ocrx_word' id='word_1_329' title='bbox 1451 2516 1649 2558; x_wconf 79' lang='lat' dir='ltr'><strong>potuerant</strong></span> <span class='ocrx_word' id='word_1_330' title='bbox 1676 2510 1748 2543; x_wconf 82' lang='lat' dir='ltr'><strong>eri-</strong></span> 
     </span>
     <span class='ocr_line' id='line_1_38' title="bbox 259 2556 1748 2605; baseline 0 -14"><span class='ocrx_word' id='word_1_331' title='bbox 259 2569 360 2604; x_wconf 83' lang='lat' dir='ltr'><strong>pere,</strong></span> <span class='ocrx_word' id='word_1_332' title='bbox 387 2562 460 2590; x_wconf 82' lang='lat' dir='ltr'><strong><em>tam</em></strong></span> <span class='ocrx_word' id='word_1_333' title='bbox 487 2556 534 2591; x_wconf 91' lang='lat' dir='ltr'><strong><em>ob</em></strong></span> <span class='ocrx_word' id='word_1_334' title='bbox 560 2563 805 2603; x_wconf 85' lang='lat' dir='ltr'><strong>opportunum</strong></span> <span class='ocrx_word' id='word_1_335' title='bbox 843 2558 916 2591; x_wconf 85' lang='lat' dir='ltr'>loci</span> <span class='ocrx_word' id='word_1_336' title='bbox 946 2559 1076 2600; x_wconf 81' lang='lat' dir='ltr'><strong>situm,</strong></span> <span class='ocrx_word' id='word_1_337' title='bbox 1104 2570 1210 2605; x_wconf 85' lang='lat' dir='ltr'>quam</span> <span class='ocrx_word' id='word_1_338' title='bbox 1249 2559 1296 2593; x_wconf 90' lang='lat' dir='ltr'><strong><em>ob</em></strong></span> <span class='ocrx_word' id='word_1_339' title='bbox 1326 2559 1618 2594; x_wconf 84' lang='lat' dir='ltr'>indissolubilem</span> <span class='ocrx_word' id='word_1_340' title='bbox 1643 2569 1748 2591; x_wconf 86' lang='lat' dir='ltr'><strong>moe-</strong></span> 
     </span>
     <span class='ocr_line' id='line_1_39' title="bbox 262 2605 1750 2654; baseline 0 -15"><span class='ocrx_word' id='word_1_341' title='bbox 262 2607 361 2639; x_wconf 78' lang='lat' dir='ltr'><strong>nium</strong></span> <span class='ocrx_word' id='word_1_342' title='bbox 389 2605 608 2650; x_wconf 73' lang='lat' dir='ltr'><strong>firmitatem,</strong></span> <span class='ocrx_word' id='word_1_343' title='bbox 636 2605 740 2639; x_wconf 88' lang='lat' dir='ltr'>nullo</span> <span class='ocrx_word' id='word_1_344' title='bbox 771 2607 920 2651; x_wconf 82' lang='lat' dir='ltr'><strong>negotio</strong></span> <span class='ocrx_word' id='word_1_345' title='bbox 951 2607 1188 2641; x_wconf 79' lang='lat' dir='ltr'><strong>restituerunt</strong></span> <span class='ocrx_word' id='word_1_346' title='bbox 1214 2608 1353 2642; x_wconf 76' lang='lat' dir='ltr'><strong>Persae.</strong></span> <span class='ocrx_word' id='word_1_347' title='bbox 1404 2609 1614 2654; x_wconf 73' lang='lat' dir='ltr'><strong>ingruentes</strong></span> <span class='ocrx_word' id='word_1_348' title='bbox 1642 2617 1750 2653; x_wconf 88' lang='lat' dir='ltr'><strong>prae-</strong></span> 
     </span>
     <span class='ocr_line' id='line_1_40' title="bbox 263 2652 1749 2701; baseline 0 -14"><span class='ocrx_word' id='word_1_349' title='bbox 263 2661 363 2688; x_wconf 84' lang='lat' dir='ltr'><strong>terea</strong></span> <span class='ocrx_word' id='word_1_350' title='bbox 385 2652 515 2687; x_wconf 86' lang='lat' dir='ltr'><strong>hiemis</strong></span> <span class='ocrx_word' id='word_1_351' title='bbox 548 2653 739 2687; x_wconf 83' lang='lat' dir='ltr'><strong>molestias</strong></span> <span class='ocrx_word' id='word_1_352' title='bbox 763 2665 886 2687; x_wconf 86' lang='lat' dir='ltr'><strong>seeum</strong></span> <span class='ocrx_word' id='word_1_353' title='bbox 921 2661 1131 2700; x_wconf 76' lang='lat' dir='ltr'><strong>reputantes</strong></span> <span class='ocrx_word' id='word_1_354' title='bbox 1157 2655 1288 2698; x_wconf 87' lang='lat' dir='ltr'><strong>duces,</strong></span> <span class='ocrx_word' id='word_1_355' title='bbox 1317 2668 1361 2690; x_wconf 81' lang='lat' dir='ltr'><strong>ex</strong></span> <span class='ocrx_word' id='word_1_356' title='bbox 1386 2656 1548 2690; x_wconf 90' lang='lat' dir='ltr'>locorum</span> <span class='ocrx_word' id='word_1_357' title='bbox 1565 2681 1574 2696; x_wconf 93' lang='lat'>‚</span> <span class='ocrx_word' id='word_1_358' title='bbox 1599 2655 1637 2688; x_wconf 87' lang='lat' dir='ltr'><strong><em>in</em></strong></span> <span class='ocrx_word' id='word_1_359' title='bbox 1663 2654 1749 2701; x_wconf 85' lang='lat' dir='ltr'>qui-</span> 
     </span>
     <span class='ocr_line' id='line_1_41' title="bbox 264 2701 1750 2748; baseline -0.001 -13"><span class='ocrx_word' id='word_1_360' title='bbox 264 2702 332 2735; x_wconf 83' lang='lat' dir='ltr'><strong><em>bus</em></strong></span> <span class='ocrx_word' id='word_1_361' title='bbox 361 2713 441 2735; x_wconf 89' lang='lat' dir='ltr'><strong><em>cum</em></strong></span> <span class='ocrx_word' id='word_1_362' title='bbox 466 2701 617 2748; x_wconf 80' lang='lat' dir='ltr'><strong>Aspetio</strong></span> <span class='ocrx_word' id='word_1_363' title='bbox 643 2703 741 2748; x_wconf 77' lang='lat' dir='ltr'><strong>pacis</strong></span> <span class='ocrx_word' id='word_1_364' title='bbox 766 2702 1050 2737; x_wconf 77' lang='lat' dir='ltr'><strong>conferebantur</strong></span> <span class='ocrx_word' id='word_1_365' title='bbox 1075 2714 1282 2746; x_wconf 86' lang='lat' dir='ltr'><strong>sermones,</strong></span> <span class='ocrx_word' id='word_1_366' title='bbox 1312 2703 1587 2738; x_wconf 81' lang='lat' dir='ltr'>difficultatibus</span> <span class='ocrx_word' id='word_1_367' title='bbox 1623 2707 1659 2736; x_wconf 78' lang='lat' dir='ltr'><strong>et</strong></span> <span class='ocrx_word' id='word_1_368' title='bbox 1683 2713 1750 2748; x_wconf 89' lang='lat' dir='ltr'><strong>pe-</strong></span> 
     </span>
     <span class='ocr_line' id='line_1_42' title="bbox 268 2749 1751 2798; baseline -0.001 -16"><span class='ocrx_word' id='word_1_369' title='bbox 268 2750 426 2783; x_wconf 86' lang='lat' dir='ltr'><strong><em>riculosa</em></strong></span> <span class='ocrx_word' id='word_1_370' title='bbox 451 2749 674 2783; x_wconf 79' lang='lat' dir='ltr'><strong>hiematione</strong></span> <span class='ocrx_word' id='word_1_371' title='bbox 704 2751 902 2784; x_wconf 77' lang='lat' dir='ltr'>Romanum</span> <span class='ocrx_word' id='word_1_372' title='bbox 931 2753 1128 2785; x_wconf 80' lang='lat' dir='ltr'><strong>exercitum</strong></span> <span class='ocrx_word' id='word_1_373' title='bbox 1156 2753 1279 2798; x_wconf 79' lang='lat' dir='ltr'><strong>paucis</strong></span> <span class='ocrx_word' id='word_1_374' title='bbox 1305 2753 1453 2787; x_wconf 77' lang='lat' dir='ltr'><strong>talentis</strong></span> <span class='ocrx_word' id='word_1_375' title='bbox 1482 2751 1660 2785; x_wconf 85' lang='lat' dir='ltr'><strong>redimere</strong></span> <span class='ocrx_word' id='word_1_376' title='bbox 1692 2761 1751 2781; x_wconf 84' lang='lat' dir='ltr'><strong><em>sa-</em></strong></span> 
     </span>
     <span class='ocr_line' id='line_1_43' title="bbox 268 2797 1749 2846; baseline 0 -15"><span class='ocrx_word' id='word_1_377' title='bbox 268 2798 340 2833; x_wconf 82' lang='lat' dir='ltr'><strong>tius</strong></span> <span class='ocrx_word' id='word_1_378' title='bbox 369 2809 446 2832; x_wconf 88' lang='lat' dir='ltr'><strong>esse</strong></span> <span class='ocrx_word' id='word_1_379' title='bbox 478 2797 670 2833; x_wconf 85' lang='lat' dir='ltr'><strong>duxerunt.</strong></span> <span class='ocrx_word' id='word_1_380' title='bbox 723 2799 872 2833; x_wconf 80' lang='lat' dir='ltr'><strong>talentis</strong></span> <span class='ocrx_word' id='word_1_381' title='bbox 898 2799 1010 2845; x_wconf 68' lang='lat' dir='ltr'><strong>igitur</strong></span> <span class='ocrx_word' id='word_1_382' title='bbox 1036 2799 1081 2833; x_wconf 85' lang='lat' dir='ltr'><strong><em>ad</em></strong></span> <span class='ocrx_word' id='word_1_383' title='bbox 1101 2801 1248 2846; x_wconf 82' lang='lat' dir='ltr'><strong>triginta</strong></span> <span class='ocrx_word' id='word_1_384' title='bbox 1277 2800 1370 2835; x_wconf 84' lang='lat' dir='ltr'><strong>datis</strong></span> <span class='ocrx_word' id='word_1_385' title='bbox 1398 2800 1571 2835; x_wconf 74' lang='lat' dir='ltr'><strong><em>Basiliam</em></strong></span> <span class='ocrx_word' id='word_1_386' title='bbox 1594 2797 1749 2832; x_wconf 81' lang='lat' dir='ltr'><strong>Edesse-</strong></span> 
     </span>
    </p>
   </div>
  </div>
 </body>
</html>
