<?xml version="1.0" encoding="UTF-8"?>
<!DOCTYPE html PUBLIC "-//W3C//DTD XHTML 1.0 Transitional//EN"
    "http://www.w3.org/TR/xhtml1/DTD/xhtml1-transitional.dtd">
<html xmlns="http://www.w3.org/1999/xhtml" xml:lang="en" lang="en">
 <head>
  <title>
</title>
<meta http-equiv="Content-Type" content="text/html;charset=utf-8" />
  <meta name='ocr-system' content='tesseract 3.04.00' />
  <meta name='ocr-capabilities' content='ocr_page ocr_carea ocr_par ocr_line ocrx_word'/>
</head>
<body>
  <div class='ocr_page' id='page_1' title='image "./corpusscriptorum46niebuoft_0018.png"; bbox 0 0 1708 3172; ppageno 0'>
   <div class='ocr_carea' id='block_1_1' title="bbox 158 161 1209 206">
    <p class='ocr_par' dir='ltr' id='par_1_1' title="bbox 158 161 1209 206">
     <span class='ocr_line' id='line_1_1' title="bbox 158 161 1209 206; baseline 0.003 -6"><span class='ocrx_word' id='word_1_1' title='bbox 158 161 232 201; x_wconf 83' lang='lat' dir='ltr'><em>Xll</em></span> <span class='ocrx_word' id='word_1_2' title='bbox 559 161 865 204; x_wconf 82' lang='lat' dir='ltr'><strong>PRAEFATIO</strong></span> <span class='ocrx_word' id='word_1_3' title='bbox 909 162 1209 206; x_wconf 75' lang='lat' dir='ltr'><strong>COMBEFISI.</strong></span> 
     </span>
    </p>
   </div>
   <div class='ocr_carea' id='block_1_2' title="bbox 144 276 1632 2513">
    <p class='ocr_par' dir='ltr' id='par_1_2' title="bbox 144 276 1632 2513">
     <span class='ocr_line' id='line_1_2' title="bbox 160 276 1630 332; baseline 0.005 -18"><span class='ocrx_word' id='word_1_4' title='bbox 160 276 262 324; x_wconf 73' lang='lat' dir='ltr'><em>lisse,</em></span> <span class='ocrx_word' id='word_1_5' title='bbox 293 276 407 328; x_wconf 86' lang='lat' dir='ltr'><em>quod</em></span> <span class='ocrx_word' id='word_1_6' title='bbox 433 278 586 317; x_wconf 76' lang='lat' dir='ltr'><em>Romae</em></span> <span class='ocrx_word' id='word_1_7' title='bbox 612 291 690 332; x_wconf 85' lang='lat' dir='ltr'><em>per</em></span> <span class='ocrx_word' id='word_1_8' title='bbox 709 277 966 317; x_wconf 84' lang='lat' dir='ltr'><em>Buceardum</em></span> <span class='ocrx_word' id='word_1_9' title='bbox 997 277 1259 318; x_wconf 77' lang='lat' dir='ltr'><em>domesticum</em></span> <span class='ocrx_word' id='word_1_10' title='bbox 1278 279 1401 320; x_wconf 83' lang='lat' dir='ltr'><em>Latio</em></span> <span class='ocrx_word' id='word_1_11' title='bbox 1433 279 1630 322; x_wconf 85' lang='lat' dir='ltr'><em>donatum</em></span> 
     </span>
     <span class='ocr_line' id='line_1_3' title="bbox 152 348 1630 408; baseline 0.005 -22"><span class='ocrx_word' id='word_1_12' title='bbox 152 348 302 403; x_wconf 84' lang='lat' dir='ltr'><em>praelo</em></span> <span class='ocrx_word' id='word_1_13' title='bbox 331 349 622 400; x_wconf 85' lang='lat' dir='ltr'><em>adornaverit,</em></span> <span class='ocrx_word' id='word_1_14' title='bbox 663 364 833 404; x_wconf 83' lang='lat' dir='ltr'><em>eamque</em></span> <span class='ocrx_word' id='word_1_15' title='bbox 862 350 1044 391; x_wconf 82' lang='lat' dir='ltr'><em>Parisios</em></span> <span class='ocrx_word' id='word_1_16' title='bbox 1079 352 1302 392; x_wconf 79' lang='lat' dir='ltr'><em>versionem</em></span> <span class='ocrx_word' id='word_1_17' title='bbox 1343 354 1378 391; x_wconf 87' lang='lat' dir='ltr'><em>si</em></span> <span class='ocrx_word' id='word_1_18' title='bbox 1415 353 1517 408; x_wconf 82' lang='lat' dir='ltr'><em>quid</em></span> <span class='ocrx_word' id='word_1_19' title='bbox 1540 355 1630 394; x_wconf 79' lang='lat' dir='ltr'><em>usui</em></span> 
     </span>
     <span class='ocr_line' id='line_1_4' title="bbox 159 423 1631 482; baseline 0.004 -22"><span class='ocrx_word' id='word_1_20' title='bbox 159 436 239 461; x_wconf 80' lang='lat' dir='ltr'><em>esse</em></span> <span class='ocrx_word' id='word_1_21' title='bbox 277 431 435 475; x_wconf 86' lang='lat' dir='ltr'><em>posset,</em></span> <span class='ocrx_word' id='word_1_22' title='bbox 482 423 774 472; x_wconf 78' lang='lat' dir='ltr'><em>destinaverit,-</em></span> <span class='ocrx_word' id='word_1_23' title='bbox 808 432 849 462; x_wconf 90' lang='lat' dir='ltr'><em>ut</em></span> <span class='ocrx_word' id='word_1_24' title='bbox 885 437 1026 478; x_wconf 80' lang='lat' dir='ltr'><em>nempe</em></span> <span class='ocrx_word' id='word_1_25' title='bbox 1065 425 1264 464; x_wconf 89' lang='lat' dir='ltr'><em>illustrior</em></span> <span class='ocrx_word' id='word_1_26' title='bbox 1293 425 1480 479; x_wconf 85' lang='lat' dir='ltr'><em>prodiret</em></span> <span class='ocrx_word' id='word_1_27' title='bbox 1525 429 1631 482; x_wconf 79' lang='lat' dir='ltr'><em>typis</em></span> 
     </span>
     <span class='ocr_line' id='line_1_5' title="bbox 158 493 1630 553; baseline 0.005 -22"><span class='ocrx_word' id='word_1_28' title='bbox 158 493 314 546; x_wconf 82' lang='lat' dir='ltr'><em>Regiis,</em></span> <span class='ocrx_word' id='word_1_29' title='bbox 346 495 564 549; x_wconf 80' lang='lat' dir='ltr'><strong><em>Patrisque</em></strong></span> <span class='ocrx_word' id='word_1_30' title='bbox 597 495 713 535; x_wconf 90' lang='lat' dir='ltr'><em>Goar</em></span> <span class='ocrx_word' id='word_1_31' title='bbox 737 497 1018 536; x_wconf 84' lang='lat' dir='ltr'><em>maturioribus</em></span> <span class='ocrx_word' id='word_1_32' title='bbox 1048 497 1215 546; x_wconf 80' lang='lat' dir='ltr'><em>studiis,-</em></span> <span class='ocrx_word' id='word_1_33' title='bbox 1244 498 1353 553; x_wconf 83' lang='lat' dir='ltr'><em>quod</em></span> <span class='ocrx_word' id='word_1_34' title='bbox 1378 501 1467 539; x_wconf 88' lang='lat' dir='ltr'><em>item</em></span> <span class='ocrx_word' id='word_1_35' title='bbox 1494 499 1630 539; x_wconf 87' lang='lat' dir='ltr'><em>Theo-</em></span> 
     </span>
     <span class='ocr_line' id='line_1_6' title="bbox 150 567 1628 622; baseline 0.005 -18"><span class='ocrx_word' id='word_1_36' title='bbox 150 567 303 620; x_wconf 84' lang='lat' dir='ltr'><em>phanis</em></span> <span class='ocrx_word' id='word_1_37' title='bbox 332 575 491 607; x_wconf 76' lang='lat' dir='ltr'><em>textum</em></span> <span class='ocrx_word' id='word_1_38' title='bbox 519 582 610 607; x_wconf 76' lang='lat' dir='ltr'><em>cum</em></span> <span class='ocrx_word' id='word_1_39' title='bbox 631 568 844 608; x_wconf 79' lang='lat' dir='ltr'><em>Vaticanis</em></span> <span class='ocrx_word' id='word_1_40' title='bbox 877 584 970 620; x_wconf 86' lang='lat' dir='ltr'><em>uno,</em></span> <span class='ocrx_word' id='word_1_41' title='bbox 1001 579 1040 609; x_wconf 84' lang='lat' dir='ltr'><em>et</em></span> <span class='ocrx_word' id='word_1_42' title='bbox 1068 569 1196 610; x_wconf 80' lang='lat' dir='ltr'><em>altero</em></span> <span class='ocrx_word' id='word_1_43' title='bbox 1225 571 1428 622; x_wconf 82' lang='lat' dir='ltr'><em>collatum,</em></span> <span class='ocrx_word' id='word_1_44' title='bbox 1458 581 1501 612; x_wconf 75' lang='lat' dir='ltr'><em>ut</em></span> <span class='ocrx_word' id='word_1_45' title='bbox 1533 573 1628 612; x_wconf 82' lang='lat' dir='ltr'><em>inde</em></span> 
     </span>
     <span class='ocr_line' id='line_1_7' title="bbox 156 639 1628 696; baseline 0.003 -18"><span class='ocrx_word' id='word_1_46' title='bbox 156 639 298 693; x_wconf 74' lang='lat' dir='ltr'><em>Regius</em></span> <span class='ocrx_word' id='word_1_47' title='bbox 328 642 626 695; x_wconf 60' lang='lat' dir='ltr'><em>antiquissimu&amp;</em></span> <span class='ocrx_word' id='word_1_48' title='bbox 661 641 920 696; x_wconf 78' lang='lat' dir='ltr'><em>Theophanis</em></span> <span class='ocrx_word' id='word_1_49' title='bbox 951 651 1084 682; x_wconf 73' lang='lat' dir='ltr'><em>textus</em></span> <span class='ocrx_word' id='word_1_50' title='bbox 1114 643 1336 695; x_wconf 81' lang='lat' dir='ltr'><em>illustrari,</em></span> <span class='ocrx_word' id='word_1_51' title='bbox 1367 645 1543 695; x_wconf 84' lang='lat' dir='ltr'><em>sarciri,</em></span> <span class='ocrx_word' id='word_1_52' title='bbox 1580 660 1628 685; x_wconf 81' lang='lat' dir='ltr'><em>ac</em></span> 
     </span>
     <span class='ocr_line' id='line_1_8' title="bbox 155 712 1630 769; baseline 0.004 -17"><span class='ocrx_word' id='word_1_53' title='bbox 155 712 366 752; x_wconf 81' lang='lat' dir='ltr'><em>emendari</em></span> <span class='ocrx_word' id='word_1_54' title='bbox 399 723 550 769; x_wconf 84' lang='lat' dir='ltr'><em>posset,</em></span> <span class='ocrx_word' id='word_1_55' title='bbox 595 716 880 754; x_wconf 78' lang='lat' dir='ltr'><em>transmiserit.</em></span> <span class='ocrx_word' id='word_1_56' title='bbox 939 714 1086 755; x_wconf 79' lang='lat' dir='ltr'><em>Deesse</em></span> <span class='ocrx_word' id='word_1_57' title='bbox 1114 717 1304 756; x_wconf 84' lang='lat' dir='ltr'><em>nimirum</em></span> <span class='ocrx_word' id='word_1_58' title='bbox 1333 715 1487 757; x_wconf 81' lang='lat' dir='ltr'><em>dictum</em></span> <span class='ocrx_word' id='word_1_59' title='bbox 1517 727 1630 758; x_wconf 84' lang='lat' dir='ltr'><em>tanto</em></span> 
     </span>
     <span class='ocr_line' id='line_1_9' title="bbox 157 785 1632 844; baseline 0.005 -20"><span class='ocrx_word' id='word_1_60' title='bbox 157 785 285 836; x_wconf 78' lang='lat' dir='ltr'><em>Viro,</em></span> <span class='ocrx_word' id='word_1_61' title='bbox 316 796 537 840; x_wconf 84' lang='lat' dir='ltr'><em>sanctoque</em></span> <span class='ocrx_word' id='word_1_62' title='bbox 566 788 621 826; x_wconf 83' lang='lat' dir='ltr'><em>ab</em></span> <span class='ocrx_word' id='word_1_63' title='bbox 651 788 835 841; x_wconf 82' lang='lat' dir='ltr'><em>aequali,</em></span> <span class='ocrx_word' id='word_1_64' title='bbox 883 789 953 828; x_wconf 82' lang='lat' dir='ltr'><em>vel</em></span> <span class='ocrx_word' id='word_1_65' title='bbox 979 790 1151 844; x_wconf 75' lang='lat' dir='ltr'><em>suppari</em></span> <span class='ocrx_word' id='word_1_66' title='bbox 1192 789 1447 831; x_wconf 86' lang='lat' dir='ltr'><em>Encomium.</em></span> <span class='ocrx_word' id='word_1_67' title='bbox 1507 791 1566 831; x_wconf 82' lang='lat' dir='ltr'><em>Id</em></span> <span class='ocrx_word' id='word_1_68' title='bbox 1589 802 1632 832; x_wconf 80' lang='lat' dir='ltr'><em>uc</em></span> 
     </span>
     <span class='ocr_line' id='line_1_10' title="bbox 152 860 1629 919; baseline 0.003 -19"><span class='ocrx_word' id='word_1_69' title='bbox 152 860 387 914; x_wconf 62' lang='lat' dir='ltr'><em>diligentia,</em></span> <span class='ocrx_word' id='word_1_70' title='bbox 418 874 468 899; x_wconf 88' lang='lat' dir='ltr'><em>ac</em></span> <span class='ocrx_word' id='word_1_71' title='bbox 497 861 734 901; x_wconf 79' lang='lat' dir='ltr'><em>auctoritate</em></span> <span class='ocrx_word' id='word_1_72' title='bbox 769 862 869 900; x_wconf 84' lang='lat' dir='ltr'><em>mihi</em></span> <span class='ocrx_word' id='word_1_73' title='bbox 900 862 1092 914; x_wconf 85' lang='lat' dir='ltr'><em>obtineat,</em></span> <span class='ocrx_word' id='word_1_74' title='bbox 1124 877 1260 903; x_wconf 84' lang='lat' dir='ltr'><em>omnes</em></span> <span class='ocrx_word' id='word_1_75' title='bbox 1302 864 1344 904; x_wconf 93' lang='lat' dir='ltr'><em>in</em></span> <span class='ocrx_word' id='word_1_76' title='bbox 1383 864 1629 919; x_wconf 77' lang='lat' dir='ltr'><em>Theophane</em></span> 
     </span>
     <span class='ocr_line' id='line_1_11' title="bbox 152 934 1627 990; baseline 0.001 -16"><span class='ocrx_word' id='word_1_77' title='bbox 152 948 335 974; x_wconf 81' lang='lat' dir='ltr'><em>numeros</em></span> <span class='ocrx_word' id='word_1_78' title='bbox 364 934 615 988; x_wconf 80' lang='lat' dir='ltr'><em>implevisse.-</em></span> <span class='ocrx_word' id='word_1_79' title='bbox 663 935 750 973; x_wconf 87' lang='lat' dir='ltr'><em>eius</em></span> <span class='ocrx_word' id='word_1_80' title='bbox 782 934 970 974; x_wconf 82' lang='lat' dir='ltr'><em>editionis</em></span> <span class='ocrx_word' id='word_1_81' title='bbox 1000 935 1229 975; x_wconf 75' lang='lat' dir='ltr'><em>maximam.</em></span> <span class='ocrx_word' id='word_1_82' title='bbox 1258 945 1510 976; x_wconf 84' lang='lat' dir='ltr'><em>consecutum</em></span> <span class='ocrx_word' id='word_1_83' title='bbox 1538 938 1627 990; x_wconf 78' lang='lat' dir='ltr'><em>glo-</em></span> 
     </span>
     <span class='ocr_line' id='line_1_12' title="bbox 152 1007 1624 1063; baseline 0.003 -17"><span class='ocrx_word' id='word_1_84' title='bbox 152 1008 282 1060; x_wconf 83' lang='lat' dir='ltr'><em>riam,</em></span> <span class='ocrx_word' id='word_1_85' title='bbox 309 1015 607 1060; x_wconf 83' lang='lat' dir='ltr'><em>patronumque</em></span> <span class='ocrx_word' id='word_1_86' title='bbox 641 1008 682 1046; x_wconf 86' lang='lat' dir='ltr'><em>in</em></span> <span class='ocrx_word' id='word_1_87' title='bbox 715 1008 837 1046; x_wconf 87' lang='lat' dir='ltr'><em>caelis</em></span> <span class='ocrx_word' id='word_1_88' title='bbox 865 1007 1110 1047; x_wconf 79' lang='lat' dir='ltr'><em>demeruisse</em></span> <span class='ocrx_word' id='word_1_89' title='bbox 1135 1010 1472 1063; x_wconf 84' lang='lat' dir='ltr'><em>potentissimum.</em></span> <span class='ocrx_word' id='word_1_90' title='bbox 1533 1013 1624 1050; x_wconf 85' lang='lat' dir='ltr'><em>Au-</em></span> 
     </span>
     <span class='ocr_line' id='line_1_13' title="bbox 151 1081 1624 1138; baseline 0.003 -18"><span class='ocrx_word' id='word_1_91' title='bbox 151 1081 212 1121; x_wconf 80' lang='lat' dir='ltr'><em>dic</em></span> <span class='ocrx_word' id='word_1_92' title='bbox 239 1082 342 1120; x_wconf 88' lang='lat' dir='ltr'><em>haec</em></span> <span class='ocrx_word' id='word_1_93' title='bbox 381 1081 483 1119; x_wconf 88' lang='lat' dir='ltr'><em>nihil</em></span> <span class='ocrx_word' id='word_1_94' title='bbox 522 1083 633 1134; x_wconf 75' lang='lat' dir='ltr'><em>segni</em></span> <span class='ocrx_word' id='word_1_95' title='bbox 661 1095 755 1121; x_wconf 83' lang='lat' dir='ltr'><em>aure</em></span> <span class='ocrx_word' id='word_1_96' title='bbox 794 1081 836 1120; x_wconf 89' lang='lat' dir='ltr'><em>E</em></span> <span class='ocrx_word' id='word_1_97' title='bbox 837 1082 1142 1122; x_wconf 80' lang='lat' dir='ltr'><em>minentissimus</em></span> <span class='ocrx_word' id='word_1_98' title='bbox 1174 1081 1363 1138; x_wconf 73' lang='lat' dir='ltr'><em>Princeps</em></span> <span class='ocrx_word' id='word_1_99' title='bbox 1378 1114 1388 1134; x_wconf 92' lang='lat'><em>,</em></span> <span class='ocrx_word' id='word_1_100' title='bbox 1421 1098 1510 1123; x_wconf 79' lang='lat' dir='ltr'><em>suos</em></span> <span class='ocrx_word' id='word_1_101' title='bbox 1543 1084 1624 1124; x_wconf 76' lang='lat' dir='ltr'><em>Ro-</em></span> 
     </span>
     <span class='ocr_line' id='line_1_14' title="bbox 151 1154 1627 1211; baseline 0.003 -18"><span class='ocrx_word' id='word_1_102' title='bbox 151 1168 272 1205; x_wconf 87' lang='lat' dir='ltr'><em>mae,</em></span> <span class='ocrx_word' id='word_1_103' title='bbox 305 1167 357 1195; x_wconf 87' lang='lat' dir='ltr'><em>ac</em></span> <span class='ocrx_word' id='word_1_104' title='bbox 387 1154 567 1195; x_wconf 79' lang='lat' dir='ltr'><em>aliorum</em></span> <span class='ocrx_word' id='word_1_105' title='bbox 591 1155 762 1207; x_wconf 73' lang='lat' dir='ltr'><em>frustra</em></span> <span class='ocrx_word' id='word_1_106' title='bbox 791 1155 944 1196; x_wconf 77' lang='lat' dir='ltr'><em>excutit</em></span> <span class='ocrx_word' id='word_1_107' title='bbox 980 1157 1160 1211; x_wconf 85' lang='lat' dir='ltr'><em>pluteos,</em></span> <span class='ocrx_word' id='word_1_108' title='bbox 1196 1156 1444 1209; x_wconf 67' lang='lat' dir='ltr'><em>Syracusas,</em></span> <span class='ocrx_word' id='word_1_109' title='bbox 1474 1172 1527 1199; x_wconf 89' lang='lat' dir='ltr'><em>ac</em></span> <span class='ocrx_word' id='word_1_110' title='bbox 1555 1158 1627 1198; x_wconf 86' lang='lat' dir='ltr'><em>Si-</em></span> 
     </span>
     <span class='ocr_line' id='line_1_15' title="bbox 149 1227 1626 1286; baseline 0.003 -19"><span class='ocrx_word' id='word_1_111' title='bbox 149 1227 291 1268; x_wconf 83' lang='lat' dir='ltr'><em>eilianz</em></span> <span class='ocrx_word' id='word_1_112' title='bbox 339 1229 539 1281; x_wconf 80' lang='lat' dir='ltr'><em>vestigat,</em></span> <span class='ocrx_word' id='word_1_113' title='bbox 584 1228 630 1268; x_wconf 95' lang='lat' dir='ltr'><em>V</em></span> <span class='ocrx_word' id='word_1_114' title='bbox 626 1229 781 1269; x_wconf 85' lang='lat' dir='ltr'><em>enetias</em></span> <span class='ocrx_word' id='word_1_115' title='bbox 818 1229 1017 1277; x_wconf 85' lang='lat' dir='ltr'><em>rimatur;</em></span> <span class='ocrx_word' id='word_1_116' title='bbox 1064 1230 1204 1283; x_wconf 86' lang='lat' dir='ltr'><em>illique</em></span> <span class='ocrx_word' id='word_1_117' title='bbox 1244 1231 1412 1270; x_wconf 84' lang='lat' dir='ltr'><em>tandem</em></span> <span class='ocrx_word' id='word_1_118' title='bbox 1442 1230 1626 1286; x_wconf 82' lang='lat' dir='ltr'><em>favente</em></span> 
     </span>
     <span class='ocr_line' id='line_1_16' title="bbox 150 1301 1622 1354; baseline 0.002 -13"><span class='ocrx_word' id='word_1_119' title='bbox 150 1301 322 1341; x_wconf 81' lang='lat' dir='ltr'><em>Numine</em></span> <span class='ocrx_word' id='word_1_120' title='bbox 353 1303 560 1342; x_wconf 84' lang='lat' dir='ltr'><em>thesaurus</em></span> <span class='ocrx_word' id='word_1_121' title='bbox 600 1303 774 1343; x_wconf 87' lang='lat' dir='ltr'><em>occurrit</em></span> <span class='ocrx_word' id='word_1_122' title='bbox 805 1305 847 1342; x_wconf 86' lang='lat' dir='ltr'><em>in</em></span> <span class='ocrx_word' id='word_1_123' title='bbox 879 1302 925 1342; x_wconf 87' lang='lat' dir='ltr'><em>S.</em></span> <span class='ocrx_word' id='word_1_124' title='bbox 965 1303 1109 1342; x_wconf 71' lang='lat' dir='ltr'><em>Alarci</em></span> <span class='ocrx_word' id='word_1_125' title='bbox 1139 1303 1414 1344; x_wconf 76' lang='lat' dir='ltr'><em>Bibliothecae</em></span> <span class='ocrx_word' id='word_1_126' title='bbox 1445 1304 1622 1354; x_wconf 75' lang='lat' dir='ltr'><em>Codice-,-</em></span> 
     </span>
     <span class='ocr_line' id='line_1_17' title="bbox 148 1374 1621 1431; baseline 0.001 -17"><span class='ocrx_word' id='word_1_127' title='bbox 148 1390 202 1414; x_wconf 67' lang='lat' dir='ltr'><em>ex</em></span> <span class='ocrx_word' id='word_1_128' title='bbox 228 1389 305 1430; x_wconf 83' lang='lat' dir='ltr'><em>quo</em></span> <span class='ocrx_word' id='word_1_129' title='bbox 344 1377 386 1414; x_wconf 80' lang='lat' dir='ltr'><em>in</em></span> <span class='ocrx_word' id='word_1_130' title='bbox 423 1388 493 1415; x_wconf 86' lang='lat' dir='ltr'><em>nos</em></span> <span class='ocrx_word' id='word_1_131' title='bbox 531 1374 744 1415; x_wconf 80' lang='lat' dir='ltr'><em>derivatus</em></span> <span class='ocrx_word' id='word_1_132' title='bbox 758 1407 769 1426; x_wconf 88' lang='lat'><em>,</em></span> <span class='ocrx_word' id='word_1_133' title='bbox 804 1390 928 1431; x_wconf 76' lang='lat' dir='ltr'><em>eaque</em></span> <span class='ocrx_word' id='word_1_134' title='bbox 952 1375 993 1414; x_wconf 86' lang='lat' dir='ltr'><em>E</em></span> <span class='ocrx_word' id='word_1_135' title='bbox 994 1376 1207 1415; x_wconf 84' lang='lat' dir='ltr'><em>nu&#39;nentiss.</em></span> <span class='ocrx_word' id='word_1_136' title='bbox 1230 1375 1466 1416; x_wconf 80' lang='lat' dir='ltr'><em>Cardinalis</em></span> <span class='ocrx_word' id='word_1_137' title='bbox 1510 1377 1621 1415; x_wconf 83' lang='lat' dir='ltr'><em>Bar-</em></span> 
     </span>
     <span class='ocr_line' id='line_1_18' title="bbox 149 1448 1624 1503; baseline 0.002 -17"><span class='ocrx_word' id='word_1_138' title='bbox 149 1448 282 1487; x_wconf 83' lang='lat' dir='ltr'><em>herini</em></span> <span class='ocrx_word' id='word_1_139' title='bbox 307 1448 547 1501; x_wconf 80' lang='lat' dir='ltr'><em>diligentia,</em></span> <span class='ocrx_word' id='word_1_140' title='bbox 575 1449 981 1503; x_wconf 80' lang='lat' dir='ltr'><em>Eminentissimique</em></span> <span class='ocrx_word' id='word_1_141' title='bbox 1013 1449 1199 1502; x_wconf 76' lang='lat' dir='ltr'><em>Cbllegae</em></span> <span class='ocrx_word' id='word_1_142' title='bbox 1230 1449 1398 1489; x_wconf 77' lang='lat' dir='ltr'><em>Cardia.</em></span> <span class='ocrx_word' id='word_1_143' title='bbox 1434 1450 1624 1489; x_wconf 83' lang='lat' dir='ltr'><em>Ottoboni</em></span> 
     </span>
     <span class='ocr_line' id='line_1_19' title="bbox 147 1521 1622 1578; baseline 0.001 -18"><span class='ocrx_word' id='word_1_144' title='bbox 147 1522 357 1576; x_wconf 83' lang='lat' dir='ltr'><em>beneficio,</em></span> <span class='ocrx_word' id='word_1_145' title='bbox 395 1532 517 1578; x_wconf 80' lang='lat' dir='ltr'><em>atque</em></span> <span class='ocrx_word' id='word_1_146' title='bbox 556 1537 730 1562; x_wconf 88' lang='lat' dir='ltr'><em>munere.</em></span> <span class='ocrx_word' id='word_1_147' title='bbox 780 1552 781 1555; x_wconf 19' lang='grc' dir='ltr'>η</span> <span class='ocrx_word' id='word_1_148' title='bbox 811 1521 979 1571; x_wconf 80' lang='lat' dir='ltr'><em>Habes,</em></span> <span class='ocrx_word' id='word_1_149' title='bbox 1014 1522 1158 1561; x_wconf 79' lang='lat' dir='ltr'><em>Lector</em></span> <span class='ocrx_word' id='word_1_150' title='bbox 1175 1552 1185 1571; x_wconf 91' lang='lat'><em>‚</em></span> <span class='ocrx_word' id='word_1_151' title='bbox 1214 1522 1316 1578; x_wconf 78' lang='lat' dir='ltr'><em>quid</em></span> <span class='ocrx_word' id='word_1_152' title='bbox 1323 1523 1422 1573; x_wconf 69' lang='lat' dir='ltr'><em>jere</em></span> <span class='ocrx_word' id='word_1_153' title='bbox 1445 1524 1622 1577; x_wconf 80' lang='lat' dir='ltr'><em>praesti-</em></span> 
     </span>
     <span class='ocr_line' id='line_1_20' title="bbox 146 1594 1620 1651; baseline 0 -16"><span class='ocrx_word' id='word_1_154' title='bbox 146 1604 231 1635; x_wconf 85' lang='lat' dir='ltr'><em>tum</em></span> <span class='ocrx_word' id='word_1_155' title='bbox 260 1596 302 1634; x_wconf 90' lang='lat' dir='ltr'><em>in</em></span> <span class='ocrx_word' id='word_1_156' title='bbox 330 1594 594 1650; x_wconf 75' lang='lat' dir='ltr'><em>Theophane,</em></span> <span class='ocrx_word' id='word_1_157' title='bbox 624 1610 672 1634; x_wconf 87' lang='lat' dir='ltr'><em>ac</em></span> <span class='ocrx_word' id='word_1_158' title='bbox 701 1596 772 1649; x_wconf 83' lang='lat' dir='ltr'><em>qui</em></span> <span class='ocrx_word' id='word_1_159' title='bbox 802 1596 845 1634; x_wconf 82' lang='lat' dir='ltr'><em>in</em></span> <span class='ocrx_word' id='word_1_160' title='bbox 876 1609 922 1634; x_wconf 92' lang='lat' dir='ltr'><em>eo</em></span> <span class='ocrx_word' id='word_1_161' title='bbox 953 1595 1188 1634; x_wconf 78' lang='lat' dir='ltr'><em>contulerint</em></span> <span class='ocrx_word' id='word_1_162' title='bbox 1225 1609 1402 1651; x_wconf 80' lang='lat' dir='ltr'><em>operam,</em></span> <span class='ocrx_word' id='word_1_163' title='bbox 1435 1596 1529 1635; x_wconf 88' lang='lat' dir='ltr'><em>dum</em></span> <span class='ocrx_word' id='word_1_164' title='bbox 1557 1605 1620 1635; x_wconf 81' lang='lat' dir='ltr'><em>ta-</em></span> 
     </span>
     <span class='ocr_line' id='line_1_21' title="bbox 146 1665 1627 1723; baseline 0.001 -16"><span class='ocrx_word' id='word_1_165' title='bbox 146 1682 237 1708; x_wconf 87' lang='lat' dir='ltr'><em>men</em></span> <span class='ocrx_word' id='word_1_166' title='bbox 280 1668 405 1709; x_wconf 88' lang='lat' dir='ltr'><em>Viros</em></span> <span class='ocrx_word' id='word_1_167' title='bbox 431 1669 678 1709; x_wconf 85' lang='lat' dir='ltr'><em>clarissimos</em></span> <span class='ocrx_word' id='word_1_168' title='bbox 701 1669 865 1721; x_wconf 71' lang='lat' dir='ltr'><em>fratres</em></span> <span class='ocrx_word' id='word_1_169' title='bbox 911 1669 1140 1719; x_wconf 80' lang='lat' dir='ltr'><em>Puteanos,</em></span> <span class='ocrx_word' id='word_1_170' title='bbox 1170 1666 1239 1708; x_wconf 83' lang='grc' dir='ltr'><em>τὸν</em></span> <span class='ocrx_word' id='word_1_171' title='bbox 1279 1665 1541 1723; x_wconf 62' lang='grc' dir='ltr'><strong><em>μακαρίτην,</em></strong></span> <span class='ocrx_word' id='word_1_172' title='bbox 1588 1680 1627 1710; x_wconf 77' lang='lat' dir='ltr'><em>et</em></span> 
     </span>
     <span class='ocr_line' id='line_1_22' title="bbox 145 1741 1622 1797; baseline -0.002 -16"><span class='ocrx_word' id='word_1_173' title='bbox 145 1756 258 1796; x_wconf 76' lang='lat' dir='ltr'><em>quem</em></span> <span class='ocrx_word' id='word_1_174' title='bbox 291 1741 401 1781; x_wconf 77' lang='lat' dir='ltr'><em>Deus</em></span> <span class='ocrx_word' id='word_1_175' title='bbox 432 1743 502 1781; x_wconf 83' lang='lat' dir='ltr'><em>diu</em></span> <span class='ocrx_word' id='word_1_176' title='bbox 532 1743 780 1796; x_wconf 77' lang='lat' dir='ltr'><em>superstitem</em></span> <span class='ocrx_word' id='word_1_177' title='bbox 811 1752 954 1790; x_wconf 72' lang='lat' dir='ltr'><em>servet,</em></span> <span class='ocrx_word' id='word_1_178' title='bbox 985 1757 1054 1781; x_wconf 81' lang='lat' dir='ltr'><em>nec</em></span> <span class='ocrx_word' id='word_1_179' title='bbox 1083 1742 1188 1797; x_wconf 87' lang='lat' dir='ltr'><em>ipsos</em></span> <span class='ocrx_word' id='word_1_180' title='bbox 1216 1741 1394 1796; x_wconf 83' lang='lat' dir='ltr'><em>defuisse</em></span> <span class='ocrx_word' id='word_1_181' title='bbox 1411 1773 1421 1791; x_wconf 88' lang='lat'><em>,</em></span> <span class='ocrx_word' id='word_1_182' title='bbox 1451 1751 1494 1782; x_wconf 83' lang='lat' dir='ltr'><em>ut</em></span> <span class='ocrx_word' id='word_1_183' title='bbox 1519 1757 1622 1782; x_wconf 86' lang='lat' dir='ltr'><em>nus-</em></span> 
     </span>
     <span class='ocr_line' id='line_1_23' title="bbox 144 1814 1622 1871; baseline 0.001 -18"><span class='ocrx_word' id='word_1_184' title='bbox 144 1829 272 1870; x_wconf 81' lang='lat' dir='ltr'><em>quam</em></span> <span class='ocrx_word' id='word_1_185' title='bbox 304 1815 416 1855; x_wconf 84' lang='lat' dir='ltr'><em>bonis</em></span> <span class='ocrx_word' id='word_1_186' title='bbox 447 1814 593 1855; x_wconf 86' lang='lat' dir='ltr'><em>studiis</em></span> <span class='ocrx_word' id='word_1_187' title='bbox 621 1815 783 1865; x_wconf 83' lang='lat' dir='ltr'><em>desunt,</em></span> <span class='ocrx_word' id='word_1_188' title='bbox 823 1815 967 1871; x_wconf 78' lang='lat' dir='ltr'><em>(suibus</em></span> <span class='ocrx_word' id='word_1_189' title='bbox 988 1815 1144 1870; x_wconf 84' lang='lat' dir='ltr'><em>possint</em></span> <span class='ocrx_word' id='word_1_190' title='bbox 1164 1815 1364 1868; x_wconf 84' lang='lat' dir='ltr'><em>prodesse,</em></span> <span class='ocrx_word' id='word_1_191' title='bbox 1394 1829 1473 1855; x_wconf 84' lang='lat' dir='ltr'><em>non</em></span> <span class='ocrx_word' id='word_1_192' title='bbox 1493 1817 1622 1855; x_wconf 84' lang='lat' dir='ltr'><em>nesci-</em></span> 
     </span>
     <span class='ocr_line' id='line_1_24' title="bbox 146 1888 1622 1946; baseline 0 -19"><span class='ocrx_word' id='word_1_193' title='bbox 146 1890 271 1928; x_wconf 75' lang='lat' dir='ltr'><em>veris.</em></span> <span class='ocrx_word' id='word_1_194' title='bbox 333 1888 510 1929; x_wconf 84' lang='lat' dir='ltr'><em>Praeter</em></span> <span class='ocrx_word' id='word_1_195' title='bbox 535 1891 641 1928; x_wconf 86' lang='lat' dir='ltr'><em>enim</em></span> <span class='ocrx_word' id='word_1_196' title='bbox 675 1889 836 1942; x_wconf 74' lang='lat' dir='ltr'><em>Regium</em></span> <span class='ocrx_word' id='word_1_197' title='bbox 876 1889 1195 1946; x_wconf 71' lang='lat' dir='ltr'><em>antiquis-simum</em></span> <span class='ocrx_word' id='word_1_198' title='bbox 1234 1888 1436 1937; x_wconf 78' lang='lat' dir='ltr'><em>Codicem,</em></span> <span class='ocrx_word' id='word_1_199' title='bbox 1470 1889 1513 1927; x_wconf 87' lang='lat' dir='ltr'><em>in</em></span> <span class='ocrx_word' id='word_1_200' title='bbox 1542 1903 1622 1944; x_wconf 76' lang='lat' dir='ltr'><em>quo</em></span> 
     </span>
     <span class='ocr_line' id='line_1_25' title="bbox 144 1961 1621 2017; baseline 0 -17"><span class='ocrx_word' id='word_1_201' title='bbox 144 1961 326 2013; x_wconf 65' lang='lat' dir='ltr'><em>Syna-elli</em></span> <span class='ocrx_word' id='word_1_202' title='bbox 361 1961 715 2017; x_wconf 81' lang='lat' dir='ltr'><em>Chronographine</em></span> <span class='ocrx_word' id='word_1_203' title='bbox 759 1962 1016 2016; x_wconf 81' lang='lat' dir='ltr'><em>Theophanis</em></span> <span class='ocrx_word' id='word_1_204' title='bbox 1053 1969 1186 2000; x_wconf 65' lang='lat' dir='ltr'><em>textus</em></span> <span class='ocrx_word' id='word_1_205' title='bbox 1200 1990 1211 2007; x_wconf 89' lang='lat'>‚</span> <span class='ocrx_word' id='word_1_206' title='bbox 1270 1969 1435 2016; x_wconf 80' lang='lat' dir='ltr'><em>tumque</em></span> <span class='ocrx_word' id='word_1_207' title='bbox 1475 1961 1621 2000; x_wconf 80' lang='lat' dir='ltr'><em>Leonis</em></span> 
     </span>
     <span class='ocr_line' id='line_1_26' title="bbox 150 2033 1619 2090; baseline -0.001 -17"><span class='ocrx_word' id='word_1_208' title='bbox 150 2035 186 2073; x_wconf 88' lang='lat' dir='ltr'><em>G</em></span> <span class='ocrx_word' id='word_1_209' title='bbox 190 2035 417 2073; x_wconf 83' lang='lat' dir='ltr'><em>rammatici</em></span> <span class='ocrx_word' id='word_1_210' title='bbox 436 2034 686 2084; x_wconf 78' lang='lat' dir='ltr'><em>subnectitur,</em></span> <span class='ocrx_word' id='word_1_211' title='bbox 714 2049 768 2073; x_wconf 65' lang='lat' dir='ltr'><em>ea:</em></span> <span class='ocrx_word' id='word_1_212' title='bbox 787 2048 864 2090; x_wconf 76' lang='lat' dir='ltr'><em>quo</em></span> <span class='ocrx_word' id='word_1_213' title='bbox 883 2035 933 2072; x_wconf 87' lang='lat' dir='ltr'><em>P.</em></span> <span class='ocrx_word' id='word_1_214' title='bbox 957 2033 1077 2072; x_wconf 88' lang='lat' dir='ltr'><em>Goar</em></span> <span class='ocrx_word' id='word_1_215' title='bbox 1092 2033 1212 2072; x_wconf 82' lang='lat' dir='ltr'><em>edita</em></span> <span class='ocrx_word' id='word_1_216' title='bbox 1231 2035 1369 2072; x_wconf 83' lang='lat' dir='ltr'><em>onmia</em></span> <span class='ocrx_word' id='word_1_217' title='bbox 1395 2035 1619 2087; x_wconf 71' lang='lat' dir='ltr'><em>exscripsit,</em></span> 
     </span>
     <span class='ocr_line' id='line_1_27' title="bbox 145 2106 1620 2161; baseline -0.002 -16"><span class='ocrx_word' id='word_1_218' title='bbox 145 2108 434 2147; x_wconf 84' lang='lat' dir='ltr'><em>humanissime</em></span> <span class='ocrx_word' id='word_1_219' title='bbox 460 2107 783 2155; x_wconf 81' lang='lat' dir='ltr'><em>commodatum,</em></span> <span class='ocrx_word' id='word_1_220' title='bbox 818 2108 940 2147; x_wconf 81' lang='lat' dir='ltr'><em>etiam</em></span> <span class='ocrx_word' id='word_1_221' title='bbox 977 2106 1271 2158; x_wconf 73' lang='lat' dir='ltr'><em>Peyrezianum</em></span> <span class='ocrx_word' id='word_1_222' title='bbox 1318 2107 1445 2145; x_wconf 74' lang='lat' dir='ltr'><em>eidem</em></span> <span class='ocrx_word' id='word_1_223' title='bbox 1467 2121 1620 2161; x_wconf 87' lang='lat' dir='ltr'><em>procu..</em></span> 
     </span>
     <span class='ocr_line' id='line_1_28' title="bbox 146 2180 1623 2232; baseline -0.001 -13"><span class='ocrx_word' id='word_1_224' title='bbox 146 2189 287 2220; x_wconf 89' lang='lat' dir='ltr'><em>rarunt</em></span> <span class='ocrx_word' id='word_1_225' title='bbox 303 2211 314 2231; x_wconf 85' lang='lat'><em>,</em></span> <span class='ocrx_word' id='word_1_226' title='bbox 359 2195 408 2220; x_wconf 84' lang='lat' dir='ltr'><em>ac</em></span> <span class='ocrx_word' id='word_1_227' title='bbox 433 2180 516 2220; x_wconf 88' lang='lat' dir='ltr'><em>eius</em></span> <span class='ocrx_word' id='word_1_228' title='bbox 561 2194 647 2232; x_wconf 33' lang='lat' dir='ltr'><em>esse.</em></span> <span class='ocrx_word' id='word_1_229' title='bbox 672 2181 885 2220; x_wconf 83' lang='lat' dir='ltr'><em>voluerunt</em></span> <span class='ocrx_word' id='word_1_230' title='bbox 903 2210 913 2230; x_wconf 87' lang='lat'><em>,</em></span> <span class='ocrx_word' id='word_1_231' title='bbox 958 2194 1038 2219; x_wconf 86' lang='lat' dir='ltr'><em>nou</em></span> <span class='ocrx_word' id='word_1_232' title='bbox 1069 2180 1252 2219; x_wconf 81' lang='lat' dir='ltr'><em>inutilem</em></span> <span class='ocrx_word' id='word_1_233' title='bbox 1283 2180 1400 2219; x_wconf 85' lang='lat' dir='ltr'><em>illum</em></span> <span class='ocrx_word' id='word_1_234' title='bbox 1431 2188 1516 2219; x_wconf 89' lang='lat' dir='ltr'><em>tum</em></span> <span class='ocrx_word' id='word_1_235' title='bbox 1551 2194 1623 2219; x_wconf 85' lang='lat' dir='ltr'><em>suo</em></span> 
     </span>
     <span class='ocr_line' id='line_1_29' title="bbox 146 2252 1295 2308; baseline 0.001 -18"><span class='ocrx_word' id='word_1_236' title='bbox 146 2254 273 2307; x_wconf 84' lang='lat' dir='ltr'><em>ipsum</em></span> <span class='ocrx_word' id='word_1_237' title='bbox 300 2254 485 2303; x_wconf 87' lang='lat' dir='ltr'><em>nomine,</em></span> <span class='ocrx_word' id='word_1_238' title='bbox 515 2262 603 2293; x_wconf 87' lang='lat' dir='ltr'><em>tum</em></span> <span class='ocrx_word' id='word_1_239' title='bbox 628 2253 730 2308; x_wconf 83' lang='lat' dir='ltr'><em>quia</em></span> <span class='ocrx_word' id='word_1_240' title='bbox 758 2253 921 2293; x_wconf 82' lang='lat' dir='ltr'><em>collatus</em></span> <span class='ocrx_word' id='word_1_241' title='bbox 961 2267 1052 2291; x_wconf 84' lang='lat' dir='ltr'><em>cum</em></span> <span class='ocrx_word' id='word_1_242' title='bbox 1086 2252 1295 2291; x_wconf 82' lang='lat' dir='ltr'><em>Palatino.</em></span> 
     </span>
     <span class='ocr_line' id='line_1_30' title="bbox 261 2325 1616 2382; baseline -0.001 -17"><span class='ocrx_word' id='word_1_243' title='bbox 261 2327 550 2382; x_wconf 85' lang='lat' dir='ltr'><em>Theophanem</em></span> <span class='ocrx_word' id='word_1_244' title='bbox 579 2327 693 2366; x_wconf 83' lang='lat' dir='ltr'><em>brevi</em></span> <span class='ocrx_word' id='word_1_245' title='bbox 719 2336 907 2381; x_wconf 75' lang='lat' dir='ltr'><em>sequetur</em></span> <span class='ocrx_word' id='word_1_246' title='bbox 930 2326 1197 2365; x_wconf 83' lang='lat' dir='ltr'><em>Continuator</em></span> <span class='ocrx_word' id='word_1_247' title='bbox 1221 2340 1276 2365; x_wconf 72' lang='lat' dir='ltr'><em>ea:</em></span> <span class='ocrx_word' id='word_1_248' title='bbox 1295 2325 1337 2364; x_wconf 91' lang='lat' dir='ltr'><em>E</em></span> <span class='ocrx_word' id='word_1_249' title='bbox 1341 2326 1616 2365; x_wconf 69' lang='lat' dir='ltr'><em>mitu’ntissinzi</em></span> 
     </span>
     <span class='ocr_line' id='line_1_31' title="bbox 145 2397 1617 2453; baseline -0.001 -15"><span class='ocrx_word' id='word_1_250' title='bbox 145 2398 321 2438; x_wconf 84' lang='lat' dir='ltr'><em>eiusdem</em></span> <span class='ocrx_word' id='word_1_251' title='bbox 361 2397 598 2439; x_wconf 85' lang='lat' dir='ltr'><em>Cardiualis</em></span> <span class='ocrx_word' id='word_1_252' title='bbox 628 2399 853 2439; x_wconf 74' lang='lat' dir='ltr'><em>Bal-herini</em></span> <span class='ocrx_word' id='word_1_253' title='bbox 884 2398 1028 2438; x_wconf 78' lang='lat' dir='ltr'><em>Codice</em></span> <span class='ocrx_word' id='word_1_254' title='bbox 1046 2428 1057 2448; x_wconf 93' lang='lat'><em>,</em></span> <span class='ocrx_word' id='word_1_255' title='bbox 1094 2397 1157 2437; x_wconf 76' lang='lat' dir='ltr'><em>acl</em></span> <span class='ocrx_word' id='word_1_256' title='bbox 1190 2413 1306 2453; x_wconf 74' lang='lat' dir='ltr'><em>(suem</em></span> <span class='ocrx_word' id='word_1_257' title='bbox 1352 2398 1481 2437; x_wconf 51' lang='lat' dir='ltr'><em>Pulli</em></span> <span class='ocrx_word' id='word_1_258' title='bbox 1519 2399 1617 2437; x_wconf 75' lang='lat' dir='ltr'><em>hene</em></span> 
     </span>
     <span class='ocr_line' id='line_1_32' title="bbox 144 2470 1620 2513; baseline -0.001 -2"><span class='ocrx_word' id='word_1_259' title='bbox 144 2473 274 2512; x_wconf 86' lang='lat' dir='ltr'><em>multa</em></span> <span class='ocrx_word' id='word_1_260' title='bbox 309 2473 502 2513; x_wconf 82' lang='lat' dir='ltr'><em>historica</em></span> <span class='ocrx_word' id='word_1_261' title='bbox 552 2473 874 2512; x_wconf 75' lang='lat' dir='ltr'><em>Etue&#39;nentissimi</em></span> <span class='ocrx_word' id='word_1_262' title='bbox 928 2471 1174 2512; x_wconf 81' lang='lat' dir='ltr'><em>Cardinalis</em></span> <span class='ocrx_word' id='word_1_263' title='bbox 1219 2472 1430 2511; x_wconf 65' lang='lat' dir='ltr'><em>lfflaznrini</em></span> <span class='ocrx_word' id='word_1_264' title='bbox 1474 2470 1620 2510; x_wconf 55' lang='lat' dir='ltr'><em>Codex·</em></span> 
     </span>
    </p>
   </div>
   <div class='ocr_carea' id='block_1_3' title="bbox 143 2544 1615 2602">
    <p class='ocr_par' dir='ltr' id='par_1_3' title="bbox 143 2544 1615 2602">
     <span class='ocr_line' id='line_1_33' title="bbox 143 2544 1615 2602; baseline -0.001 -18"><span class='ocrx_word' id='word_1_265' title='bbox 143 2546 403 2597; x_wconf 80' lang='lat' dir='ltr'><em>spississimus</em></span> <span class='ocrx_word' id='word_1_266' title='bbox 434 2555 623 2599; x_wconf 77' lang='lat' dir='ltr'><em>suggeret,</em></span> <span class='ocrx_word' id='word_1_267' title='bbox 655 2547 753 2586; x_wconf 86' lang='lat' dir='ltr'><em>iusto</em></span> <span class='ocrx_word' id='word_1_268' title='bbox 777 2546 1011 2602; x_wconf 85' lang='lat' dir='ltr'><em>complendo</em></span> <span class='ocrx_word' id='word_1_269' title='bbox 1043 2546 1254 2585; x_wconf 87' lang='lat' dir='ltr'><em>volumine.</em></span> <span class='ocrx_word' id='word_1_270' title='bbox 1278 2545 1323 2583; x_wconf 90' lang='lat' dir='ltr'><em>V</em></span> <span class='ocrx_word' id='word_1_271' title='bbox 1319 2545 1394 2584; x_wconf 68' lang='lat' dir='ltr'><em>alr.</em></span> <span class='ocrx_word' id='word_1_272' title='bbox 1423 2544 1490 2583; x_wconf 63' lang='lat' dir='ltr'><em>lv.</em></span> <span class='ocrx_word' id='word_1_273' title='bbox 1527 2544 1615 2583; x_wconf 70' lang='lat' dir='ltr'><em>Ka-</em></span> 
     </span>
    </p>
   </div>
   <div class='ocr_carea' id='block_1_4' title="bbox 144 2618 658 2660">
    <p class='ocr_par' dir='ltr' id='par_1_4' title="bbox 144 2618 658 2660">
     <span class='ocr_line' id='line_1_34' title="bbox 144 2618 658 2660; baseline 0.008 -4"><span class='ocrx_word' id='word_1_274' title='bbox 144 2618 286 2660; x_wconf 82' lang='lat' dir='ltr'><em>lena&#39;as</em></span> <span class='ocrx_word' id='word_1_275' title='bbox 319 2618 434 2659; x_wconf 87' lang='lat' dir='ltr'><em>Maii</em></span> <span class='ocrx_word' id='word_1_276' title='bbox 452 2618 658 2660; x_wconf 84' lang='lat' dir='ltr'><strong>MDCLV.</strong></span> 
     </span>
    </p>
   </div>
  </div>
 </body>
</html>
