1708 3172
177 164 287 205 XXX
634 128 990 200 'THEOPHAle
1035 155 1178 198 ἪΤΑ.

177 264 409 320 λα’μπρυνε,
439 263 509 306 καί
537 261 733 314 ἐξαισίων
756 262 1012 314 θαυμασίων
1044 256 1322 312 τερατουργὸν
1354 254 1640 310 ἐνειργάσατο.

179 331 214 375 εἰ
244 335 323 384 μὲν
348 326 423 374 οὖν
464 329 599 377 πάντα
628 332 760 383 λέγειν
798 326 990 382 ἐθελήσω
1019 323 1099 368 ὅσα
1127 324 1224 366 θεία
1250 322 1376 378 χάρις
1404 324 1538 380 τούτῳ
1572 325 1643 364 δε-

179 399 342 455 δώρητο
371 397 445 453 τήν
470 399 651 439 ἑνοίκιαν
681 396 972 448 ἀσπασαμένη,
1002 391 1101 441 τούς
1121 407 1165 434 τε
1193 393 1276 433 τῶν
1307 389 1523 454 ἐγκωμίων
1552 391 1645 432 ἐπι-

178 468 451 520 λυμανοῦμαι
485 462 650 518 νόμους,
679 479 748 504 και
780 459 801 502 ὃ
829 459 951 516 λόγος
970 458 1189 507 διαλυθεὶς
1216 458 1274 508 ὥς
1301 459 1344 501 ἐν
1370 458 1538 515 μεγάλῳ
1569 473 1646 498 πε-

179 534 296 589 λάγει
323 534 459 574 πλέων
489 529 726 586 οιχήσεται.
799 530 839 571 εἰ
867 529 913 570 δὲ
941 527 995 570 τὰ
1025 524 1155 568 πλείω
1186 540 1336 604 παρεις
1366 524 1516 579 ὀλίγων
1548 526 1683 566 ἐπι-5

178 599 495 657 μνησθήσομαι
523 614 591 640 και
625 596 645 638 ὁ
677 596 796 652 λόγος
822 598 904 646 ἕξει
935 594 978 636 τὸ
1007 594 1198 650 α’σφαλὲς
1227 588 1368 645 ὥσπερ
1396 590 1467 633 ἐπὶ
1494 597 1646 647 κρηπῖ-

180 669 251 718 δος
279 667 597 721 ἐρηρεισμένος,
637 661 715 705 κάκ
756 679 839 705 των
879 662 1095 718 ῥηθέντων
1129 653 1436 715 ἀκριβεστάτην
1469 660 1550 711 ἕξει
1577 676 1645 700 και

179 733 232 777 τὰ
267 731 580 788 ὑπολειφθέντα
609 747 685 786 την
716 728 917 785 δήλωσιν.

288 801 458 854 Ἀγρίου
490 798 686 852 δαιμονος
716 798 899 854 ἐπιφοριῖ
927 797 987 846 τίς
1020 812 1102 837 των
1134 796 1267 837 ἐκεῖσε
1287 791 1648 848 πολιορκούμενος,

181 869 348 926 φρενῶν
378 865 533 922 ἔοηιιος
561 865 761 921 ἐξαίφνης
794 863 1077 905 unffi-armat
1138 879 1207 903 και
1235 859 1313 910 τὰς
1342 862 1496 910 οἰκείας
1525 876 1648 902 κατε-
1667 886 1708 912 10

180 935 315 978 σθίων
357 935 518 989 σάοκας
553 949 608 982 ως
641 932 890 986 ἀλλοτρίας,
919 927 1057 984 βαρύς
1085 926 1246 986 ἑκάστω
1276 944 1361 969 των
1390 925 1648 982 προσιόντων

180 1005 407 1045 ἐδειᾘκνυτο
478 1001 620 1056 δεσμιῦ
652 1001 798 1040 τοῦτον
840 995 1136 1052 περιβαλόντες
1177 996 1361 1045 πλειόνες
1403 1011 1472 1038 και
1501 996 1651 1043 πέδαις

181 1067 524 1125 ἀσφαλισάμενοι
568 1068 736 1123 φρουρᾷ
773 1066 1069 1118 παρενέβαλον,
1101 1061 1294 1119 φύλακας
1323 1061 1647 1118 ἐπιστήσαντες·

181 1134 290 1177 ἀλλὰ
319 1138 420 1187 μιᾶς
447 1133 628 1188 ἑσπέρας
658 1131 762 1188 πρὸς
790 1129 891 1173 θεὸν
918 1129 1053 1172 ἱκεσία
1079 1131 1155 1171 τοῦ
1173 1130 1521 1184 παραλυποῦντος
1541 1128 1650 1171 dno-

183 1201 360 1254 δείξασα
393 1198 643 1256 ἐλεύθερον,
689 1198 773 1242 τῶν
814 1199 952 1240 πεδῶν
982 1198 1239 1239 ἐκπεσόντων
1268 1195 1426 1252 α’θρόον
1460 1200 1536 1238 τοῦ
1563 1195 1708 1243 oui-15

181 1267 326 1325 ματος,
355 1267 460 1323 πρὸς
489 1267 534 1310 τό
555 1265 759 1323 κυριακὸν
789 1264 1018 1320 σωφρόνως
1046 1263 1274 1306 ἐπανιόντα
1294 1264 1552 1320 παρέδειξεν,
1581 1263 1653 1306 τὸν

181 1338 280 1390 πρὶν
313 1337 569 1390 παραπλῆγα
603 1334 676 1375 καί
705 1334 807 1374 πᾶσι
842 1330 1114 1387 δυσάντητον.
1169 1330 1298 1385 χρεία
1327 1347 1389 1379 τις
1417 1331 1556 1373 ἐκάλει
1583 1330 1655 1372 τὸν

183 1401 301 1446 ὅσιον
329 1405 594 1457 πορευθῆναι
623 1399 728 1454 πρὸς
747 1398 792 1442 τι)
825 1403 1054 1454 πολίχνιον,
1085 1400 1157 1440 καί
1185 1398 1237 1452 δη
1257 1401 1536 1453 πορευθέντος
1560 1413 1655 1452 χει-

181 1470 275 1523 μών
307 1470 523 1512 ἐπιπίπτει
550 1467 815 1524 παράδοξος,
847 1465 1012 1519 κιῖμασί
1035 1482 1079 1507 τε
1121 1470 1289 1516 πολλοῖς
1315 1464 1548 1520 ἐξογκώσας
1575 1464 1652 1519 τὴν

183 1537 399 1579 θάλατταν
445 1537 519 1578 καί
553 1535 700 1591 ἄγριον
749 1535 967 1589 α’νεγείρας
995 1532 1066 1576 τόν
1097 1534 1315 1587 κλύδωνα,
1344 1532 1420 1589 τήν
1449 1531 1708 1574 έπάνοδοναε

185 1605 461 1658 ιίπετειγιζεν.
535 1602 557 1644 ὁ
603 1604 649 1645 δὲ
677 1605 728 1660 τῇ
759 1600 938 1658 συνήθει
973 1600 1278 1657 κρατυνάμενος
1306 1603 1466 1653 πίστει,
1496 1602 1551 1657 τῷ
1580 1599 1654 1654 την

187 1673 299 1714 ἰδίαν
325 1671 604 1727 ἐκπληροῦντι
632 1668 847 1712 διακονίαν
864 1669 1006 1725 φησίν,
1036 1663 1228 1724 ἄγγειλον
1254 1669 1304 1724 τῇ
1333 1666 1544 1725 συνδούλῃ
1573 1683 1653 1721 Za·

282 1813 313 1847 7.
339 1802 592 1848 -ἐρειρισμένος
615 1801 690 1834 Par.

187 1926 268 1948 eum
301 1924 489 1946 nnmerum
526 1911 637 1955 gratia
680 1910 903 1951 illustrabat,
940 1921 1131 1956 rerumque
1158 1909 1421 1943 admirabilium
1449 1912 1656 1944 effectorem

186 1961 404 2008 praestabat.
454 1959 622 2005 equidem
650 1960 678 1992 si
705 1959 838 2000 omnia,
865 1970 958 2004 quae
977 1958 1098 1992 divina
1122 1958 1234 2002 gratia
1264 1958 1302 1991 in
1328 1957 1398 1991 hoc
1426 1964 1550 1992 sancto
1580 1959 1654 1991 viro

186 2009 396 2044 inhabitans
421 2009 571 2052 elargita
598 2013 664 2049 est,
688 2018 835 2040 munera
870 2017 1082 2040 enumerare
1110 2007 1270 2046 voluero,
1297 2011 1333 2039 et
1360 2005 1532 2039 laudandi
1559 2006 1656 2050 leges

189 2058 413 2097 transiliam,
438 2062 474 2090 et
501 2056 617 2089 oratio
656 2066 737 2088 mea
762 2055 876 2088 instar
900 2055 1033 2098 navigii
1059 2054 1098 2087 in
1126 2054 1264 2099 ingenti
1291 2054 1418 2099 pelago
1445 2055 1555 2099 magis
1579 2054 1657 2087 dis-

188 2107 360 2139 solvetur.
428 2103 528 2149 quod
553 2104 581 2137 si
608 2114 723 2148 pauca
751 2102 955 2154 quaedam,
981 2101 1146 2148 pluribus
1174 2102 1327 2143 omissis,
1354 2103 1656 2141 commemorabo,

190 2159 227 2188 et
255 2154 369 2187 oratio
412 2157 585 2198 tanquam
631 2152 754 2185 littora
788 2147 912 2195 legens
936 2151 975 2183 in
1013 2156 1092 2184 tuto
1118 2149 1330 2192 versabitur,
1358 2155 1396 2184 et
1421 2162 1465 2185 ex
1489 2151 1534 2184 iis
1561 2161 1656 2196 quae

190 2202 286 2235 dieta
316 2200 461 2240 fuerint,
491 2200 632 2245 reliqua
658 2199 764 2232 facile
791 2199 1043 2232 conficientur.

285 2248 374 2282 Cum
402 2248 499 2281 saevi
528 2247 712 2281 daemonis
737 2248 876 2293 impetu
902 2246 1047 2292 quidam
1070 2245 1148 2278 illic
1174 2244 1355 2279 sodalium
1379 2246 1657 2292 opprimeretur,

190 2302 341 2343 repente
366 2298 497 2329 mentis
529 2297 600 2329 vim
629 2296 773 2328 amisit:
809 2305 1005 2340 carnesque
1028 2294 1190 2340 proprias
1216 2293 1318 2327 velut
1343 2294 1478 2327 alienas
1505 2294 1657 2333 lanians,

191 2344 330 2378 cunctis
355 2343 572 2377 adeuntibus
599 2344 773 2377 molestus
800 2343 989 2376 existebat.
1049 2343 1174 2386 itaque
1211 2341 1365 2375 vinculis
1399 2348 1436 2375 et
1473 2341 1659 2386 compedi-

191 2393 258 2426 bus
278 2392 470 2432 revinctus,
497 2391 684 2425 custodiae
705 2391 864 2437 plurium
889 2390 1040 2424 consilio
1070 2389 1245 2423 adhibitis
1271 2390 1481 2423 custodibus
1507 2390 1659 2423 traditus
1683 2387 1685 2389 ’

192 2441 322 2474 fuerat.
373 2445 410 2473 at
424 2450 594 2484 vesperae
622 2439 728 2472 unius
754 2439 833 2472 fusa
848 2437 894 2471 ad
919 2437 1026 2471 deum
1049 2437 1278 2483 supplicatio,
1308 2449 1327 2471 a
1351 2443 1506 2472 vexante
1532 2437 1660 2482 spiritu

192 2488 401 2527 liberatum,
428 2488 583 2520 vinculis
611 2493 761 2532 repente
787 2486 1068 2527 dissilientibus,
1107 2484 1153 2518 ad
1180 2486 1366 2518 eeclesiam
1393 2498 1478 2519 sana
1506 2485 1661 2518 redeun-

192 2543 266 2570 tem
293 2542 413 2569 mente
439 2535 623 2576 ostendit,
660 2546 764 2575 eum,
804 2535 868 2580 qui
908 2535 1008 2581 prius
1043 2539 1164 2567 mente
1192 2539 1331 2578 captus,
1356 2535 1470 2578 gravis
1494 2533 1661 2566 omnibus

194 2589 272 2618 erat
309 2584 385 2618 ad
391 2595 590 2616 occursum.
641 2595 709 2616 usu
733 2583 854 2624 venit,
880 2588 920 2616 ut
943 2583 997 2616 vir
1021 2587 1163 2615 sanctus
1192 2580 1237 2614 ad
1273 2582 1447 2627 oppidum
1475 2581 1662 2627 quoddam

194 2632 411 2665 maritimum
438 2636 701 2664 accerseretur:
726 2630 791 2664 sed
818 2631 856 2663 in
880 2630 1001 2663 medio
1026 2641 1129 2663 cursu
1158 2634 1352 2674 tempestas
1377 2631 1503 2674 ingens
1532 2630 1662 2662 oborta

195 2686 261 2721 est,
285 2691 356 2725 qua
383 2679 529 2724 pelagus
557 2680 712 2712 immane
737 2684 910 2724 quantum
936 2678 1128 2720 intumuit;
1163 2689 1340 2723 saevoque
1367 2679 1524 2711 excitato
1552 2678 1662 2710 fluctu

194 2727 442 2772 insuperabile
478 2728 549 2760 iter
579 2726 745 2760 redeunti
786 2726 918 2760 effecit.
979 2731 1016 2759 at
1039 2726 1093 2758 vir
1126 2731 1268 2758 sanctus
1294 2726 1401 2759 solita
1444 2725 1513 2759 [ide
1539 2725 1662 2765 fretus,

194 2776 380 2821 proprium
406 2775 568 2822 explenti
594 2775 836 2810 ministerium
864 2775 934 2809 ait:
970 2784 1140 2810 conservo
1169 2773 1258 2807 mari
1284 2773 1475 2817 denuncia,
1501 2779 1540 2807 ut
1565 2773 1662 2807 frae-
