1786 3204
265 186 284 222 1
307 185 322 221 ι
337 165 375 220 6
831 171 1180 216 THEOPI-IANIS

258 301 389 342 ρεσιν,
423 283 496 326 καί
524 279 601 337 τήν
628 282 713 323 τῶν
740 276 1004 334 πραγμάτων
1031 271 1300 323 κατάστασιν,
1329 267 1493 324 α’πῆρεν
1519 263 1604 309 α’πό
1631 265 1738 310 Ῥώ-

256 368 339 409 μης
370 351 392 393 ὅ
413 347 593 405 εὖσεβῆς
620 344 822 403 βασιλεὺς
845 340 1085 394 Θεοδόσιος,
1114 338 1188 380 καί
1215 332 1371 393 η’ρχετο
1402 336 1476 378 ε’πι
1500 337 1736 378 Κωνσταν-

257 416 512 462 τινούπολιν.
560 412 702 458 ἐλθών
743 413 790 454 δὲ
818 413 863 454 ἐν
903 404 1163 464 Μεδιολάιω
1197 398 1510 460 ἀρρωστήσας,
1534 399 1737 458 Ὁνώριον

258 484 332 528 τὸν
376 482 471 527 υἱόν
498 483 821 538 μετεστείλατο,
868 493 937 518 και
979 472 1247 526 θεασάμενος
1276 468 1409 513 αὐτὸν
1448 469 1551 528 ῥᾷον
1596 466 1735 525 ἔσχεν.

257 550 546 634 ιπηοδρομιάν
577 550 623 591 δὲ
653 545 757 590 ἰδών
785 542 893 599 μετὰ
916 540 961 584 τὸ
982 537 1155 597 ἄριστον
1181 538 1320 587 κακῶς
1347 539 1519 593 διετέθη
1548 535 1775 593 ἄθρόως,5

257 637 329 663 και
356 618 414 674 μὴ
464 614 643 671 ἰσχύσας
685 615 734 671 τῇ
767 614 882 670 δείλῃ
915 610 1128 662 ἀνελθεῖν,
1165 623 1222 664 τω
1251 604 1330 664 vic&
1358 606 1553 649 ἐκέλευσε
1578 606 1738 662 ταύτην

257 689 498 742 πληρῶσαι,
528 684 601 726 καί
629 684 680 740 τῇ
709 677 884 737 ἐπιούσῃ
914 693 1031 720 νυκτι
1054 673 1263 730 ἐκοιμήθη
1293 675 1340 717 ἐν
1365 674 1500 732 κυρία)
1529 670 1739 729 ὑπάρχων

258 755 365 796 ἒτων
394 749 607 807 ἐξήκοντα,
655 744 915 803 βασιλεύσας
954 742 1024 800 ε’τη
1060 741 1300 796 εκκαίδεκα,
1325 745 1589 796 καταλείψας
1615 743 1740 795 βασι-

258 824 346 869 λεῖς
385 818 483 868 τοὺς
523 814 600 859 δύο
639 813 762 864 υἱους
801 813 954 864 αυτοῦ,
980 808 1213 867 Ἀρκάὸιον
1242 810 1323 863 μὲν
1352 806 1422 852 τὸν
1450 807 1740 866 πρεσβύτερον

213 889 332 942 Βτῆς
360 883 484 943 ειρας,
505 881 708 939 Ὁνιόριον
738 883 785 924 δὲ
815 882 900 923 τῶν
929 877 1149 933 ἑσπερίων.
1187 874 1235 918 τὸ
1267 877 1314 919 δὲ
1341 878 1470 929 σῶμα
1496 876 1635 918 αὐτοῦ
1661 891 1737 930 με·
1756 892 1786 918 ιι

141 961 242 997 v.51
260 955 453 1009 τήνεγκεν
479 949 702 1008 Ἀρκάὸιος
732 967 777 991 εν
794 943 1245 991 Κωνσταντινουπόλει
1273 942 1348 988 καί
1373 942 1541 998 ἔθαψεν
1571 944 1632 994 εἰς
1662 941 1738 985 τὸν

259 1019 363 1064 ναόν
392 1021 476 1062 τῶν
505 1018 635 1073 ἁγίων
664 1013 927 1059 ἀποστόλων.

47 1105 243 1149 A‚M,5337
360 1087 586 1140 Ῥωμαίων
630 1085 842 1138 βασιλέων
886 1081 1120 1137 Ἀρκαδιόυ
1172 1079 1246 1123 καὶ
1291 1077 1498 1136 Ὁνωριόυ
1548 1076 1643 1129 ἔτος
1681 1075 1737 1121 α’.

150 1154 187 1187 Ρ·
200 1153 246 1197 64
371 1155 559 1209 Περσῶν
588 1152 795 1206 βασιλέως
831 1150 1120 1206 Ἰσδεγέρόους
1149 1146 1243 1199 ἔτος
1273 1151 1456 1204 πρῶτον.

376 1219 519 1278 Τούτῳ
550 1221 610 1277 τῷ
654 1218 740 1260 ἔτει
768 1216 994 1274 Ἀρκάὸιος
1034 1213 1314 1272 αὐτοκράτωρ
1357 1215 1635 1272 ἀναδειχθεὶς
1667 1212 1786 1259 t6v1!

258 1291 393 1346 μέγαν
419 1286 597 1343 ἔμβολον
626 1281 826 1342 ἄντικρυς
855 1285 935 1327 τοῦ
964 1284 1251 1341 Πραιτωριόυ
1281 1282 1453 1328 ἔκτισεν.

48 1375 248 1410 Α,Μ,5888
363 1353 530 1410 Ῥώμης
557 1353 788 1397 ἐπισκόπου
810 1349 1099 1396 Ἀναστασιόυ
1130 1350 1222 1402 ἔτος
1244 1348 1299 1395 α’.

48 1440 142 1474 ΑΜ,
156 1439 249 1484 5390
363 1422 533 1478 Ῥώμης
553 1419 782 1464 ἐπισκόπου
800 1421 1082 1476 Ἰννοκεντίου,
1097 1421 1364 1476 Ἀντιοχείας
1378 1416 1606 1463 ἐπισκόπου
1621 1420 1744 1462 Φλα-

222 1487 415 1547 Ββιανοῦ
443 1488 536 1539 ἔτος
559 1487 612 1532 α’.

379 1555 522 1616 Τούτῳ
553 1558 612 1616 τῷ
637 1552 722 1599 ἔτει
747 1557 952 1614 μετετέθη
980 1553 1036 1600 τοὶ
1055 1553 1242 1613 λείψανα
1270 1557 1348 1600 τοῦ
1364 1555 1489 1613 ἁγίου
1515 1554 1740 1614 προφήτου
1754 1571 1786 1598 2⁴

353 1703 388 1737 8
419 1698 596 1756 ἑξήκοντα
623 1699 691 1736 δύο
717 1711 736 1733 e
760 1699 786 1734 f
914 1711 966 1734 ii.
996 1698 1037 1737 'A
1040 1698 1196 1748 ρκάδιος
1225 1701 1266 1742 Α,
1293 1698 1313 1737 ὅ
1337 1700 1440 1760 Ἀρκ.
1467 1700 1565 1746 vulg.
1690 1700 1745 1739 εἰς

351 1744 420 1829 τόιιι
451 1744 547 1786 ναὸν
575 1748 651 1785 τῶν
675 1747 797 1798 ἁγίων
824 1713 1060 1788 ἄποστόλωνρ
1080 1751 1129 1793 A,
1155 1752 1210 1790 εἰς
1231 1745 1319 1790 τούς
1347 1748 1483 1798 ἁγίους
1507 1746 1746 1788 ἀποστόλους·

352 1808 399 1831 vu
418 1807 450 1842 g.

260 1928 342 1975 pius
370 1928 566 1974 imperator
590 1928 820 1963 Theodosius
836 1931 948 1964 Roma
971 1930 1149 1976 migravit,
1176 1935 1214 1965 et
1237 1930 1382 1976 Cpolim
1408 1928 1568 1976 repetiit.
1596 1928 1744 1975 iamque

262 1977 515 2011 Mediolanum
545 1988 765 2022 progressus,
792 1978 830 2012 in
860 1978 1025 2012 morbum
1055 1979 1205 2013 incidit:
1231 1978 1485 2024 advocatoque
1511 1978 1587 2011 filio
1613 1977 1745 2011 Hono-

264 2026 338 2066 rio,
364 2029 401 2058 et
428 2035 472 2058 eo
496 2024 594 2066 viso,
630 2026 803 2059 nonnihil
841 2028 1039 2061 convaluit.
1104 2027 1190 2061 dato
1215 2038 1301 2060 mox
1329 2025 1509 2072 equestris
1535 2026 1745 2059 certaminis

263 2050 494 2118 spe'ctaculo,
541 2073 741 2118 derepente
776 2079 860 2119 post
895 2075 1088 2120 prandium
1136 2075 1284 2109 adversa
1315 2073 1530 2108 valetudine
1568 2074 1743 2114 iactatus,

264 2132 345 2154 cum
375 2119 442 2153 sub
479 2131 666 2166 vesperam
701 2132 739 2154 se
778 2129 1010 2168 praesentem
1047 2123 1223 2157 exhibere
1261 2124 1454 2177 nequiret,
1494 2122 1612 2155 filium
1639 2122 1749 2155 iussit

264 2168 512 2214 spectaculum
550 2168 762 2211 absolvere,
796 2176 833 2203 et
858 2172 1069 2218 insequenti
1108 2178 1217 2206 nocte
1243 2172 1384 2218 quievit
1409 2171 1448 2204 in
1474 2169 1636 2211 domino,
1665 2181 1748 2203 cum

264 2217 369 2250 annis
395 2216 581 2261 sexaginta
608 2217 766 2259 vixisset,
793 2218 976 2253 sexdecim
1001 2227 1198 2266 regnasset,
1222 2220 1379 2253 filiorum
1406 2223 1529 2252 autem
1554 2217 1748 2252 Arcadium

264 2264 446 2298 seniorem
486 2265 665 2306 orientis,
694 2265 897 2299 Honoriuin
923 2279 1008 2302 vero
1045 2269 1205 2314 partium
1230 2268 1465 2301 occiduarum
1492 2268 1750 2313 imperatorem

235 2350 237 2352 ,
264 2313 501 2357 relinqueret.
553 2312 630 2346 eius
655 2325 785 2359 corpus
811 2315 957 2360 Cpolim
981 2317 1172 2351 transtulit
1193 2316 1383 2358 Arcadius,
1409 2321 1447 2349 et
1472 2314 1513 2349 in
1543 2321 1751 2349 sanctorum

266 2360 515 2407 apostolorum
543 2361 679 2417 templo
709 2362 927 2397 recondidit.

77 2408 168 2442 A.C.
184 2409 251 2455 387
360 2408 601 2442 Romanoium
625 2410 884 2454 imperatorum
902 2412 1050 2446 Arcadii
1069 2417 1106 2447 et
1126 2412 1294 2454 Honorii,
1320 2411 1508 2446 Persarum
1526 2410 1620 2456 regis
1645 2410 1752 2445 Isde-

267 2455 385 2501 gei-dis
411 2467 526 2489 annus
552 2457 703 2502 primus.

363 2504 440 2536 Hoc
487 2515 583 2538 anno
622 2505 795 2540 Arcadius
831 2506 1031 2552 imperator
1062 2508 1300 2543 renunciatus
1341 2518 1362 2542 e
1396 2505 1572 2555 praetorii
1603 2506 1752 2552 regione

267 2551 440 2585 maiorem
465 2553 647 2596 porticum
677 2554 847 2588 extruxit.

359 2601 490 2633 Romae
515 2601 678 2647 eplSCOPI
704 2596 886 2636 Anastasil
912 2615 1027 2638 annus
1051 2615 1203 2650 prlmus-

135 2606 174 2638 C.
188 2605 256 2638 388

133 2652 171 2687 C,
188 2654 257 2699 390
364 2648 496 2681 Romae
533 2649 697 2695 episcopi
734 2651 941 2685 innocentii
978 2664 1095 2686 annus
1135 2652 1294 2699 primus,
1335 2650 1554 2686 Antiochiae
1591 2650 1756 2697 episcopi

268 2694 430 2728 Flaviani
459 2706 573 2729 annus
601 2709 751 2742 primus.

366 2743 444 2776 Hoc
469 2755 563 2778 anno
588 2750 690 2779 sexto
718 2745 851 2779 mensis
878 2747 992 2780 Pauni
1010 2747 1196 2782 Kalendas
1225 2747 1340 2783 sancti
1357 2747 1559 2794 prophetae
1583 2757 1755 2792 praecur-

272 2789 364 2823 soris
394 2796 431 2824 et
458 2791 642 2838 baptistae
667 2794 814 2827 Ioannis
842 2794 1019 2841 reliquiae
1046 2796 1304 2831 Alexandriam
1330 2802 1416 2832 sunt
1444 2795 1657 2830 translatae.

79 2605 121 2641 A.

81 2656 122 2690 A.
