1768 3106
291 144 409 221 ’494
854 159 1213 202 THEOPHANJS

290 264 369 321 τήν
394 266 588 322 γέφυραν
613 261 689 306 τοῦ
717 262 867 317 Τορνᾶ,
899 262 1169 317 παραχρῆμα
1198 262 1387 317 ἐκίνησεν
1416 261 1500 304 α’πὸ
1530 264 1607 305 τοῦ
1632 267 1768 306 παλα-

287 337 380 377 τιόυ
407 334 485 376 τοῦ
510 333 557 374 ἐν
582 331 855 385 Δασταγέρδ.
926 329 1059 378 αὐτὸς
1099 330 1144 372 δὲ
1178 330 1236 371 δι’
1277 325 1408 386 ἄλλης
1446 329 1550 373 ὖδοὸ
1578 331 1768 388 α’πῆλθεν

286 403 348 450 εἰς
375 396 479 443 ἄλλο
505 397 707 441 παλαι-ιον
737 395 786 438 τὸ
817 397 1115 451 ἐπιλεγόμενον
1140 398 1365 452 Βεβδοὶρχ.
1395 401 1468 440 καί
1493 401 1614 442 τοῦτο
1641 416 1768 441 κατα-

285 471 555 524 στρέψαντες,
582 467 656 507 καὶ
680 464 787 520 πυρὶ
813 463 1075 518 παραδόντες
1104 465 1393 521 ηὐχαρίστουν
1412 466 1468 524 τῷ
1496 468 1584 524 θεῷ
1608 469 1667 526 τῷ
1694 466 1766 508 διὰ

285 535 629 592 τῶνπρεσβειῶν
670 534 746 586 τῆς
781 530 986 574 θεοτόκου
1035 534 1211 575 τοιαῦτα
1258 531 1487 587 θαυμάσια
1529 536 1765 589 ποιήσαντι.

285 602 454 659 τίςγοὶρ
485 598 635 658 ἤλπιζε
652 598 854 655 Χοσρόην
883 606 1035 656 φυγεῖν
1067 599 1150 642 α’πὸ
1186 598 1415 655 προσώπου
1447 604 1527 644 τοῦ
1556 604 1767 656 βασιλέως

265 675 370 715 τῶν
393 668 616 723 Ῥωμαίων
646 670 692 710 ἐκ
720 669 803 710 τῶν
834 667 878 709 ἐν
896 669 1152 725 Δασταγὲρδ
1182 670 1398 711 παλατι’ων
1427 667 1501 711 καὶ
1527 671 1588 719 εἰς
1605 672 1765 726 Κτησι-

283 742 430 797 φῶντα
449 739 663 791 ἀπελθεῖν,
689 731 797 778 ὅπου
832 734 915 778 dud
946 734 1082 779 εἴκοσι
1103 734 1322 792 τεσσάρων
1343 739 1448 780 ἐτιόν
1464 737 1541 780 οῦκ
1570 738 1767 794 ἠνέσχετο

283 809 389 850 ἰδεῖν
419 805 732 862 Κτησιφῶντα,
763 803 873 846 ἀλλὰ
901 802 976 847 καὶ
1012 806 1058 847 ἐν
1089 806 1347 860 Δασταγὲρδ·
1382 800 1436 861 ἦν
1474 804 1528 848 τὰ
1568 804 1765 860 βασίλεια

244 875 447 927 Βαυ’τοῦ,·
478 867 604 928 εὗρον
625 873 674 914 δὲ
704 870 743 914 οἱ
773 871 871 914 λαοὶ
898 873 982 914 τῶν
1005 869 1227 926 Ῥωμαίων
1257 872 1392 915 αὐτοῦ’
1419 873 1464 916 ἐν
1491 875 1549 931 τῷ
1576 876 1764 932 παλατίῳ

281 942 542 997 Δασταγὲρδ
560 937 781 997 τριακόσια
801 940 937 994 βάνδα
956 936 1198 997 Ῥωμαίων,
1230 936 1339 996 ἅπερ
1361 942 1407 984 ἒν
1423 939 1647 998 διαφόροις
1664 940 1766 997 χρό.

283 1026 370 1060 νοις
399 1007 565 1063 ἔλαβον·
597 1003 722 1063 εὗρον
751 1010 799 1050 δὲ
823 1009 896 1050 καί
916 1006 1008 1064 εἴδη
1032 1008 1335 1063 οἷπομείναντα,
1359 1006 1489 1065 α’λόην
1518 1007 1675 1065 πολλὴν
1695 1008 1768 1051 καὶ

282 1076 389 1130 ξύλα
419 1076 586 1132 μεγάλα
613 1073 744 1132 α’λόης
776 1074 860 1118 α’πό
899 1077 1004 1119 δέκα
1032 1074 1107 1118 καὶ
1133 1074 1242 1118 ὀκτώ
1273 1078 1448 1131 λιτρῶν,
1477 1078 1552 1119 καί
1577 1077 1764 1131 με’ταξαν

280 1146 449 1201 πολλήν,
483 1144 557 1187 καὶ
583 1147 724 1200 πίπερ,
757 1146 831 1186 καί
859 1143 1073 1198 καρβάσια
1101 1146 1283 1196 καμίσια
1312 1143 1446 1187 πολλὰ
1477 1144 1585 1201 ὑπὲρ
1614 1143 1661 1187 τὸ
1687 1147 1763 1199 με’-

277 1229 389 1270 τρον,
422 1214 559 1268 ζάχαρ
594 1228 641 1254 τε
672 1215 746 1254 καί
775 1214 974 1267 ζιγγιβερ,
1005 1210 1080 1254 καὶ
1106 1206 1215 1254 ἄλλα
1247 1211 1340 1268 εἴδη
1370 1212 1516 1255 πολλοί.
1573 1216 1683 1263 τινὲς
1713 1215 1760 1256 δὲ

278 1283 354 1324 καί
383 1278 560 1337 ἄσημον,
588 1282 663 1323 καί
688 1279 921 1335 ὁλοσήρικα
955 1276 1119 1333 ἱμάτια,
1150 1277 1420 1335 νακοτὰπητοί
1448 1296 1494 1323 τε
1523 1281 1598 1322 καί
1626 1280 1761 1337 ταπή-

275 1366 346 1392 τια
377 1347 460 1391 dmi
509 1346 685 1404 βελόνης
715 1347 788 1390 καί
814 1350 977 1403 πλῆθος
1005 1346 1113 1390 πολὺ
1153 1350 1228 1389 καί
1254 1346 1362 1389 καλοὶ
1391 1347 1518 1404 πάνυ,
1544 1343 1650 1404 ἅπερ
1687 1347 1759 1391 διὰ

274 1416 323 1459 τὸ
351 1417 487 1472 βάρος
512 1414 649 1459 πάντα
677 1417 962 1458 κατέκαυσαν·
996 1414 1070 1456 καί
1099 1415 1198 1465 τοὺς
1225 1418 1510 1464 παπυλειὸνας
1537 1418 1615 1458 τοῦ
1641 1418 1758 1458 Χοσ-

270 1483 390 1542 ρόου,
420 1482 494 1527 καί
522 1483 622 1534 τούς
650 1481 875 1538 ἐμβόλους,
910 1482 984 1533 οὓς
1014 1480 1178 1526 ἔστενεν
1211 1479 1280 1526 ὅτε
1310 1484 1355 1526 ἐν
1374 1484 1526 1544 κάμπῳ
1556 1483 1757 1540 ἤπλίκευ-

371 1640 400 1662 1.
429 1628 471 1664 ἐκ
495 1626 562 1662 τοῦ
585 1627 625 1661 Α.
749 1637 782 1660 2.
811 1625 977 1670 ἀπῆλθεν
1006 1626 1047 1668 A,
1078 1626 1241 1670 ἐπῆλθεν
1266 1626 1360 1671 vulg.
1482 1626 1527 1672 3.²
1544 1621 1695 1671 Βεβόερχ
1713 1627 1752 1660 Α.

368 1678 401 1710 5.
425 1675 502 1711 τῶν
526 1676 610 1709 add.
640 1685 684 1708 ex
707 1675 748 1709 A.
892 1677 926 1709 6.
954 1675 1019 1710 τοῦ
1046 1674 1129 1708 add.
1158 1687 1201 1708 ex
1226 1676 1267 1708 A.
1409 1685 1461 1707 ιο.
1486 1674 1602 1720 εὖρον
1629 1677 1667 1714 Α,
1695 1673 1753 1708 εὖ-

367 1724 497 1772 ρόντες
519 1725 615 1770 vulg.
757 1723 880 1757 αὐτοῦ
905 1723 988 1756 add.
1019 1734 1062 1756 ex
1087 1725 1126 1756 A.
1274 1723 1323 1756 13.
1347 1723 1496 1769 μεγάλα
1524 1724 1566 1764 A,
1590 1722 1755 1769 μεγάλης

363 1774 461 1818 vulg.
587 1773 640 1806 13.
667 1773 732 1806 καὶ
759 1770 993 1819 ὀγδοήκοντα
1019 1774 1047 1805 Α
1075 1770 1098 1804 f·
1250 1772 1297 1815 ¹4·
1325 1774 1390 1805 καὶ
1418 1776 1502 1804 ante
1528 1774 1643 1817 πίπερ
1670 1771 1752 1804 add.

360 1833 405 1854 ex
429 1822 470 1854 A.
619 1821 670 1855 16.
700 1818 942 1863 νακοτιέπητα
967 1821 1008 1861 Α,
1035 1817 1226 1861 νακόπητα
1253 1819 1349 1863 vulg.
1473 1818 1634 1863 ταπήτια
1663 1821 1687 1852 Α
1717 1819 1754 1860 f,

362 1869 482 1906 τάπια
509 1869 606 1915 vulg.
738 1881 790 1916 ¹9·
818 1870 992 1905 ἔστεννεν
1016 1869 1044 1902 Α
1071 1868 1097 1910 f,
1127 1866 1364 1914 ἐστρώννυεν
1388 1867 1484 1912 vulg.

267 1992 336 2025 sito
364 1991 527 2032 movisse,
556 1989 778 2025 didicerunt.
837 1991 915 2036 ipse
955 1991 1155 2036 imperator
1192 1988 1238 2022 ad
1263 1989 1441 2036 palatium
1466 1988 1653 2022 Bebdarch
1683 2000 1751 2021 no-

267 2040 364 2072 mine
389 2040 576 2085 pervenit,
605 2051 724 2085 eoque
753 2050 876 2073 everso
903 2044 940 2072 et
966 2040 1049 2083 igne
1077 2039 1277 2078 devastato,
1300 2038 1368 2070 deo
1393 2048 1459 2082 per
1483 2037 1543 2070 dei
1570 2036 1751 2080 genitricis

266 2099 391 2133 preces
420 2088 507 2120 talia
534 2088 707 2120 miracula
742 2088 908 2133 operanti
941 2088 1074 2132 gratias
1109 2087 1244 2120 milites
1272 2085 1490 2119 referebant.
1540 2085 1621 2130 quis
1646 2095 1752 2117 nam-

264 2147 336 2181 que
364 2134 559 2168 chosroem
588 2135 634 2168 ab
663 2136 891 2180 imperatoris
919 2141 1115 2180 conspectu
1145 2135 1355 2178 fugiturum,
1381 2138 1418 2166 et
1443 2133 1580 2166 relictis
1605 2133 1751 2179 palatiis

263 2183 309 2216 nd
333 2182 533 2227 Dastagerd
559 2184 755 2224 extructis,
785 2183 1059 2228 Ctesiphontem
1093 2194 1130 2216 se
1158 2187 1388 2226 recepturum
1424 2186 1614 2227 sperasset,
1641 2182 1703 2227 qui
1730 2192 1751 2213 a

263 2237 423 2276 quatuor
451 2237 488 2264 et
512 2231 641 2275 viginti
671 2232 774 2264 aunis
788 2231 1066 2276 Ctesiphontem
1090 2229 1213 2264 videre
1245 2228 1461 2273 dedignatus
1486 2229 1524 2262 in
1553 2229 1749 2274 Dastagerd

265 2280 372 2325 regiis
401 2290 536 2312 moram
571 2279 716 2311 trahere
745 2279 1010 2312 consueverat?
1067 2289 1172 2324 porro
1214 2277 1252 2310 in
1285 2277 1422 2322 palatio
1449 2276 1648 2322 Dastagerd
1675 2283 1749 2310 tre-

263 2333 369 2361 centa
399 2327 499 2372 signa
529 2327 603 2360 sive
631 2327 768 2360 vexilla
807 2327 913 2360 variis
955 2327 1063 2360 bellis
1101 2325 1169 2359 sibi
1209 2331 1334 2370 erepta
1362 2327 1543 2359 Romanus
1570 2325 1750 2358 exercitus

263 2374 429 2409 offendit.
481 2375 616 2419 reperit
650 2375 759 2408 etiam
799 2375 1008 2408 divitiarum
1044 2379 1081 2408 et
1118 2379 1317 2406 aromatum
1348 2374 1485 2419 species
1511 2373 1678 2406 insolitas
1705 2384 1748 2407 eo

264 2425 336 2457 loci
367 2423 578 2463 derelictas,
619 2423 814 2467 plurimam
844 2423 1011 2455 nimirum
1037 2422 1168 2461 aloen,
1196 2432 1347 2466 magnae
1373 2422 1471 2455 aloes
1498 2421 1594 2466 ligna
1624 2420 1749 2454 decem

263 2478 302 2505 et
330 2477 411 2506 octo
437 2470 612 2503 librarum
641 2470 775 2515 pondo,
804 2476 840 2504 et
878 2471 1088 2503 immensam
1119 2469 1313 2502 sericorum
1342 2469 1485 2503 filorum
1510 2470 1664 2515 copiam,
1691 2470 1751 2514 pi-

263 2531 350 2565 per,
378 2518 583 2553 carbasinas
606 2519 773 2552 camisias
799 2530 907 2562 supra
933 2529 1122 2551 numerum
1151 2528 1306 2558 omnem,
1336 2517 1542 2552 zuccharum
1572 2523 1608 2551 et
1634 2517 1750 2562 zingi-

263 2569 340 2609 ber,
369 2574 406 2601 et
431 2572 633 2601 aromatum
656 2567 778 2611 plures
804 2567 955 2611 species,
999 2572 1184 2609 argentum
1215 2572 1362 2612 quoque
1389 2566 1575 2604 infectum,
1600 2565 1748 2602 hoiose-

263 2617 354 2649 ricas
381 2621 513 2655 vestes,
538 2615 773 2655 lectisternia,
800 2620 837 2648 et
861 2626 926 2647 acu
954 2614 1069 2659 pictos
1106 2619 1269 2658 tapetes,
1293 2619 1330 2647 et
1355 2614 1508 2647 aliorum
1536 2612 1747 2647 huiusmodi

262 2666 468 2709 congeriem
490 2664 702 2697 immensam
727 2674 879 2709 eamque
898 2662 1267 2707 praestantissimam,
1293 2673 1402 2708 quam
1429 2667 1576 2708 propter
1591 2660 1745 2708 pondus,

262 2724 343 2745 cum
368 2723 488 2745 secum
516 2722 592 2745 non
625 2711 790 2744 valerent
818 2710 1039 2748 distrahere,
1070 2710 1219 2742 flammis
1260 2715 1425 2743 cunctam
1451 2709 1742 2755 absumpserunt.

261 2759 308 2792 ad
334 2759 504 2794 Chosrois
529 2759 687 2793 tentoria
702 2765 739 2793 et
764 2759 922 2792 cortinas
940 2759 1144 2804 porticuum
1173 2759 1209 2791 in
1230 2769 1376 2798 morem,
1402 2769 1505 2803 quas,
1531 2757 1654 2790 castris
1680 2767 1744 2801 per

261 2818 363 2855 agros
395 2807 487 2850 fixis,
513 2807 700 2854 erigebat,
739 2813 950 2854 statuasque
978 2807 1056 2840 eius
1093 2807 1266 2852 plurimas
1292 2811 1550 2841 cremaverunt.
1601 2805 1742 2839 invenit
