1820 3120
291 123 404 199 778
854 141 1206 185 TumPuAms

281 245 413 300 μηνὸς
445 240 574 302 ὤφθη
605 245 791 301 κομήτης
817 243 863 287 ἐν
888 245 1082 302 σχήματι
1108 245 1316 300 λαμπρῶν
1339 244 1417 287 δύο
1445 242 1651 301 σεληνίων
1670 240 1773 287 ἕνω-

281 313 536 356 θὲντων-καί
561 313 690 356 πάλιν
724 314 1024 370 διαιρεθέντων
1052 316 1113 363 εἰς
1141 311 1332 370 διάφορα
1364 312 1584 368 σχήματα,
1613 311 1670 362 ὥς
1700 314 1774 354 καί

281 375 499 436 οἷκεφάλου
529 379 690 437 ἀνδρὸς
718 379 946 424 διάπλασιν
976 384 1241 437 τυπωθῆναι.
1324 379 1399 423 καί
1423 381 1475 436 τῇ
1509 379 1715 435 ἐπαύριον
1747 382 1772 437 ἦ

280 447 382 503 περὶ
421 451 495 505 τῆς
539 447 741 499 ἁλώσεως
791 448 1081 506 Μεσημβρίας
1119 444 1250 504 ἦλθεν
1288 449 1392 506 ἡμῖν
1432 447 1590 505 ἐλεεινὴ
1637 446 1773 505 φάσις

281 516 444 570 πάντας
482 521 669 562 πτοοῦσα
707 516 780 562 διά
823 516 1033 572 μειζόνων
1074 520 1214 560 κακῶν
1243 517 1496 575 οἷπεκδοχήν,
1569 515 1811 574 εὖρόντεςὸ

280 583 364 641 γάρ
395 584 531 641 αὐτὴν
567 583 607 628 οἱ
645 586 803 640 ἐχθροί
843 586 1138 640 πεπλησμένην
1177 582 1347 628 πάντων
1389 586 1474 628 τῶν
1503 583 1767 642 ὀφειλόντων

280 651 388 710 πρὸς
409 655 650 709 κατοίκησιν
675 653 917 710 ἀνθρώπων
937 659 1138 709 παρεῖναι
1157 649 1428 710 πραγμάτων,
1458 653 1618 708 ταύτην
1647 650 1773 706 ἐκρά-

241 728 416 777 Οτησαν
444 719 525 764 σὺν
556 723 610 779 τῇ
623 722 834 780 Δεβελτῷ,
862 722 908 764 ἐν
937 715 1001 771 οἷς
1030 719 1103 763 καί
1129 723 1325 778 σι’φωνας
1342 723 1533 775 χαλκοῦς
1550 715 1680 775 εὗρον
1698 719 1771 776 λς’,

281 791 453 832 καίτοῦ
492 790 546 831 δι’
590 789 736 832 αὐτῶν
773 790 1091 843 ἐκπεμπομένου
1133 789 1267 845 ὑγροῦ
1309 786 1446 844 πυρὸς
1494 789 1574 831 οὐκ
1613 779 1769 843 ὀλίγον,

279 859 447 914 χρυσοῦ
473 873 516 900 τε
547 860 618 899 καὶ
647 856 839 913 α’ργύρου
869 859 1045 912 πλῆθος.
1104 861 1162 916 τῷ
1191 859 1232 900 δ’
1262 853 1377 915 αὐτῷ
1406 855 1489 900 ἔτει
1520 857 1594 900 καί
1621 858 1772 899 πολλοὶ
1790 871 1820 896 ιι

279 928 361 970 ταῖν
394 924 497 969 κατὰ
529 927 829 982 Παλαιστίνην
857 927 1136 982 Χριστιανῶν
1175 928 1376 981 μοναχαῖν
1405 925 1480 968 καί
1503 926 1663 969 λαϊκῶν
1697 927 1772 968 καί

279 993 325 1038 ἐκ
358 994 495 1051 πάσης
516 993 678 1051 Συρίας
709 991 786 1049 τὴν
808 995 992 1049 Κύπρον
1023 997 1267 1049 κατέλαβον,
1298 992 1527 1051 φεύγοντες
1553 993 1632 1049 τήν
1662 989 1768 1047 ἅμε-

278 1079 381 1120 τρον
413 1064 599 1107 κάκωσιν
627 1066 712 1107 τῶν
746 1062 959 1118 Ἀράβων.
1030 1064 1241 1119 α’ναρχίας
1267 1062 1347 1119 γάρ
1380 1064 1608 1118 καθολικῆς
1638 1079 1768 1104 κατα-

277 1131 467 1188 σχούσης
497 1131 660 1187 Συρίαν
702 1130 777 1174 καί
813 1131 1036 1186 Αἴγυπτον
1074 1135 1148 1173 καί
1180 1130 1391 1189 Ἀφρικὴν
1418 1135 1492 1174 καί
1518 1134 1662 1174 πᾶσαν
1691 1130 1769 1186 την

278 1198 348 1243 ὑπ’
384 1198 544 1251 αὐτούς
576 1199 728 1256 α’ρχὴν,
762 1202 885 1256 φόνοι
904 1211 949 1243 τε
978 1202 1052 1243 καί
1082 1200 1279 1256 ἁρπαγαὶ
1305 1199 1379 1243 καί
1404 1205 1611 1256 μοιχεῖαι,
1642 1199 1766 1242 α’σέλ-
1787 1197 1820 1238 ιέ

276 1271 394 1325 γειαί
416 1285 459 1312 τε
491 1271 566 1313 καί
595 1272 727 1311 πᾶσαι
760 1269 933 1325 πράξεις
967 1274 1211 1324 θεοστυγεῖς
1253 1270 1298 1310 ἑν
1326 1267 1492 1322 κώμαις
1518 1285 1562 1311 τε
1593 1270 1664 1310 καί
1691 1267 1770 1311 πό-

233 1342 369 1383 Βλεσι
402 1335 487 1380 ὑπὸ
518 1340 598 1381 τοῦ
628 1340 829 1381 θεολέτου
860 1338 1001 1380 αὐτῶν
1019 1335 1173 1388 ἔθνους
1191 1335 1460 1394 ἑπράττοντο.
1519 1336 1563 1380 οἵ
1588 1352 1634 1380 τε
1658 1336 1767 1379 κατά

275 1405 353 1462 τὴν
396 1403 520 1461 ἁγίαν
563 1406 759 1462 Χριστοῦ
799 1408 878 1449 τοῦ
911 1408 1016 1448 θεοῦ
1074 1406 1197 1462 ἡμῶν
1238 1406 1362 1449 πόλιν
1395 1405 1621 1461 σεβάσμιοι
1650 1405 1770 1447 τόποι

284 1475 358 1529 τῆς
384 1472 510 1531 ἁγίας
542 1475 828 1531 ἀναστάσεως,
856 1476 932 1518 τοῦ
963 1478 1136 1530 κρανίου
1166 1474 1240 1518 καί
1265 1476 1349 1518 τῶν
1373 1475 1530 1517 λοιπῶν
1559 1470 1772 1529 ἐβεβηλώ-

386 1625 414 1647 1.
442 1614 623 1658 σεληνίων
650 1614 690 1655 Α,
718 1613 882 1658 σεληνῶν
907 1614 1001 1659 vulg.
1115 1625 1146 1647 2.
1179 1613 1230 1652 ὥς
1252 1615 1318 1648 καὶ
1342 1612 1536 1660 ἀκεφάλου
1562 1608 1702 1658 ἀνδρὸς
1725 1611 1768 1655 Α,

379 1664 444 1697 καὶ
469 1664 522 1701 εἰς
546 1663 741 1710 ἀκέφαλον
766 1661 893 1711 ἄνδρα
910 1663 1007 1707 vulg.
1105 1663 1139 1706 4.
1169 1662 1291 1710 φάσις
1318 1663 1359 1705 Α,
1389 1660 1535 1710 φαύσις
1559 1661 1656 1707 vulg.
1729 1673 1765 1706 9.

375 1711 665 1759 ἐκπεμπομένου
698 1713 738 1752 Α,
768 1713 1056 1759 ἐκπεπομπένου
1086 1712 1181 1757 vulg.
1326 1712 1377 1745 15.
1407 1705 1544 1750 αὐτοὺς
1570 1711 1618 1751 Α,
1642 1707 1770 1745 αὐτῶν

376 1760 473 1805 vulg.
623 1772 674 1806 ¹7·
701 1762 875 1796 θεολέτου
901 1762 949 1802 A,
982 1760 1185 1797 θεολέστου
1210 1759 1304 1806 vulg.
1463 1758 1693 1807 ἐπριέττονιο
1722 1758 1766 1799 Α,

377 1807 578 1855 ἐπράττετο
607 1809 702 1854 vulg.

277 1923 468 1963 misimus,
495 1924 708 1959 Novembris
742 1924 804 1959 die
844 1925 960 1971 primo
995 1930 1095 1970 gesta
1130 1931 1226 1960 sunt.
1285 1925 1419 1959 mensis
1455 1929 1577 1958 autem
1600 1923 1760 1958 eiusdem

276 1971 337 2005 die
363 1977 492 2019 quarto
518 1978 675 2007 cometes
704 1974 799 2007 visus
834 1979 890 2007 est
915 1974 1083 2007 lunarum
1122 1973 1273 2007 duarum
1301 1973 1347 2007 ad
1375 1974 1530 2007 invicem
1557 1974 1760 2007 iunctarum

275 2019 426 2054 formam
455 2020 627 2062 referens,
654 2033 747 2068 quae
781 2033 902 2056 rursus
929 2021 974 2055 ab
1003 2023 1155 2055 invicem
1185 2023 1394 2064 seiunctae,
1419 2028 1457 2057 et
1481 2023 1518 2056 in
1545 2022 1660 2055 varias
1686 2021 1762 2055 sor-

273 2080 350 2102 mas
375 2068 572 2113 figuratae,
611 2070 650 2104 in
675 2070 834 2104 hominis
867 2071 988 2116 capite
1019 2071 1178 2104 truncati
1218 2072 1378 2116 speciem
1408 2070 1606 2105 desierunt.
1661 2071 1761 2104 inse-

276 2117 406 2163 quenti
449 2117 508 2151 die
533 2118 665 2152 infelix
697 2119 852 2153 nuncius
890 2119 937 2152 de
963 2119 1204 2153 Mesembriae
1232 2119 1336 2153 clade
1362 2119 1408 2153 ad
1434 2131 1499 2153 nos
1525 2118 1667 2153 delatus
1692 2123 1758 2158 est,

276 2166 342 2212 qui
376 2177 503 2199 omnes
538 2165 584 2199 ob
622 2167 825 2211 graviorum
862 2168 1038 2201 malorum
1079 2169 1372 2214 expectationem
1418 2167 1627 2215 perterruit.
1681 2178 1760 2200 eam

276 2214 375 2247 enim
400 2213 578 2248 bonorum
619 2216 779 2249 omnium
817 2215 863 2250 ad
905 2215 1127 2250 commodam
1170 2216 1435 2251 habitationem
1474 2216 1762 2250 necessariorum

275 2263 383 2309 copia
414 2262 583 2297 refertam
609 2265 890 2309 comperientes,
916 2277 987 2298 una
1016 2277 1095 2298 cum
1122 2264 1282 2299 Debelto
1311 2276 1454 2311 cepere,
1476 2264 1610 2311 quibus
1638 2264 1676 2297 in
1702 2264 1761 2297 lo-

274 2311 325 2345 cis
355 2310 529 2358 siphones
553 2312 652 2345 aerei
677 2312 825 2357 triginta
853 2324 927 2353 sex,
958 2319 1068 2359 atque
1097 2313 1189 2358 ignis
1217 2312 1351 2360 liquidi
1374 2324 1440 2359 per
1467 2324 1530 2347 eos
1556 2311 1760 2353 emittendi,

272 2370 342 2393 nec
370 2371 446 2393 non
471 2360 549 2393 auri
577 2360 792 2406 argentique
819 2361 871 2394 vis
890 2362 1066 2395 immensa
1093 2367 1233 2407 reperta
1252 2367 1317 2395 est.
1370 2361 1498 2396 eodem
1527 2362 1634 2395 etiam
1663 2372 1759 2394 anno

273 2407 471 2442 Christiani
500 2409 661 2454 plurimi,
692 2420 802 2455 quum
827 2411 1027 2451 monastici,
1056 2415 1132 2443 tum
1159 2410 1243 2443 laici
1268 2408 1407 2444 ordinis
1432 2423 1477 2444 ex
1491 2410 1695 2444 Palaestina
1724 2413 1762 2442 et

273 2456 442 2490 universa
457 2457 570 2501 Syria,
587 2457 860 2492 intolerandum
874 2458 1027 2492 Arabum
1043 2459 1166 2503 iugum
1192 2458 1406 2504 illatumque
1432 2458 1502 2493 sibi
1531 2458 1761 2492 vexationem

275 2503 472 2550 fugientes,
501 2507 660 2551 Cyprum
695 2517 733 2539 se
770 2512 994 2552 receperunt.
1056 2518 1135 2540 cum
1165 2507 1262 2540 enim
1290 2506 1497 2553 imperandi
1526 2507 1582 2540 ius
1610 2506 1761 2539 univer-

275 2564 377 2594 sum,
403 2559 441 2587 et
467 2555 655 2600 potestatis
681 2555 844 2600 legitime
885 2554 1119 2599 gubernantis
1144 2554 1234 2588 ordo
1269 2567 1336 2600 per
1361 2555 1514 2600 Syriam,
1541 2555 1759 2599 Aegyptum,

273 2601 442 2642 Africam,
470 2607 507 2636 et
536 2604 739 2637 universam
758 2603 914 2637 Arabum
948 2602 1127 2637 ditionem
1145 2602 1309 2637 divulsus
1338 2616 1378 2637 ac
1396 2605 1544 2650 penitus
1559 2608 1759 2649 prostratus

274 2649 421 2691 iaceret,
448 2650 590 2692 caedes,
617 2652 775 2697 rapinae,
794 2651 988 2692 adulteria,
1007 2651 1192 2692 libidines,
1218 2653 1338 2696 omnia
1357 2652 1517 2698 denique
1533 2651 1668 2685 scelera
1689 2650 1758 2684 <leo

277 2696 416 2739 odiosa,
456 2705 528 2732 tam
554 2699 592 2733 in
621 2700 750 2744 plagis,
782 2712 891 2747 quam
915 2701 952 2734 in
969 2700 1056 2746 ipsis
1080 2697 1287 2734 civitatibus
1312 2700 1357 2733 ab
1382 2701 1449 2734 ista
1470 2705 1577 2745 gente
1604 2699 1758 2732 caelitus

276 2746 499 2792 profliganda
528 2747 829 2782 admittebantur.
860 2755 935 2784 tuin
960 2760 1045 2782 vero
1075 2748 1115 2782 in
1141 2753 1263 2783 sancta
1277 2748 1411 2784 Christi
1437 2749 1498 2783 dei
1524 2748 1636 2783 nostri
1666 2747 1759 2780 civi-

276 2799 364 2837 tate,
399 2801 543 2830 sanctae
570 2798 847 2832 resurrectionis
870 2799 911 2832 'et
928 2797 1114 2832 Calvariae
1143 2798 1351 2833 veneranda
1379 2798 1472 2840 loca,
1497 2809 1564 2832 nec
1589 2807 1664 2831 non
1686 2795 1756 2829 alia

1153 2958 1168 2973 ff
