1768 3106
262 147 377 215 334
817 139 1167 208 Tnizopnms

261 266 336 311 τὸν
363 265 646 322 Ἀρτασὴριον
676 266 877 317 κελεύσας
905 269 1072 322 πρῶτον
1109 267 1185 309 τοῦ
1210 264 1336 322 ἔργου
1366 264 1558 322 ἔχεσθαι.
1598 271 1658 328 τῷ
1688 271 1735 314 δὲ

120 340 164 376 V.
181 340 245 385 145
259 336 301 377 Γ
299 335 479 393 ρηγορίῳ
509 335 730 378 ἐπέταττεν
757 337 840 377 τῶν
864 334 1101 389 Ἀρμενίων
1130 333 1311 384 πολλοὺς
1350 333 1452 384 τούς
1480 337 1734 390 εὐτολμοτά-

257 417 357 452 τους
383 401 695 457 α’πολεξάμενον
735 403 795 452 εἰς
841 400 888 444 τὸ
938 399 1141 444 παλάτιον
1172 408 1370 456 παρεῖναι
1407 402 1458 444 τὰ
1492 405 1593 460 ξίφη
1620 404 1733 458 μόνα

257 471 616 526 ἐπιφερομένους,
655 469 731 512 καί
770 471 916 518 αὐτοῖς
954 468 1005 511 τά
1049 467 1322 523 βουλεύματα
1362 471 1514 526 μηδενί
1542 474 1732 523 ἐξειπεῖν.

125 544 243 580 P.182
258 534 477 594 προϊόντος
519 539 566 580 δὲ
611 539 692 579 τοῦ
733 535 890 590 πότου,
933 537 1008 578 καί
1049 538 1124 579 τοῦ
1163 537 1430 591 Γογθάριδος
1470 543 1768 594 καταβεβρε-5

257 608 412 662 γμένου
447 607 506 661 τῷ
536 603 647 663 οἴνῳ,
679 602 961 659 Ἀρτασήριος
988 604 1256 656 σπασάμενος
1301 605 1346 648 τὸ
1375 609 1496 663 ξίφος
1525 607 1629 650 κατὰ
1660 611 1732 650 τοῦ

256 673 469 728 τυράννου
496 671 664 727 ἐχώρει.
723 668 783 722 εἷς
811 675 858 715 δὲ
889 675 972 715 τῶν
1004 674 1175 715 οἰκετῶν
1204 671 1307 714 ἰδών
1335 675 1382 715 τὸ
1414 676 1534 732 ξίφος
1560 675 1732 732 γυμνόν,

256 742 461 795 ἀνέκραγε
480 772 492 794 ,
552 741 600 781 τί
620 740 759 792 τοῦτο,
788 733 823 781 αἶ
851 741 1073 793 βέλτιστε,·
1112 741 1258 794 λέγων.
1317 740 1338 782 ὁ
1369 742 1584 796 Γόγθαρις
1609 746 1731 799 στρέ-

253 820 343 861 ψας
371 806 416 850 τὸ
448 805 676 861 πρόσωπον
705 808 767 856 εἰς
798 805 929 849 αὐτόν
958 805 1148 861 ἔβλεπεν.
1211 806 1491 863 Ἀρτασὴριος
1521 811 1567 852 δὲ
1597 810 1732 852 αὐτὸν

251 879 307 934 τῷ
332 877 446 932 ξίφει
474 873 662 926 ἔπαισεν,
690 876 763 916 καί
789 874 864 930 την
894 875 1036 926 δεξιάν
1061 880 1187 929 χεῖρα
1218 876 1352 918 αὐτοῦ
1379 877 1566 933 ἀφεῖλεν.
1626 879 1761 923 α’να-ι

250 942 500 1000 πηδή’σαντα
535 943 582 984 δὲ
603 944 749 984 τοῦτον
777 940 1040 998 Ἀρταβάνης
1062 941 1285 997 μάχαιραν
1305 942 1576 998 σπασάμενος
1605 948 1651 989 ἐν
1678 948 1730 1004 τῇ

250 1014 328 1053 τοῦ
369 1007 577 1064 τυράννου
621 1012 786 1068 πλευρᾷ
829 1010 988 1066 ταύτην
1033 1007 1180 1066 ἔπηξεν
1219 1005 1324 1066 ἄχρι
1366 1014 1441 1066 τῆς
1482 1015 1629 1069 λαβῆς,
1659 1017 1732 1057 καί

251 1079 401 1121 τοῦτον
432 1073 555 1134 ἄφνω
594 1073 772 1124 ἀνεῖλεν.
845 1076 939 1121 τότε
967 1078 1227 1134 Ἀρταβάνης
1257 1078 1328 1121 τόν
1354 1077 1612 1123 Ἀθανάσιον
1639 1082 1730 1124 ἐπι-

253 1149 483 1200 μελεῖσθαι
511 1147 597 1186 τῶν
640 1146 684 1187 ἐν
724 1148 784 1203 τῷ
807 1148 997 1203 παλατίῳ
1025 1145 1272 1201 χρημάτων,
1316 1146 1462 1197 καθώς
1490 1148 1562 1190 ἐπί
1581 1147 1731 1205 Ἀρεο-

253 1215 400 1270 βίνδου
418 1246 429 1264 ,
462 1214 692 1256 ἐκέλευσεν.
771 1212 864 1255 ἐπεὶ
892 1214 939 1256 δὲ
970 1211 1009 1255 οἱ
1038 1212 1228 1270 φύλακες
1255 1212 1331 1270 τὴν
1359 1218 1436 1257 τοῦ
1464 1217 1504 1257 Γ
1503 1217 1760 1271 ογθάριόοςι

214 1278 453 1337 Βτελευτην
483 1279 671 1334 ἔμαθον,
708 1278 1006 1323 Ἰουστινιανὸν
1042 1278 1230 1335 α’νεβόων
1272 1283 1507 1324 καλλίνικον
1536 1286 1728 1337 βασιλέα.

250 1335 451 1392 ἐντεῦθεν
484 1347 523 1390 οἱ
550 1350 607 1406 τῷ
631 1351 808 1402 βασιλεῖ’
829 1345 1080 1404 εὐνοηκὸτες,
1109 1349 1436 1405 εἰσπηδήσαντες
1457 1351 1516 1401 εἰς
1543 1350 1621 1401 τὰς
1647 1354 1731 1394 τῶν

249 1418 515 1460 στασιαστῶν
555 1417 712 1469 οἰκίας,
745 1413 923 1466 τούτους
963 1415 1159 1459 ἔκτειναν.
1224 1416 1416 1474 Ἰωάννης
1458 1419 1504 1461 δὲ
1533 1417 1614 1461 σὺν
1642 1425 1730 1469 τοῖς

255 1480 520 1539 Οὗανὸηλοις
561 1483 622 1532 εἰς
647 1482 693 1526 τὸ
724 1481 840 1538 ἱερὸν
868 1482 1146 1540 καταφεύγει,
1179 1482 1252 1534 οὒς
1281 1483 1543 1541 Ἀρταβάνης
1573 1486 1624 1529 τὰ
1659 1503 1727 1528 πι-

249 1552 330 1595 στοὶ
353 1550 455 1601 δούς
471 1552 544 1593 καί
561 1550 783 1608 ἐξαγαγών,
812 1553 872 1602 εἰς
901 1550 1142 1604 Βυζάντιον
1172 1552 1429 1596 ἀπέστειλεν.
1457 1556 1600 1608 γέγονε
1630 1546 1676 1596 δὲ
1705 1554 1768 1599 δον

250 1622 327 1663 τοῦ
355 1618 565 1678 τυράννου
608 1617 735 1678 φόνος
780 1617 889 1674 μετὰ
916 1618 1140 1676 τριάκοντα
1179 1619 1223 1673 ἓξ
1263 1621 1426 1678 ἡμέρας
1471 1623 1545 1678 τῆς
1574 1621 1724 1665 τούτου

345 1776 380 1819 4.
408 1770 450 1810 τὸ
475 1773 547 1823 μὲν
571 1773 758 1822 βούλευμα
782 1774 824 1807 A.
973 1784 1024 1806 10.
1052 1772 1187 1809 ἔπεσεν
1221 1784 1240 1807 e
1279 1774 1304 1808 f.
1455 1776 1507 1812 13.
1537 1772 1652 1823 ἄφνω
1683 1775 1722 1818 Α,

345 1822 468 1871 ἄμφω
484 1822 594 1869 vulg.
715 1821 862 1859 ἀνεῖλεν
886 1832 918 1864 a,
945 1819 1095 1859 α’νεῖλογ
1121 1822 1217 1868 vulg.

249 1984 300 2027 di,
326 1995 405 2018 cum
429 1983 508 2030 ipse
533 1987 676 2029 tempus
702 1982 827 2016 adesse
847 1982 1044 2026 innuisset3
1074 1982 1294 2016 Artaserium
1312 1987 1432 2016 autem
1448 1983 1599 2029 primum
1617 1985 1721 2030 operi

247 2044 393 2066 manum
418 2031 608 2065 admovere
637 2031 832 2064 mandavit.
884 2030 930 2064 ad
955 2030 1044 2064 haec
1069 2030 1245 2075 Gregorio
1270 2031 1466 2076 praecepit,
1493 2037 1535 2065 ut
1560 2031 1722 2067 delectos

247 2081 499 2115 Armeniorum
523 2079 777 2113 audacissimos
807 2078 936 2123 gladiis
965 2080 1051 2112 solis
1083 2080 1260 2111 accinctos
1286 2077 1332 2111 ad
1359 2079 1534 2124 palatium
1563 2079 1717 2114 deduce.-

250 2135 328 2170 ret,
370 2129 464 2161 nulli
488 2134 610 2161 tamen
637 2139 680 2161 ex
705 2127 776 2160 illis
803 2127 1028 2173 propositum
1054 2127 1222 2172 aperiret.
1275 2136 1358 2171 ergo
1385 2128 1720 2172 compotatIOnibus

249 2176 393 2221 longius
419 2175 714 2222 procedentibus,
739 2176 894 2221 ipsoque
920 2174 1088 2209 Gotthari
1114 2175 1198 2208 vino
1227 2174 1296 2207 iam
1328 2174 1440 2219 probe
1466 2174 1625 2217 madido,
1652 2178 1720 2210 Ar-

249 2225 404 2258 taserius
429 2223 567 2257 nudato
605 2235 691 2257 ense
727 2223 766 2256 in
792 2229 985 2266 tyrannum
1019 2223 1133 2255 irruit.
1184 2232 1228 2254 ex
1258 2222 1403 2256 famulis
1429 2229 1551 2257 autem
1572 2224 1727 2270 quidam‘

193 2278 194 2282 ’
249 2272 315 2306 ubi
340 2283 463 2306 ensem
489 2271 596 2304 educi
621 2272 833 2316 conspexit,
859 2271 968 2305 simul
992 2270 1223 2304 exclamavit:
1251 2270 1339 2315 quid
1366 2270 1448 2312 hoc,
1478 2282 1498 2305 o
1527 2271 1637 2314 bone,
1663 2272 1720 2306 ‹li-

249 2332 347 2354 cens.
405 2319 592 2354 Gottharis
634 2320 782 2353 interim
814 2330 918 2353 verso
954 2318 999 2352 ad
1027 2329 1107 2352 eum
1127 2318 1231 2351 vultu
1263 2318 1506 2364 respiciebat:
1534 2331 1605 2353 una
1631 2331 1718 2355 vero

249 2367 372 2414 gladio
398 2368 577 2414 percussit
605 2367 813 2408 Artaserius,
841 2372 879 2401 et
903 2367 978 2400 eius
1001 2377 1143 2399 manum
1163 2365 1345 2400 dexteram
1373 2368 1584 2413 amputavit.
1615 2370 1719 2404 exilit

249 2417 434 2462 extemplo
450 2414 650 2456 Gottharis,
676 2421 713 2448 et
736 2414 873 2460 pariter
897 2413 1110 2449 Artabanes:
1138 2412 1198 2446 hic
1219 2425 1304 2447 vero
1331 2415 1507 2449 nudatum
1533 2427 1654 2450 ensem
1679 2418 1717 2450 in

248 2464 395 2510 tyranni
432 2464 527 2496 latus
556 2463 752 2511 impulsum
783 2462 829 2495 ad
869 2462 1040 2508 capulum
1075 2472 1188 2507 usque
1227 2462 1363 2496 infixit:
1388 2468 1500 2509 atque
1536 2464 1587 2498 ita
1611 2465 1718 2498 simul

249 2513 356 2548 ambo
384 2512 617 2546 sustulerunt.
666 2523 751 2544 mox
774 2509 1024 2551 Athanasium,
1058 2515 1098 2543 ut
1120 2511 1218 2555 prius
1256 2510 1322 2544 sub
1350 2510 1557 2545 Areobindo
1582 2519 1717 2558 egerat,

248 2560 462 2596 facultatum
487 2559 526 2592 in
553 2557 690 2604 palatio
717 2559 954 2603 repositarum
982 2569 1100 2591 curam
1118 2569 1240 2603 gerere
1265 2558 1367 2592 iubet
1383 2559 1593 2594 Artabaues.
1621 2572 1717 2593 nun—

249 2611 342 2643 ciata
379 2619 488 2655 porro
512 2605 713 2642 Gottharis
749 2611 885 2647 morte,
916 2606 1155 2640 Iustinianum
1190 2607 1443 2653 imperatorem
1484 2608 1655 2642 victorem
1681 2614 1718 2642 et

249 2656 549 2703 triumphatorem
573 2653 739 2688 custodes
762 2653 1042 2699 proclamarunt.
1105 2654 1286 2688 irruentes
1312 2654 1466 2689 subinde
1496 2655 1535 2689 in
1560 2655 1716 2690 seditio-

248 2717 370 2739 sorum
394 2705 543 2744 domos,
569 2702 632 2750 qui
664 2702 702 2735 in
732 2702 959 2747 imperatoris
986 2707 1107 2748 partes
1130 2703 1378 2745 inclinabant,
1403 2714 1466 2737 eos
1490 2703 1713 2737 occiderunt.

249 2754 405 2788 loannes
432 2758 552 2787 autem
579 2762 658 2784 cum
685 2749 861 2784 Vandalis
897 2750 936 2783 in
964 2750 1137 2796 templum
1171 2762 1208 2784 se
1235 2753 1381 2796 recepit,
1409 2762 1500 2798 quos
1530 2751 1614 2785 data
1642 2751 1717 2800 fidq

251 2802 401 2836 eductos
428 2799 635 2835 Artabanes‘
652 2799 750 2833 misit
774 2798 994 2842 Byzantium.
1055 2799 1200 2842 tyranni
1229 2798 1358 2833 caedes
1383 2799 1428 2833 ab
1455 2799 1608 2834 excitata
1637 2800 1715 2834 eiusi
