1786 3204
262 176 290 219 2.
301 176 329 234 7
343 177 372 215 α
781 204 784 206 ψ
820 174 1164 219 THEOPPANIS

119 286 157 330 Ρ.
178 285 238 321 15¹
255 276 331 329 καί
357 278 523 330 ἐξέθετο
551 273 574 318 ὅ
601 274 806 331 βασιλεὺς
840 276 998 333 νόμους
1033 278 1253 336 σφοδρούς
1280 278 1388 322 κατὰ
1417 278 1731 336 τῶνιιῖσελγαι-

254 348 423 404 νόντων,
451 348 525 388 καί
563 348 711 390 πολλοὶ
741 345 1075 404 ἐτιμωρήθησαν.
1143 348 1218 390 καί
1245 348 1405 403 ἐγένετο
1434 346 1568 406 φόβος
1599 351 1731 401 πολῦς

255 414 330 458 καὶ
356 414 586 472 ἀσφάλεια.
645 414 877 459 α’νενέωσεν
911 415 959 457 δὲ
985 413 1006 456 ὅ
1031 414 1235 468 βασιλεὺς
1264 412 1423 466 πάντας
1450 415 1547 466 τούς
1574 420 1732 460 παλαι-

255 482 335 534 οὑς,
353 482 521 537 ,νόμους
550 479 731 536 ποιήσας
756 482 1021 539 μονόβιβλον,
1048 481 1123 525 καί
1147 485 1330 534 καλέσας
1348 481 1456 526 αὐτὸ
1473 483 1548 534 τὰς
1573 485 1731 542 νεαρᾶς

257 547 485 604 διατάξεις,
514 551 561 593 ἐν
598 545 667 600 αἶς
703 552 757 592 ου’
798 551 1076 605 καταδέχεται
1110 550 1182 594 τὸν
1207 546 1394 607 ἄρχοντα
1432 553 1479 596 ἒν
1509 547 1572 603 οἷς
1602 549 1768 608 ἄρχειό

215 619 401 668 Βτόποις
429 616 661 674 ἀγοράζειν
692 619 846 674 κτῆμα,
874 614 901 675 ἢ
922 620 1071 670 κτίζειν
1098 614 1226 674 οἶκον,
1255 616 1285 676 ἢ
1313 623 1586 677 κληρονομεῖν
1614 623 1731 673 ξένον

257 687 500 744 πρόσωπον,
528 687 568 729 εἰ
594 683 656 741 μή
682 702 745 736 τις
769 684 972 742 συγγενὴς
1000 685 1111 745 αὐτῷ
1137 684 1338 743 ὖπὰρχει.

352 757 420 812 Τῷ
439 754 559 811 αὐτῷ
575 751 660 796 ἔτει
677 752 781 809 μηνί
795 755 1016 813 Νοεμβρίῳ
1036 752 1114 811 κθ’,
1136 751 1227 814 (ὅρα
1246 755 1294 810 γ’,
1315 754 1454 815 ἡμέρᾳ
1472 755 1507 799 δ’
1527 758 1734 800 ἶνδικτιαῖ-

259 838 328 873 νος
363 819 393 875 ζ’
427 820 586 864 ἔπαθεν
613 819 697 863 ὑπὸ
722 823 950 878 θεομηνίας
970 824 1090 866 πάλιν
1116 821 1367 879 Ἀντιόχεια
1397 824 1423 879 ἧ
1447 821 1609 882 μεγάλη
1626 825 1733 879 μετὰ

263 889 343 932 δύο
373 887 445 945 ἔτη
474 893 552 931 τοῦ
583 887 665 945 πρὸ
707 889 844 931 αὐτοῦ
871 889 1044 940 πάθους.
1110 893 1187 934 καί
1213 892 1374 946 ἐγένετο
1399 893 1574 947 σεισμός
1600 896 1734 949 μέγας
1752 913 1786 939 ι(

262 958 335 1002 ε’πί
364 953 482 1013 ὤραν
508 954 749 1011 piammon*
778 956 972 1013 βρυγμὸς
995 957 1039 1000 ἐκ
1082 961 1160 1001 τοῦ
1185 958 1368 1015 οὐρανοῦ
1398 958 1603 1017 φοβερός·
1663 963 1738 1005 καί

263 1023 412 1070 ἔπεσεν
438 1023 573 1077 πάντα
602 1022 653 1067 τὰ
682 1027 907 1074 κτισθέντα
939 1024 1009 1076 ἕως
1036 1023 1228 1084 ἐδάφους
1257 1029 1331 1070 καί
1345 1025 1397 1071 τά
1425 1027 1558 1086 τείχη,
1588 1031 1663 1072 καί
1689 1032 1736 1073 ἑκ

122 1101 168 1137 V.
187 1111 245 1136 121
264 1095 351 1137 τῶν
378 1091 437 1148 μή
467 1090 685 1136 πεσόντων
716 1095 911 1136 παλαιῶν
947 1093 1179 1149 κτισμάτων
1213 1096 1260 1138 ἐν
1299 1096 1358 1154 τῷ
1386 1095 1540 1156 πρώτῳ
1565 1094 1737 1157 σεισμῷ

263 1162 586 1217 κατηνέχθησαν
628 1163 729 1204 νῦν·
798 1162 872 1205 καὶ
911 1164 1017 1206 πᾶσα
1048 1162 1282 1220 εὐπρέπεια
1323 1160 1351 1220 ἦ
1380 1167 1579 1222 γενομένη
1607 1167 1653 1208 ἐν
1685 1167 1738 1224 τῇ

265 1228 388 1272 πόλει
417 1228 464 1272 ἔκ
490 1244 536 1272 τε
579 1229 663 1272 τῶν
691 1230 765 1272 τοῦ
806 1231 1008 1285 βασιλέως
1048 1234 1318 1288 φιλοτιμιῶν,
1346 1234 1421 1276 καί
1447 1228 1508 1276 ὦν
1539 1234 1584 1286 ἐξ
1617 1234 1737 1276 ἰδίων
1756 1235 1786 1276 1!

224 1295 306 1346 Coi
336 1300 507 1340 πολῖται
548 1296 849 1357 ᾠκοδόμησαν,
878 1295 1004 1341 πάντα
1033 1300 1279 1345 κατέπεσον.
1348 1301 1484 1344 ταῦτα
1513 1303 1739 1356 μαθοῦσαι

265 1363 313 1408 αἱ
342 1364 654 1422 πλησιάζουσαι
689 1366 833 1417 πόλεις
867 1366 977 1421 μετά
995 1369 1180 1415 πένθους
1209 1366 1463 1412 ἑλιτάνευον.
1522 1368 1740 1412 οἶπέθανον

265 1433 316 1475 δὲ
342 1432 416 1474 καί
440 1434 486 1476 ἐν
511 1433 643 1491 ταύτῃ
673 1435 722 1491 τῇ
752 1433 913 1478 πτώσει
940 1433 1124 1490 χιλιάδες
1156 1437 1360 1493 τέσσαρες
1398 1434 1474 1479 καί
1498 1435 1740 1480 ὀκτακόσιοι

266 1497 569 1557 ἑβδομήκοντα.
631 1499 670 1544 οἱ
699 1502 746 1544 δὲ
785 1503 981 1553 σωθέντες
1022 1500 1183 1560 ἔφυγον
1214 1504 1275 1553 εἰς
1317 1503 1395 1555 τὰς
1424 1498 1556 1555 ἄλλας
1585 1501 1737 1558 πόλεις,

265 1570 342 1612 καί
367 1569 429 1620 εἰς
457 1567 511 1612 τὰ
553 1562 631 1626 ὅρη
671 1571 718 1613 ἐν
747 1570 955 1626 καλύβαις
983 1565 1135 1631 ᾤκουν.
1193 1573 1339 1627 γέγονε
1380 1573 1428 1616 δὲ
1467 1573 1541 1616 καί
1575 1572 1786 1629 χειμῶνα(

363 1706 398 1740 3.
423 1699 511 1747 τούς
533 1708 736 1756 πολεμίους
761 1682 904 1756 νόμους
929 1719 954 1743 ι.
1063 1709 1096 1753 4.
1122 1705 1189 1751 τὰς
1213 1708 1296 1743 add.
1323 1720 1366 1743 ex
1391 1710 1432 1744 A.
1553 1711 1585 1746 5.
1611 1710 1652 1746 ἐν
1680 1705 1739 1749 οἷς

365 1752 416 1792 ἂν
443 1754 539 1805 ἄρχῃ
566 1767 598 1789 a.
701 1768 753 1789 ιο.
775 1756 903 1808 αὐτοῦ]
933 1755 1038 1800 αὐτῆς
1060 1758 1088 1791 Α
1115 1768 1148 1791 a.
1253 1769 1304 1792 ιι.
1333 1756 1504 1806 βρυγμὸς
1525 1756 1568 1800 A,
1595 1754 1738 1807 βομβός

365 1802 463 1850 vulg.
566 1814 617 1838 ια.
645 1804 790 1842 ἔπεσαν
816 1806 857 1840 A.
955 1807 1005 1840 18.
1031 1804 1192 1852 πτώσει]
1217 1806 1324 1842 πόλει
1352 1818 1384 1841 e.

270 1936 514 1971 venerandam
540 1936 755 1984 dignitatem
789 1950 835 1973 ne
863 1943 1143 1986 conspurcatote.
1179 1950 1318 1974 severas
1341 1939 1491 1986 insuper
1512 1939 1550 1974 in
1576 1939 1740 1986 impudi-

270 1997 332 2019 cos
357 1985 456 2031 leges
484 1986 582 2028 tulit,
609 1999 628 2020 a
656 1999 809 2034 quorum
833 1988 994 2034 plurimis
1023 1999 1158 2034 poenas
1175 1988 1308 2033 exegit.
1358 1989 1526 2035 antiquas
1548 1989 1655 2022 etiam
1682 1989 1742 2022 le·-

271 2044 331 2078 ges
360 2039 507 2068 cunctas
547 2036 753 2077 renovavit,
790 2036 904 2083 iisque
938 2037 1109 2071 volumen
1144 2037 1182 2069 in
1216 2048 1327 2069 uuum
1365 2036 1542 2078 collectis,
1577 2037 1740 2071 novellas

270 2082 555 2116 constitutiones
579 2084 814 2129 nuncupavit.
863 2085 904 2118 iis
931 2090 1044 2126 cavet,
1070 2095 1115 2117 ne
1141 2084 1366 2130 praefectus,
1396 2084 1459 2117 ubi
1478 2083 1569 2129 gerit
1592 2086 1742 2130 praefe-

269 2134 429 2171 cturam,
458 2129 512 2164 ibi
536 2131 595 2164 vel
630 2132 892 2178 possessionem
924 2138 1032 2175 emat,
1071 2133 1127 2165 vel
1153 2137 1340 2165 construat
1366 2131 1523 2173 domum,
1550 2133 1610 2166 vel
1633 2144 1741 2179 pere-

270 2177 379 2224 grini,
403 2177 475 2211 nisi
500 2178 595 2212 forte
620 2181 667 2214 sit
689 2180 723 2213 ei
748 2182 960 2215 coniunctus
985 2180 1168 2222 affinitate,
1194 2178 1454 2214 haereditatem
1480 2180 1599 2214 adeat.

367 2224 504 2259 Eodem
531 2238 638 2270 anno,
662 2229 793 2262 mensis
817 2229 1028 2264 Novembris
1066 2228 1122 2262 die
1146 2239 1244 2261 nono
1268 2239 1376 2273 supra
1400 2228 1624 2272 vigesimum,
1650 2228 1741 2263 hora

274 2272 350 2306 diei
375 2274 497 2315 tertia,
527 2274 619 2308 feria
648 2282 788 2323 quarta,
812 2277 1013 2311 indictione
1039 2276 1200 2322 septima,
1229 2274 1381 2309 biennio
1409 2282 1492 2322 post
1516 2277 1741 2322 superiorem

273 2320 426 2362 cladem,
452 2321 646 2356 Antiochia
672 2329 809 2370 {magna
833 2326 958 2359 civitas
984 2325 1107 2371 plagae
1143 2323 1294 2357 caelitus
1318 2324 1443 2358 illatae
1471 2324 1642 2358 damnum
1667 2325 1742 2358 ito-

273 2381 352 2403 rum
393 2380 499 2416 passa
537 2376 602 2404 est.
663 2372 789 2417 ingens
826 2374 961 2419 quippe
995 2379 1108 2407 terrae
1147 2377 1265 2405 motus
1291 2383 1356 2417 per
1379 2371 1505 2406 horam
1529 2373 1743 2407 continuam

276 2416 431 2459 duravit,
458 2423 568 2462 atque
606 2418 808 2454 horrendus
841 2422 987 2454 omnino
1016 2420 1166 2464 mugitus
1201 2431 1219 2453 e
1247 2420 1349 2454 caelo
1378 2420 1522 2455 auditus
1547 2426 1584 2455 et
1611 2426 1743 2455 cuncta
1769 2462 1775 2468 ⁴

275 2475 420 2512 prorsus
448 2465 616 2499 aedificia
640 2467 686 2500 ad
711 2474 839 2502 terram
866 2480 979 2515 usque
1004 2473 1195 2514 prostrata,
1219 2467 1320 2502 urbis
1345 2479 1493 2516 quoque
1516 2469 1659 2503 moenia
1683 2468 1743 2502 di-

277 2520 370 2556 ruta,
404 2525 570 2560 quaeque
597 2514 834 2550 substiterant
868 2517 907 2550 in
934 2516 1042 2562 priori
1068 2521 1185 2550 terrae
1212 2522 1313 2550 motu
1335 2523 1476 2551 veteres
1503 2517 1745 2551 constructio·

278 2573 354 2604 nes,
385 2573 447 2596 eae
472 2574 570 2596 nunc
595 2573 718 2597 omnes
747 2563 911 2598 funditus
936 2575 1089 2597 eversae.
1140 2563 1298 2610 (lenique
1327 2565 1506 2612 quicquid
1524 2571 1596 2599 tam
1625 2565 1744 2610 impe·

278 2617 436 2644 rator-um
466 2609 699 2653 liberalitate,
727 2623 834 2658 quam
852 2612 997 2658 privatis
1022 2612 1151 2646 civium
1182 2612 1386 2659 sumptibus
1406 2613 1487 2647 urbi
1512 2613 1746 2647 conciliatum

281 2659 400 2692 fuerat
429 2665 575 2692 omatus
601 2664 711 2705 atque
740 2659 886 2699 decoris,
910 2659 949 2693 id
976 2665 1054 2693 tum.
1092 2672 1197 2694 omne
1224 2661 1405 2696 deiectum
1431 2662 1470 2695 in
1494 2667 1636 2695 terram.
1685 2660 1743 2694 his

279 2707 474 2754 perceptis,
516 2706 661 2741 vicinae
687 2708 851 2742 civitates
885 2707 923 2740 in
948 2708 1083 2742 luctum
1112 2714 1148 2743 et
1175 2708 1342 2755 publicas
1371 2710 1658 2756 supplicationes
1686 2709 1746 2742 es-

281 2754 392 2788 susae.
444 2767 487 2788 ea
520 2765 606 2789 vero
632 2755 734 2789 clade
757 2755 940 2790 hominum
976 2761 1135 2803 quatuor
1173 2757 1287 2790 millia
1319 2763 1357 2792 et
1381 2758 1611 2804 septuaginta
1635 2767 1744 2803 supra

281 2802 511 2849 octingentos
535 2803 694 2851 periere:
720 2804 784 2851 qui
808 2803 967 2852 periculo
990 2805 1135 2847 servati,
1159 2805 1198 2839 in
1223 2806 1312 2840 alias
1337 2805 1500 2843 civitates
1523 2806 1743 2852 migravere,
