1786 3204
260 123 366 191 242
819 140 1179 184 *THEOPHANJS

46 255 242 290 A.M.6005
373 241 867 294 Κωνοταντινουπόλεως
899 242 1131 287 ἐπισκόπου
1155 245 1368 298 Τιμοθέου
1389 276 1402 299 ‚
1427 242 1737 299 Ἱεροσολύμων

250 312 458 366 Ἰωάννου,
488 311 750 366 Ἀντιοχείας
771 309 963 367 Σευήρου
999 310 1092 361 ἔτος
1121 310 1158 354 α’

372 379 515 439 Τούτω
548 382 607 422 τιῦ
636 378 720 422 ἔτει
741 379 1000 423 Βιταλιανόν
1018 378 1091 422 τὸν
1118 377 1211 421 υἱὸν
1242 378 1537 434 Παιρικιόλου
1557 378 1737 435 κόμητος

256 447 532 506 Φοιδεράτων
551 446 588 490 οἱ
615 449 660 490 ὲν
679 448 844 490 Σκυθία
869 448 943 488 καί
961 448 1119 489 111υσία
1141 464 1209 489 και
1231 451 1397 496 λοιπαῖς
1414 445 1580 501 χώραις
1609 445 1736 502 ὀρθό-

208 519 366 570 Βδοξοι
396 515 661 572 παρεκάλουν
682 516 907 571 κινηθῆναι
926 513 1032 556 κατὰ
1066 515 1345 557 Ἀναστασίου
1375 517 1455 556 τοῦ
1486 516 1735 570 δυσσεβοῦς.
1750 515 1774 556 5

249 584 274 626 ὅ
320 586 367 628 δὲ
404 585 613 640 κινηθείς,
658 581 816 632 πολλάς
857 581 1076 638 μυριάδας
1104 583 1266 624 α’νεῖλεν
1303 584 1490 636 στρατοῦ
1514 583 1600 625 τῶν
1629 581 1735 640 ὑπὲρ

253 650 531 696 Αναστασιόυ
548 651 823 705 μαχομένων,
841 647 1005 704 χρυσόν
1021 666 1063 691 τε
1083 652 1142 699 εἰς
1161 646 1292 706 ῥόγας
1308 649 1451 693 αὐτῶν
1467 647 1738 705 πεμπόμενον

248 723 463 772 πλεῖστον,
495 708 568 760 καί
594 713 701 759 ὅπλα
722 718 782 767 εἰς
802 717 1057 772 συμμαχίαν
1076 719 1149 759 καί
1178 716 1372 766 δαπάνας
1402 720 1476 760 καί
1504 716 1586 760 ὅσα
1620 714 1732 760 ἄλλα

247 789 480 842 ἐχειροῦτο.
551 784 664 842 φασί
694 786 741 826 δὲ
771 781 835 827 ὅτι
866 786 910 827 ἐν
937 787 1020 843 μιᾷ
1060 786 1255 843 συμβολῇ
1285 782 1484 840 ἑξήκοντα
1513 786 1636 828 πέντε
1662 801 1733 840 χι-

245 854 397 903 λιάδας
437 855 625 907 στρατοῦ
669 854 902 906 βασιλικοῦ
952 851 1205 907 ἐκρήμνισεν
1235 853 1316 895 σύν
1338 853 1522 911 “Ῡπατι’ῳ
1551 870 1731 910 στρατη-
1751 866 1786 895 1(

243 926 389 977 γοῦν-τι
422 922 574 973 αὐτῶν,
607 919 688 978 υἱῷ
721 922 768 963 δὲ
797 921 1031 976 ἑξαὸέλφης
1059 920 1339 964 Ἀνασῐασίου
1366 919 1439 962 καί
1451 923 1730 963 Σεκουνδίἰόυ

243 988 485 1045 πατρικίου,
520 986 565 1030 ὃν
591 1005 662 1030 και
691 985 853 1038 πιάσας
898 989 1034 1040 ζῶντα
1066 984 1180 1041 εἶχεν
1208 990 1254 1031 ὲν
1283 990 1469 1046 φρουριῖ.
1526 986 1730 1031 Ἀναστά-

242 1073 333 1108 σιος
363 1059 411 1099 δὲ
443 1055 465 1098 ὅ
496 1052 740 1113 παράνομος
779 1055 1008 1110 βασιλεύς,
1038 1072 1108 1097 και
1147 1055 1359 1109 Τιμόθεος
1389 1052 1410 1097 ὁ
1442 1055 1610 1109 α’νιέρος
1637 1056 1729 1098 ἐπί-

111 1133 147 1167 Ρ.
167 1134 230 1168 ι35
243 1140 395 1174 σκοπος
428 1122 921 1172 Κωνσταντινουπόλεως
954 1121 1088 1165 πολλὰ
1119 1121 1227 1165 κακὰ
1267 1129 1356 1172 τοῖς
1386 1121 1494 1204 νπὲρ
1526 1125 1729 1166 ΙΠακεὸο-

241 1196 334 1234 νιόυ
366 1209 435 1234 και
476 1193 550 1246 τῆς
578 1190 763 1233 συνόδου
792 1197 1001 1244 μοναχοῖς
1027 1207 1071 1233 τε
1109 1207 1180 1233 και
1223 1194 1387 1241 λαικοῖς
1416 1208 1487 1233 και
1517 1195 1727 1247 κληρικοῖς
1748 1195 1786 1237 15

239 1261 532 1311 ἐπεδείξαντο·
564 1256 674 1300 (ὅστε
700 1256 775 1300 καί
801 1258 863 1307 εἰς
880 1252 1034 1301 ’Ώοισιν
1050 1261 1126 1314 τῆς
1145 1260 1359 1315 Θηβαΐδος
1388 1256 1599 1315 ἐξώρισαν
1626 1263 1730 1302 πολ-

239 1326 355 1377 λούς.
418 1326 624 1379 Τιμόθεος
654 1327 702 1368 δὲ
732 1324 785 1367 τοὶ
828 1324 1032 1368 συνοδικοὶ
1060 1328 1135 1368 καί
1163 1329 1440 1369 Ῑηακεὸονίου
1471 1325 1546 1383 τὴν
1573 1328 1728 1370 καθαί-

239 1411 358 1450 ρεσιν
395 1401 483 1442 τοῖς
521 1393 630 1435 κατὰ
674 1391 797 1434 πόλιν
827 1391 1075 1443 ἐπισκόποις
1110 1393 1364 1448 ὑπογράψαι.
1393 1392 1608 1449 ἔπεμψεν·
1671 1389 1730 1436 ὧν

243 1460 283 1504 οἷ
313 1463 392 1515 μὲν
422 1459 713 1517 ιίνὸρειότεροι
741 1458 848 1515 πρὸς
878 1456 1010 1517 ἄμφω
1041 1461 1324 1517 α’ντέστησαν·
1381 1460 1420 1503 οἱ
1450 1463 1498 1504 δὲ
1527 1461 1729 1518 παράφο-

209 1531 212 1533 ’
242 1544 309 1584 ροι
342 1529 463 1587 φόβῳ
493 1532 569 1571 τοῦ
596 1530 807 1582 βασιλέως
845 1523 1072 1584 ἀμφότερα
1102 1529 1381 1584 ὑπέγραψαν·
1454 1528 1491 1573 οἱ
1526 1531 1573 1572 δὲ
1602 1532 1726 1583 μέσοι
1740 1546 1786 1572 20

97 1606 140 1640 V.
163 1609 225 1642 108
240 1598 293 1655 τῇ
318 1597 567 1651 καθαιρέσει
602 1595 879 1637 ΙΙΙακεδονιόυ
910 1596 992 1650 οὔχ
1019 1597 1294 1651 ὑπέγραψαν,
1318 1598 1359 1640 εἰ
1383 1595 1444 1654 ,αὴ
1476 1597 1610 1652 μόνον
1639 1600 1726 1647 τοῖς

331 1765 389 1788 20.
418 1753 624 1801 ἀμφότερα
649 1752 691 1794 A,
718 1750 936 1800 ἀμφότεροι
964 1751 1000 1794 b,
1042 1751 1277 1800 ἀμφοτέροις
1304 1753 1399 1797 vulg.

47 1910 223 1949 A,C‚505
327 1902 485 1949 Cpoleos
521 1901 685 1947 episcopi
723 1901 923 1945 Timothei,
949 1902 1285 1946 Hierosolymorum
1321 1902 1481 1944 Ioannis,
1506 1901 1723 1936 Antiochiae

237 1951 361 1986 Severi
389 1961 506 1983 annus
534 1950 683 1996 primus.

331 1999 410 2032 Hoc
434 2009 530 2031 anno
558 1998 783 2031 Vitalianum
803 1997 985 2031 Patricioli
1011 1997 1294 2031 Foederatorum
1321 1999 1467 2032 comitis
1493 1998 1606 2032 filium
1634 1998 1722 2042 Scy-

236 2047 358 2086 thiae,
384 2046 612 2092 Mysiaeque,
639 2051 934 2092 caeterarumque
963 2047 1150 2090 regionum
1186 2046 1328 2080 incolae
1355 2046 1402 2079 ad
1427 2058 1524 2079 arma
1548 2046 1722 2080 adversus

236 2096 390 2141 impium
417 2094 648 2127 Anastasium
675 2094 849 2127 sumenda
875 2094 1120 2127 concitabant.
1170 2093 1200 2126 is
1225 2094 1276 2127 ita
1303 2099 1514 2140 provocatus
1541 2094 1722 2128 infinitam

235 2154 380 2189 prorsus
409 2143 646 2183 exercituum,
672 2143 735 2188 qui
756 2142 824 2175 sub
843 2142 1033 2175 Anastasio
1063 2141 1307 2182 merebantur,
1332 2141 1608 2175 multitudinem
1630 2155 1722 2176 con-

236 2190 338 2232 cidit,
365 2195 402 2223 et
427 2191 506 2223 auri
533 2190 673 2235 copiam
697 2191 908 2223 immensam
932 2190 978 2223 ad
1005 2189 1214 2235 elargienda
1235 2168 1418 2235 stiliendia
1442 2191 1598 2232 missam,
1623 2202 1722 2224 arma

234 2241 274 2273 in
299 2238 515 2279 subsidium,
543 2244 796 2280 commeatum,
822 2243 1040 2283 caeteraque
1076 2238 1198 2271 onmia
1237 2237 1479 2283 depraedatus
1517 2244 1582 2272 est.
1647 2251 1721 2272 uno

235 2287 408 2321 conflictu
436 2286 514 2319 solo
541 2287 726 2330 sexaginta
752 2287 917 2332 quinque
934 2285 1125 2319 hominum
1155 2286 1275 2318 millia
1308 2297 1351 2319 ex
1368 2286 1599 2331 imperatoris
1618 2298 1724 2320 exer-

234 2336 310 2371 citu
327 2346 408 2369 cum
424 2334 583 2379 Hypatio
598 2334 779 2368 Anastasii
798 2333 1038 2368 consobrinae
1064 2339 1101 2367 et
1113 2333 1310 2367 Secundini
1328 2335 1474 2380 patricii
1493 2335 1570 2368 filio
1596 2346 1721 2368 eorum

178 2411 181 2413 .
236 2384 327 2418 duce
355 2382 563 2428 prostravit,
590 2383 783 2428 vivumque
807 2388 996 2427 acceptum
1027 2381 1093 2415 sub
1120 2382 1286 2415 custodia
1310 2383 1443 2417 tenuit.
1507 2382 1720 2416 Anastasius

236 2437 359 2466 autem
388 2431 537 2476 iniquus
573 2430 773 2475 imperator
812 2435 850 2463 et
876 2429 1092 2464 Timotheus
1121 2430 1315 2475 sacrilegus
1342 2431 1536 2477 episcopus
1563 2430 1720 2476 Cpoleos

235 2479 446 2520 monachis,
474 2478 578 2511 laicis
605 2483 642 2510 et
665 2478 805 2511 clericis
835 2477 1041 2511 Macedonii
1075 2477 1280 2532 synodique
1309 2490 1414 2512 causa
1439 2479 1597 2525 plurima
1623 2480 1722 2512 mala

235 2528 385 2562 intulit.
411 2526 503 2560 adeo
539 2531 580 2560 ut
619 2525 741 2558 Oasim
769 2525 981 2559 'Ihebaidos
1025 2537 1069 2558 ex
1107 2526 1157 2559 eis
1182 2525 1304 2571 plures
1329 2528 1368 2561 in
1405 2527 1555 2561 exilium
1581 2528 1719 2572 egerit.

236 2575 428 2619 synodales
457 2585 542 2608 vero
568 2574 719 2614 litteras,
747 2579 783 2607 et
802 2573 1012 2607 Macedonii
1038 2573 1307 2620 depositionem
1327 2576 1466 2609 cunctis
1493 2575 1630 2622 passim
1655 2586 1722 2621 per

236 2624 344 2657 urbes
371 2623 550 2669 episcopis
589 2622 635 2654 ad
668 2621 969 2654 subscribendum
1005 2622 1103 2655 misit
1131 2622 1369 2656 Timotheus.
1407 2635 1451 2657 ex
1494 2622 1627 2669 quibus
1657 2623 1722 2669 qui

237 2672 454 2705 fortitudine
500 2670 815 2716 praecelluerunt,
844 2671 989 2715 utrique
1016 2671 1161 2703 iverunt
1186 2671 1223 2704 in
1255 2672 1486 2726 oppositum:
1512 2671 1574 2718 qui
1599 2671 1720 2704 animo

235 2720 419 2753 faciliores
436 2719 646 2764 imperatori
670 2724 769 2754 metu
798 2717 1090 2763 subscripserunt
1109 2718 1269 2763 utrique:
1289 2720 1353 2765 qui
1375 2719 1533 2753 medium
1557 2724 1720 2758 tenuere,

237 2768 443 2803 Macedonii
465 2766 690 2814 depositioni
713 2777 908 2812 nusquam,
934 2777 1059 2800 verum
1075 2766 1162 2800 solis
1179 2767 1367 2801 Timothei
1396 2767 1592 2813 synodicis,
1620 2766 1722 2813 quod
