1768 3106
262 125 373 201 718
741 176 745 179 ⁴
818 139 1168 184 THEOPHANis

254 243 524 302 ἡττήθησαν,
567 245 641 286 καί
676 244 893 287 ἀπέθανον
931 242 1106 299 πολλοί,
1146 243 1220 286 καὶ
1248 243 1295 284 ἐκ
1323 244 1406 286 τῶν
1436 244 1742 299 ἐξορισθέντων

256 314 336 355 οὐκ
364 312 496 370 ὀλίγοι
514 330 526 340 ·
565 311 714 355 ἔπεσεν
743 313 790 354 δὲ
811 314 886 354 καί
913 311 935 353 ὅ
954 313 1157 367 Διογένης
1183 308 1207 352 ὅ
1235 311 1319 353 τῶν
1337 311 1598 356 ἀνατολικῶν
1617 329 1742 369 τουρ-

120 386 237 419 V-311
253 380 429 437 μὰρχης
456 379 602 431 ἱκανὸς
629 383 702 422 καί
727 382 805 422 τοῦ
827 380 1022 433 Ὀψικίου
1053 374 1265 434 ἄρχοντες.
1324 377 1493 422 λύσασα
1523 381 1573 422 δὲ
1600 380 1624 436 ἧ
1660 384 1742 435 βα-

253 451 427 492 σίλισσα
457 447 616 504 Εἰρήνη
646 446 724 503 την
752 446 862 503 πρὸς
889 445 986 496 τούς
1012 447 1239 502 Φράγγους
1266 445 1548 504 συναλλαγήν,
1578 447 1741 491 ἅπὲλυ-

253 533 327 559 σεν
347 516 575 574 Θεοφάνην
603 515 672 559 τὸν
702 512 1103 571 πρωτοσπαθάριον,
1132 515 1208 556 καί
1234 508 1390 570 ἤγαγεν
1419 515 1548 572 κόρην
1576 517 1624 558 ἐκ
1655 518 1768 562 τῶνξ

251 585 542 641 Ἀρμενιακῶν
559 582 736 637 ὀνόματι
762 583 948 638 Μαρίαν
976 581 1060 625 α’πὸ
1091 581 1282 640 Ἀμνίας,
1311 585 1386 625 καί
1412 580 1581 636 ἔζευξεν
1605 583 1743 639 αὕτὴν

254 653 567 710 Κωνσταντίνῳ
608 652 664 709 τῷ
703 653 881 705 βασιλεῖ
913 652 988 693 καί
1013 647 1096 710 υἱῷ
1123 649 1274 705 αὐτῆς,
1304 648 1434 693 πολλοὶ
1469 652 1742 705 λυπουμένου

214 714 399 775 Βαῦτοῦ,
432 720 508 761 καί
533 717 594 775 μὴ
620 719 815 768 θέλοντος
846 717 917 760 διὰ
939 716 1014 773 τὴν
1034 715 1142 772 πρὸς
1162 719 1240 759 τοῦ
1254 718 1489 774 Καροιίλου
1519 720 1743 774 θυγατέρα

250 789 326 829 τοῦ
354 784 485 844 ῥηγὸς
513 790 600 829 τῶν
634 783 846 842 Φράγγων
873 787 1035 842 σχέσιν,
1064 782 1114 841 ἢν
1145 781 1234 840 εἶχε
1268 787 1740 842 προμνηστευσάμενος.

250 853 326 897 καί
353 856 603 896 ἐπετέλεσαν
630 852 730 904 τούς
756 851 924 909 γάμους
954 848 1091 896 αὐτοῦ
1118 855 1223 909 μηνί
1250 853 1482 912 Νοεμβρίῳ
1509 855 1768 900 ἰνδικτιῶνιι

251 919 320 978 ιβ’.
380 920 567 979 Φιλητὸς
599 924 647 965 δὲ
686 921 709 963 ὅ
747 924 823 978 τῆς
868 922 1040 980 Θρᾴκης
1084 920 1321 978 στρατηγὸς
1357 920 1561 964 ἀπελθών
1606 923 1652 965 ἐν
1685 923 1742 980 τῷ

250 991 497 1047 Στρύμωνι,
540 990 614 1033 καὶ
655 987 915 1047 ἀφυλάκτως
964 988 1248 1043 ἅπλικεύσας,
1304 986 1592 1033 ἐπιπεσόντων
1627 990 1744 1048 αὕτῷ

251 1054 378 1115 ἄφνω
418 1055 699 1115 Βουλγοίρων,
729 1058 921 1117 α’νῃρὲθη
962 1055 1036 1100 ὑπ’
1077 1059 1223 1100 αὐτῶν
1266 1056 1348 1100 οὖν
1385 1053 1532 1107 ἄλλοις
1560 1061 1742 1108 πολλοῖς.

249 1125 541 1169 ἀποστείλασα
569 1127 618 1169 δὲ
646 1123 808 1182 Εἰρήνη
831 1121 1031 1182 Ἰωάννην
1052 1123 1126 1168 τὸν
1159 1124 1442 1181 σακελλοίριον
1472 1125 1548 1167 καί
1571 1126 1743 1181 λογοθὲ·

247 1211 325 1250 την
350 1195 425 1237 τοῦ
466 1196 776 1249 στρατιωτικοῦ
817 1195 878 1244 εἰς
918 1194 1244 1250 Λογγιβαρδιάν
1277 1193 1387 1248 μετα
1420 1193 1495 1237 καὶ
1528 1191 1768 1240 Θεοδότου]

247 1264 323 1304 τοῦ
357 1265 460 1305 ποτὲ
491 1260 620 1319 ῥηγὸς
648 1265 723 1318 τῆς
759 1259 948 1318 μεγάλης
975 1263 1298 1318 Λογγιβαρδιάς
1335 1261 1445 1317 πρὸς
1471 1259 1519 1304 τὸ
1551 1262 1592 1304 εἰ
1618 1262 1744 1317 δυνη-

248 1332 367 1371 θεῖεν
397 1328 656 1384 ἀμύνασθαι
685 1330 760 1373 τὸν
789 1327 1036 1387 Κάρουλον,
1065 1332 1139 1372 καὶ
1167 1330 1413 1373 ἀποσπάσαι
1442 1328 1560 1380 τινας
1591 1331 1636 1380 ἐξ
1663 1330 1744 1372 αὕ-

209 1399 336 1440 croi.
401 1397 476 1440 καὶ
503 1400 716 1454 κατῆλθον
741 1393 819 1442 οὖν
847 1398 928 1442 συν
950 1396 1162 1456 Θεοδώρῳ
1190 1401 1397 1457 πατρικίῳ
1419 1397 1495 1441 καὶ
1522 1399 1743 1455 στρατηγῷ

248 1467 458 1516 Σικελίας·
492 1467 565 1508 καί
596 1468 784 1519 πολέμου
819 1469 1111 1522 κροτηθέντος,
1138 1465 1352 1523 ἐκρατήθη
1382 1463 1464 1509 ὑπὸ
1491 1467 1573 1509 τῶν
1598 1465 1744 1522 Φραγ-

247 1551 331 1589 γων
358 1530 380 1576 ὃ
409 1533 540 1585 αὐτὸς
568 1532 775 1591 Ἰωάννης,
808 1534 884 1577 καί
911 1535 1062 1585 δειναῖς
1095 1534 1302 1593 ἀνῃρέθη.

348 1695 382 1719 2.
414 1689 500 1718 ante
536 1683 604 1720 οὐκ
643 1682 694 1720 ὄλ.
732 1696 752 1719 e
784 1684 869 1719 add.
908 1684 984 1722 τῶν
1020 1697 1064 1732 γε
1099 1686 1323 1731 σχολαρίων.
1445 1685 1480 1719 6.
1514 1682 1674 1731 Ἀμνίαν
1700 1684 1740 1717 Α.

346 1747 381 1780 9.
409 1733 485 1780 εἶχε
511 1732 593 1766 add.
626 1744 670 1767 ex
701 1734 741 1767 A.
876 1745 927 1768 ιο.
964 1733 1095 1769 ἰνδικτ.
1123 1745 1193 1767 om.
1218 1734 1258 1766 A.
1399 1743 1451 1766 ιι.
1483 1733 1673 1769 Φίλιππος
1702 1733 1740 1764 Α-

357 1792 410 1815 12.
436 1781 645 1830 Στρύμωνι
669 1782 710 1822 Α,
733 1784 876 1829 Στρομ.
893 1782 1001 1841 vulg
1117 1781 1167 1814 13.
1197 1778 1269 1817 σὺν
1296 1779 1372 1815 αλλ.
1401 1782 1442 1823 A,
1475 1777 1547 1817 σὺν
1570 1783 1634 1817 καὶ
1662 1780 1739 1815 ἄλλ.

351 1830 448 1875 vulg.
577 1830 630 1864 16
658 1829 856 1875 δυνηθεῖεν
882 1827 995 1878 ἆμύν.
1022 1830 1064 1872 A,
1099 1829 1275 1874 δυνηθείη
1305 1830 1414 1878 ἑναμ.
1442 1829 1537 1875 vulg

258 1980 332 2016 quo
362 1968 553 2015 perierunt
576 1968 739 2014 plurimi,
766 1979 836 2002 nec
859 1980 935 2002 non
960 1979 1004 2002 ex
1029 1968 1178 2002 exulum
1203 1969 1329 2002 turmis
1355 1979 1431 2002 non
1459 1967 1578 2014 pauci,
1604 1967 1742 2011 Dioge-

257 2029 397 2063 nesque
434 2017 670 2050 orientalium
694 2017 915 2059 turmarcha,
948 2018 1002 2051 vir
1042 2022 1234 2060 strenuus,
1273 2023 1311 2051 et
1337 2016 1476 2062 Opsicii
1502 2015 1611 2049 duces
1646 2018 1741 2049 ceci-

258 2066 357 2101 dere.
415 2065 555 2099 interea
591 2066 806 2112 imperatrix
842 2067 948 2099 Irene
979 2064 1130 2099 foedera
1158 2077 1238 2099 cum
1265 2065 1410 2099 Francis
1435 2064 1527 2098 inita
1555 2064 1676 2106 solvit,
1702 2069 1740 2098 et

256 2114 367 2147 misso
391 2113 621 2160 Theophane
647 2113 957 2160 protospathario,
981 2114 1143 2159 puellam
1172 2125 1217 2147 ex
1240 2114 1462 2147 Armeniacis
1488 2113 1636 2146 nomine
1663 2112 1743 2145 Ma-

258 2163 347 2196 riam
377 2162 505 2195 Amnia
531 2162 720 2196 oriundam
746 2164 900 2208 accepit,
930 2173 1037 2207 quam
1065 2162 1307 2196 Constantino
1334 2161 1548 2207 imperatori
1575 2161 1650 2194 (ilio
1677 2173 1741 2194 suo

256 2210 447 2254 coniugem
474 2210 619 2251 locavit,
648 2211 811 2256 quamvis
839 2210 878 2244 id
905 2210 1166 2244 Constantinus
1193 2210 1388 2255 aegerrime
1414 2209 1537 2250 ferret,
1561 2220 1628 2242 nec
1652 2220 1740 2254 pro-

254 2264 339 2305 pter
369 2263 584 2303 conceptum
610 2269 693 2303 erga
709 2259 928 2292 Francorum
955 2259 1047 2304 regis
1064 2258 1184 2292 Caroli
1209 2259 1333 2300 filiam,
1359 2269 1468 2303 quam
1495 2257 1565 2291 sibi
1584 2257 1743 2303 despon-

255 2312 406 2347 saverat,
431 2308 619 2348 affectum,
645 2318 861 2340 consensum
897 2307 1073 2352 praebere
1102 2307 1226 2340 vellet.
1291 2307 1444 2351 nuptiae
1469 2312 1592 2339 tamen
1619 2317 1741 2339 mense

253 2355 450 2390 Novembri
477 2353 678 2388 indictione
704 2355 919 2388 duodecima
945 2355 1150 2389 celebratae
1176 2359 1271 2388 sunt.
1287 2354 1450 2388 Philetus
1476 2360 1611 2395 autem,
1625 2353 1744 2387 Thra-

254 2404 331 2437 ciae
357 2402 444 2445 dux,
464 2403 693 2448 Strymonem
719 2415 842 2436 versus
869 2404 1069 2449 profectus,
1095 2403 1208 2436 nullis
1234 2403 1328 2436 circa
1354 2413 1391 2437 se
1418 2403 1605 2449 dispositis
1632 2414 1744 2435 excu-

252 2453 392 2487 biarum
421 2450 654 2493 custodibus,
677 2451 843 2496 Bulgaris
870 2462 914 2484 ex
947 2451 1140 2497 improviso
1162 2451 1442 2495 ingruentibus,
1469 2462 1548 2484 cum
1575 2450 1743 2497 pluribus

254 2501 337 2534 aliis
364 2499 580 2534 interfectus
615 2504 680 2533 est.
729 2500 829 2533 misit
855 2500 1005 2545 insuper
1019 2501 1125 2533 Irene
1153 2501 1324 2533 Ioannem
1349 2500 1579 2533 sacellarium
1609 2505 1646 2532 et
1670 2499 1741 2531 mi-

249 2549 358 2585 litiae
386 2547 609 2594 logothetam
633 2548 672 2581 in
697 2547 1001 2592 Longobardiam‚
1034 2548 1093 2581 cui
1131 2547 1377 2592 expeditionis
1402 2548 1539 2582 socium
1564 2546 1742 2581 Theodo-

252 2603 331 2631 tum
353 2597 498 2630 maioris
530 2595 803 2641 Longobardiae
837 2607 954 2642 nuper
989 2596 1082 2640 regis
1116 2595 1231 2630 filium
1266 2597 1433 2630 adiunxit
1473 2601 1684 2635 tentatura,
1711 2594 1741 2628 si

254 2646 350 2679 sorte
379 2645 549 2678 Carolum
586 2645 713 2678 ulcisci
745 2650 783 2678 et
817 2643 863 2678 ab
889 2644 966 2677 eius
995 2643 1079 2677 fidei
1110 2644 1250 2678 incolas
1286 2645 1427 2691 aliquos
1452 2649 1576 2691 posset
1601 2643 1741 2677 subdu-

254 2705 349 2727 cere.
399 2693 457 2726 illi
494 2705 574 2726 cum
596 2692 795 2726 Theodoro
835 2692 990 2739 patricio
1030 2692 1179 2726 Siciliae
1214 2692 1307 2727 duce
1341 2693 1478 2727 viribus
1514 2692 1741 2731 coniunctis,

253 2742 432 2787 praelium
471 2747 736 2775 conseruerunt
774 2753 854 2775 cum
879 2740 1050 2782 Francis,
1086 2751 1105 2774 a
1143 2741 1276 2788 quibus
1315 2742 1393 2789 ipse
1426 2742 1580 2776 Ioannes
1616 2744 1742 2787 captus

255 2790 385 2825 acerba
409 2795 523 2825 morte
549 2790 687 2824 occisus
715 2794 780 2824 est.
