1768 3106
206 156 323 224 430
770 180 1123 223 THEOPnANis

162 286 192 319 1)
207 279 494 332 Κομεντίολος
523 279 742 336 ἐναπορῶν
772 276 947 337 ἄγγελον
978 280 1086 335 πρὸς
1115 280 1187 324 τὸν
1209 281 1411 339 Χαγάνον
1440 287 1690 342 ἐξέπεμψεν.

205 344 320 402 φασὶ
362 347 411 388 δέ
451 361 560 396 τινες
602 345 677 390 τὸν
718 350 969 403 Μαυρίκιον
1011 347 1259 393 ὑποθέσθαι
1298 353 1359 411 τῷ
1401 355 1691 410 Κομεντιόλω,

203 409 320 464 ὅπως
348 411 398 456 τό
423 413 667 468 Ῥωμαϊκόν
707 413 956 471 στράτευμα
986 418 1223 476 παραδώσῃ
1269 421 1490 475 πολεμίοις
1512 423 1583 467 διά
1616 401 1693 477 τός

202 481 383 533 α’ταξίας
415 482 575 525 αὐτῶν.
642 481 795 534 νυκτός
840 485 887 527 δὲ
914 483 1131 541 μεσούσης
1161 489 1382 531 ἐκέλευσεν
1407 488 1478 531 τὸν
1507 492 1692 547 στρατὸν

204 545 490 607 «infirmam,
521 547 581 605 μῆ
628 549 981 606 παραγυμνῶσας
1019 558 1108 603 τοῖς
1134 547 1279 608 ὄχλοις
1306 558 1478 609 μέλλειν
1508 557 1731 613 πόλεμον5

202 616 515 673 συστήσασθαι.
577 618 703 660 αὕτοί
730 620 777 661 δὲ
802 616 1083 678 ὑπειληφότες
1111 616 1172 663 ὅτι
1201 626 1442 676 γυμνασίας
1461 623 1599 668 ἕνεκεν
1626 642 1691 669 σι·

206 686 462 742 δηροφορεΐν
492 684 651 737 αὖτοὺς
681 687 914 744 ἐκέλευσεν,
957 689 1040 743 οὐχ
1068 687 1124 738 ὥς
1155 687 1244 731 ἔδει
1277 688 1530 735 ὡπλίσαντο.
1587 693 1692 749 ἦμέ-

68 760 191 806 V÷¹87
206 770 285 810 ρας
315 755 361 795 δὲ
388 756 611 809 γενομένης
647 756 721 796 καί
747 756 832 814 τῶν
861 755 1096 812 βαρβάρων
1133 756 1473 813 καταλαβόντων,
1505 759 1693 816 θρύλλυς

204 820 339 871 πολύς
369 821 440 863 τὸν
469 820 656 877 στρατὸν
676 824 932 877 κατέλαβεν·
990 823 1011 865 ὅ
1046 824 1093 866 δὲ
1125 827 1415 879 Κομεντίολος
1445 825 1522 877 τοὶς
1551 828 1692 879 τάξεις

71 894 105 926 P.
123 894 190 927 235
206 888 443 945 ἐτάραττεν,
472 890 548 930 καί
566 887 700 939 αἴτιος
718 889 865 940 αὐτοῖς
888 891 1208 942 α’καταστασίας
1228 894 1407 948 ἐγένετο.
1466 892 1582 937 οὕτω
1610 897 1691 950 μὲν
1712 915 1758 941 ιο

202 951 280 999 οὖν
328 955 366 999 οἱ
403 956 610 1011 Ῥωμαῖοι
648 957 755 1012 πρὸς
797 957 941 1014 φυγὴν
989 959 1230 1013 ἐτρέποντο.
1301 958 1342 1003 οἱ
1385 962 1432 1004 δὲ
1476 962 1690 1019 βάρβαροι

202 1023 519 1081 α’στρατήγητον
557 1023 626 1067 τὸν
654 1024 759 1068 λαὸν
786 1024 1025 1082 εὑρηκότες,
1055 1027 1239 1083 α’νηλεᾱῑς
1265 1027 1442 1079 τούτους
1472 1029 1691 1087 ἐφόνευον.

202 1092 225 1133 ὃ
270 1094 318 1135 δὲ
351 1092 639 1147 Κομεντίολος
678 1091 861 1152 α’σχήμῳ
903 1097 1022 1151 φυγῇ
1053 1095 1126 1136 ἑπί
1150 1094 1205 1137 τὰ
1240 1097 1481 1153 Δριζίπερα
1509 1099 1692 1152 γίνεται·

206 1158 244 1203 οἱ
276 1162 325 1203 δὲ
353 1163 428 1216 τῆς
467 1161 630 1211 πόλεως
670 1157 825 1217 ὕβρεσι
866 1163 942 1204 καί
979 1165 1119 1212 λίθοις
1158 1161 1386 1217 βάλλοντες
1428 1165 1584 1220 αὐτόν,
1616 1167 1691 1208 τοῦ

202 1225 367 1279 ἄστεως
406 1230 748 1284 ἀποπέμπουσιν.
826 1228 867 1272 οἱ
911 1231 958 1271 δὲ
998 1230 1214 1287 βάρβαροι
1256 1233 1330 1274 ἐπὶ
1365 1231 1417 1274 τὰ
1451 1230 1758 1288 Δριζίπεραιό

203 1294 425 1354 ἐλθόντες,
453 1296 529 1353 τήν
559 1313 604 1340 τε
640 1298 765 1340 πόλιν
805 1296 1053 1354 ἐπόρθησαν
1093 1299 1167 1341 καί
1204 1295 1280 1341 τὸν
1318 1298 1423 1342 ναόν
1459 1301 1536 1342 τοῦ
1566 1300 1690 1355 ἁγίου

201 1363 483 1421 Ἀλεξάνδρου
533 1366 795 1422 ἐνέπρησαν·
861 1366 933 1408 τόν
971 1381 1018 1407 τε
1046 1363 1183 1422 τάφον
1229 1368 1366 1409 αὐτοῦ
1396 1368 1693 1423 η’ργυρωμένον

203 1431 409 1490 εὑρόντες,
439 1434 620 1484 α’νοσίως
643 1432 915 1476 σκυλεύουσι.
973 1435 1314 1489 καθυβρίσαντες
1344 1437 1390 1478 δὲ
1423 1435 1497 1478 καὶ
1523 1435 1572 1478 τὸ
1605 1438 1691 1478 orfi-

203 1518 265 1555 μα
293 1501 373 1543 τοῦ
390 1501 626 1558 μάρτυρος,
656 1502 730 1544 καί
758 1498 919 1556 πολλὴν
946 1501 991 1543 ἐν
1011 1503 1062 1559 τῇ
1078 1500 1226 1560 Θρᾴκῃ
1247 1503 1549 1557 αἰχμαλωσίαν
1571 1519 1691 1560 ποιη-

166 1568 401 1626 Βσὰμενοι,
432 1571 477 1612 ἐν
507 1563 621 1628 ὄχλῳ
650 1571 835 1628 λαμπρῷ
862 1566 1086 1623 Ῥωμαίων
1114 1569 1478 1626 κατεπαιρόμενοι.
1535 1572 1615 1613 τοῦ
1645 1573 1692 1612 δὲ
1707 1592 1759 1620 20

299 1716 333 1750 3.
360 1712 402 1752 τὸ
429 1714 514 1748 add.
541 1724 586 1748 ex
612 1714 653 1748 A.
798 1724 849 1746 ιο.
878 1713 1162 1752 ἀκαταστασίας
1187 1723 1256 1747 om.
1281 1714 1309 1747 A
1337 1713 1360 1747 b
1391 1726 1423 1751 e.
1574 1727 1624 1749 ιι.
1655 1716 1694 1751 οἱ

290 1763 383 1798 add.
413 1775 456 1797 ex
482 1763 522 1797 A.
651 1763 702 1796 13.
728 1762 938 1808 Δριζίπερα
957 1762 984 1794 Α
1014 1761 1164 1807 ubique,
1190 1761 1406 1808 Δριζὴπερα
1432 1763 1529 1808 vulg.
1638 1766 1688 1797 16.

297 1813 364 1848 τοῦ
391 1811 501 1848 ὁσίου
518 1809 593 1846 Ἀλ.
624 1821 655 1844 a.
785 1811 834 1844 18.
862 1812 1165 1855 καθυβρίσαντες
1199 1811 1240 1851 A,
1266 1813 1539 1859 καθυβρίζουσι
1565 1813 1687 1857 vulgo.

303 1872 361 1895 20.
389 1860 578 1907 ἐνώχλουν
601 1859 654 1906 τῷ
684 1857 844 1906 λαμπρῷ
871 1857 1053 1905 Ῥωμανῴ
1077 1859 1106 1892 Α
1143 1868 1175 1891 e.

206 2000 457 2035 Comentiolus
485 2000 523 2033 in
549 2009 694 2044 magnas
722 1998 856 2031 mentis
884 1997 1067 2041 angustias
1087 1995 1264 2030 adductus
1281 1996 1502 2041 legationem
1530 1996 1576 2030 ad
1595 1997 1690 2030 Cha-

205 2060 338 2095 ganum
362 2047 570 2082 destinavit.
621 2046 836 2080 Mauricium
866 2056 954 2079 sane
985 2045 1219 2078 Comentiolo
1248 2050 1288 2078 nt
1321 2046 1520 2078 Romanum
1549 2047 1690 2079 exerci-

204 2103 281 2132 tum
306 2096 560 2130 atumultibus
586 2093 813 2128 concitandis
838 2093 1012 2139 deinceps
1031 2092 1334 2139 compescendum
1361 2092 1574 2126 adversariis
1601 2105 1690 2139 pro-

205 2145 330 2186 deret,
361 2144 588 2190 quorundam
621 2155 744 2176 rumor
771 2143 906 2176 extitit.
971 2152 1080 2187 porro
1118 2140 1239 2174 media
1262 2146 1370 2174 nocte
1398 2140 1534 2174 milites
1560 2142 1690 2174 armari

206 2193 324 2234 iussit,
351 2204 419 2226 nec
448 2198 572 2236 tamen
598 2202 636 2225 se
660 2190 841 2238 praelium
866 2191 1042 2224 initurum
1067 2200 1145 2223 esse
1170 2188 1403 2233 significavit:
1431 2188 1528 2222 unde
1555 2189 1690 2223 milites

206 2240 476 2276 exercitationis
519 2245 662 2274 tantum
703 2250 786 2285 ergo
820 2248 918 2272 arma
944 2236 1164 2284 capessenda
1200 2247 1238 2269 se
1267 2236 1381 2269 iussos
1407 2236 1588 2279 arbitrati,
1615 2249 1692 2271 non

207 2296 249 2324 ut
272 2287 396 2323 decuit
433 2299 498 2333 pro
538 2287 733 2322 certamine
761 2285 972 2321 sustinendo
1006 2288 1092 2319 sunt
1118 2284 1296 2318 instructi.
1349 2284 1572 2319 adventante
1597 2287 1691 2328 luce,

209 2344 248 2372 et
273 2337 347 2371 iam
375 2335 537 2369 barbaris
568 2334 807 2376 irruentibus,
834 2335 961 2379 iugens
987 2333 1164 2367 tumultus
1192 2337 1308 2366 totum
1337 2335 1534 2366 exercitum
1559 2345 1693 2379 perva-

209 2387 275 2421 dit.
326 2394 413 2419 sane
438 2383 688 2417 Comentiolus
714 2383 793 2429 ipse
810 2382 983 2416 turbabat
1008 2381 1167 2421 ordines,
1194 2386 1231 2413 et
1254 2380 1478 2414 confusionis
1504 2388 1690 2416 auctorem

210 2434 359 2468 omnino
388 2442 425 2466 se
450 2430 671 2477 praebebat,
706 2436 817 2476 atque
848 2431 897 2464 ita
925 2428 1077 2463 Romani
1114 2429 1152 2461 in
1179 2428 1301 2474 fugam
1335 2430 1429 2462 versi
1458 2427 1553 2463 sunt.
1605 2429 1688 2463 bar·

210 2483 287 2516 bari
316 2481 420 2516 nulla
453 2479 606 2513 militiae
640 2477 720 2522 lege
746 2478 988 2523 compositum
1019 2477 1216 2510 exercitum
1247 2478 1388 2523 operti,
1414 2488 1552 2510 summa
1579 2477 1692 2511 inhu-

162 2524 164 2526 ’
211 2531 387 2565 inanitate
406 2533 554 2562 cunctos
578 2525 773 2560 trucidant.
801 2525 1049 2559 Comentiolus
1074 2525 1172 2569 turpi
1198 2525 1281 2570 fuga
1306 2524 1352 2558 ad
1380 2525 1563 2571 Drizipera
1592 2526 1692 2559 salu-

211 2585 283 2613 tem
313 2576 504 2626 quaesivit,
530 2584 637 2621 quem
664 2574 759 2608 cives
783 2574 1015 2608 contumeliis
1041 2572 1301 2619 lapidibusque
1329 2574 1482 2615 emissis,
1507 2574 1598 2607 urbe
1629 2586 1693 2608 ex-

209 2628 367 2673 pellunt.
416 2631 495 2659 tum
517 2634 603 2658 vero
631 2621 779 2656 barbari
795 2622 981 2667 Drizipera
1009 2620 1186 2667 profecti,
1213 2622 1360 2655 civitate
1390 2621 1590 2668 direptioni
1615 2628 1692 2656 tra-

211 2675 300 2717 dita,
331 2675 370 2708 in
394 2673 508 2708 sancti
533 2670 728 2706 Alexandri
752 2670 929 2716 templum
955 2668 1126 2703 incendio
1153 2671 1305 2714 grassati
1331 2675 1427 2711 sunt,
1453 2679 1609 2716 cumque
1636 2679 1694 2703 se-

210 2722 354 2770 pulchri
380 2720 524 2755 thecam
559 2721 709 2765 argento
737 2724 898 2752 ornatam
937 2718 1164 2764 reperissent,
1198 2718 1315 2752 illusis
1341 2718 1441 2764 prius
1467 2723 1504 2751 et
1529 2723 1693 2751 contem-

211 2771 284 2817 ptis
310 2770 476 2814 martyris
501 2768 691 2814 reliquiis,
727 2771 979 2801 ornamentum
1017 2776 1124 2799 omne
1150 2767 1326 2810 sacrilege
1351 2766 1575 2812 spoliavere:
1606 2765 1693 2799 inde

213 2824 336 2853 coacta
356 2827 422 2864 per
438 2822 551 2851 totam
566 2815 756 2851 Thraciam
777 2814 921 2861 praeda,
935 2813 1173 2860 collectisque
1192 2815 1356 2861 captivis,
1375 2814 1458 2860 ipsi,
1473 2813 1693 2856 multitidine
