1768 3106
263 146 379 202 660
824 161 1173 205 THEOPHANis

263 269 585 309 Κωνσταντῖνον
611 264 803 320 μοναχὸν
827 265 1054 307 ἐπίσκοπον
1082 261 1304 318 γενόμενον
1331 263 1408 303 τοῦ
1436 261 1639 311 Συλαίου,
1667 255 1740 298 καί

262 335 541 385 ἐπευξάμενος
582 331 665 390 ἔφη
697 332 857 389 μεγάλῃ
887 334 938 387 τῇ
966 331 1115 388 φωνῇ·
1187 330 1512 372 Κωνσταντίνου
1543 326 1736 377 οἰκουμε-

260 403 383 444 νικοῦ
411 398 679 456 πατριάρχου
710 397 845 441 πολλοὶ
878 416 928 441 τα
959 396 1043 453 ἔτη.
1117 396 1190 439 καί
1217 398 1267 454 τῇ
1298 395 1355 448 κζ’
1386 396 1463 438 τοῦ
1493 392 1630 436 αὐτοῦ
1658 409 1741 447 μη-

261 469 333 518 νὸς
364 468 548 524 ἀνῆλθεν
589 467 611 509 ὁ
649 464 853 522 βασιλεῦς
886 469 930 508 ἐν
968 467 1025 522 τῷ
1073 463 1194 523 φόρῳ
1223 463 1302 506 σὺν
1331 463 1633 518 Κωνσταντίνιρ
1680 460 1740 517 τῷ

222 538 420 594 (ὶάνιέρῳ
450 537 644 593 προέδρῳ
673 532 748 575 καί
775 539 860 582 τοῖς
889 536 1051 582 λοιποῖς
1077 529 1333 587 ἐπισκόποις,
1362 529 1435 572 καί
1466 527 1768 584 ἐξεφώνησανᾶ

261 603 339 659 τὴν
370 599 536 645 ἑαυτῶν
562 600 787 652 κακόδοξον
817 603 983 654 αἵρεσιν
1010 600 1188 642 ἐνώπιον
1209 597 1360 647 παντὸς
1378 598 1455 639 τοῦ
1481 597 1602 651 λαοῦ,
1633 595 1737 635 α’να-

125 680 165 714 V.
178 681 248 716 286
261 673 571 724 θεματίσαντες
591 666 813 721 Γερμανὸν
831 666 905 710 τὸν
935 664 1179 722 ἁγιώτατον,
1210 667 1283 708 καί
1302 667 1511 719 Γεώργιον
1540 661 1616 706 τὸν
1639 662 1738 704 Kv'-

259 754 396 795 πριον,
429 735 504 779 καί
538 735 732 791 Ἰωάννην
760 734 834 778 τὸν
863 733 1152 790 Χρυσορρόαν
1189 731 1476 788 Δαμασκηνὸν
1504 731 1576 775 τὸν
1605 733 1737 773 Μαν-

260 805 380 861 σουρ,
414 799 575 858 ἄνδρας
606 804 753 858 ἁγίους
784 801 856 844 καί
893 802 1142 854 αἰδεσίμους
1173 803 1470 850 διδασκάλους.

51 875 250 920 Ᾱ·Μ·6246
374 868 870 918 Κωνσταντινουπόλεως
903 869 1134 912 ἐπισκόπου
1157 871 1481 911 Κωνσταντίνου
1512 864 1601 916 ἔτος
1630 863 1682 908 α’.
1757 881 1768 906 ι

214 946 246 980 D
376 940 521 997 Τούτῳ
561 940 620 995 ‘trgi
659 936 742 981 ἔτει
773 938 1017 994 Μουαμέδ,
1053 936 1074 978 ὃ
1110 938 1183 980 καί
1220 937 1500 991 Ἀβουλαβοῖς,
1528 935 1739 990 τέθνηκεν,

257 1007 474 1063 κρατήσας
503 1006 572 1062 ἔτη
601 1006 644 1048 ε’.
701 1001 753 1060 ἧν
791 1007 838 1047 δὲ
873 1001 1110 1059 Ἀβὸελλᾶς
1140 1005 1161 1046 ὁ
1201 1004 1389 1060 α’ὸελφὸς
1417 1004 1554 1045 αὐτοῦ
1580 1005 1640 1053 εἰς
1668 1001 1740 1044 τὸν

255 1078 383 1118 τόπον
415 1077 485 1130 τῆς
515 1073 794 1130 βλασφημίας
823 1073 966 1115 αὐτῶν
995 1070 1040 1115 τὸ
1075 1070 1283 1127 Μάκχαν.
1343 1071 1499 1128 γράφει
1529 1066 1606 1112 οὖν
1633 1069 1741 1124 πρὸς

254 1143 330 1186 τὸν
355 1143 682 1197 Ἀβουμουσλίμ
720 1137 820 1183 ὄντα
861 1140 967 1183 κατά
1012 1138 1091 1195 τήν
1121 1142 1350 1196 Περσίδα,
1393 1139 1583 1196 φυλάξαι
1622 1138 1741 1195 αὐτῷ

254 1211 328 1254 τὸν
355 1208 484 1253 τόπον
523 1211 597 1264 τῆς
630 1209 792 1265 α’ρχῆς,
820 1210 966 1258 καθώς
1005 1207 1227 1264 ἐκληρώθη
1268 1209 1396 1266 αὐτῷ,
1455 1204 1476 1248 ὃ
1505 1208 1552 1249 δὲ
1583 1205 1768 1268 μαθὼνι

251 1278 490 1333 Ἀβδελλᾶν
519 1275 591 1319 τὸν
621 1275 717 1318 υἱὸν
745 1277 849 1332 Ἀλί,
878 1274 1067 1332 α’ὃελφόν
1099 1277 1146 1318 δὲ
1179 1278 1320 1329 Σαλὶμ
1346 1277 1424 1318 τοῦ
1450 1272 1741 1330 μονοστρατή-

258 1362 334 1400 yov
365 1348 549 1399 Συρίας,
582 1343 658 1400 τὴν
688 1342 827 1399 ἀρχὴν
871 1344 990 1402 αὐτῷ
1019 1342 1384 1400 περιποιούμενον,
1413 1344 1488 1384 καί
1514 1340 1742 1398 ἐρχόμενον

259 1414 467 1468 κρατῆσαι
511 1410 588 1466 τὴν
629 1413 844 1466 Περσίδα,
876 1409 1194 1463 ἐναντιούμενον
1234 1412 1281 1453 δὲ
1309 1416 1397 1460 τοῖς
1426 1411 1637 1466 Πέρσαις,
1670 1408 1746 1451 καί

129 1488 163 1522 Ρ.
177 1487 246 1522 360
260 1483 558 1536 προσκείμενον
587 1484 674 1528 τοῖς
701 1480 774 1533 τῆς
803 1480 979 1533 Συρίας,
1014 1478 1059 1520 οἳ
1081 1481 1154 1520 καί
1186 1478 1460 1534 συνεμάχουν
1489 1479 1621 1535 αὐτῷ,
1656 1479 1755 1520 <resa

257 1549 403 1605 γείρας
427 1545 478 1589 τὰ
508 1549 582 1602 τῆς
609 1547 771 1602 Συρίας
800 1544 1080 1603 στρατόπεδα,
1108 1544 1346 1600 συμβάλλει
1375 1547 1495 1605 αύτῷ
1524 1545 1631 1589 κατὰ
1665 1545 1768 1601 τήνῦ

354 1673 388 1706 3.
415 1672 456 1721 τῇ
483 1671 512 1706 κ’
543 1670 613 1706 τοῦ
639 1684 675 1705 α.
703 1672 745 1705 Α.
872 1671 905 1704 5.
935 1672 1079 1718 προέδρ
1085 1685 1112 1719 ῳ
1148 1671 1233 1705 add.
1261 1683 1304 1705 ex
1334 1671 1374 1705 A.
1503 1682 1557 1705 12.
1586 1670 1742 1718 ’Λβὸελ-

354 1721 424 1760 λᾶς
453 1722 481 1754 A
508 1719 690 1765 (ubique),
713 1718 899 1764 Ἀβδελᾶς
927 1717 1265 1765 vu153.13.zo
1291 1719 1474 1765 Μᾶκχαν]
1499 1714 1566 1763 τὴν
1590 1724 1643 1755 M.
1670 1731 1739 1764 mg-

354 1770 432 1804 Par.
448 1794 457 1810 ,
493 1767 643 1826 Τιμάχη
666 1768 759 1812 vulg.
775 1793 784 1808 ,
820 1747 1013 1814 Τιιιάχην13
1013 1780 1044 1810 a,
1073 1779 1143 1802 orn.
1174 1770 1199 1801 A
1229 1769 1254 1801 f.
1359 1770 1411 1811 14.
1440 1771 1687 1816 Βουμουσλὶμ
1716 1768 1740 1800 f.

363 1828 414 1862 17.
442 1816 688 1871 περιποιοὺιι.
715 1817 756 1856 A,
771 1828 929 1874 παραπ.
956 1817 1052 1861 vulg.
1158 1818 1208 1851 18.
1238 1815 1300 1859 τῆς
1322 1816 1517 1864 Περσίδος
1543 1818 1585 1851 A.
1684 1826 1741 1850 20.

357 1864 419 1908 τῆς
443 1863 604 1912 Συρίας]
638 1874 710 1900 συν
735 1862 834 1911 αὗτω
860 1866 900 1898 Α.
1035 1859 1131 1899 κατὰ
1157 1860 1224 1908 τὴν
1253 1867 1388 1910 Τοίβην
1415 1865 1455 1898 A.

264 1986 375 2022 parae
411 1974 638 2015 adversariis,
668 1973 928 2008 Constantinus
960 1975 1238 2009 Constantinum
1264 1974 1492 2017 monachum,
1533 1976 1596 2022 qui
1623 1974 1744 2018 sylaei

267 2024 460 2068 episcopus
487 2023 625 2063 fuerat,
646 2034 754 2056 manu
773 2029 902 2056 tenens
931 2023 1143 2057 conscendit
1173 2023 1376 2064 ambonem,
1402 2029 1439 2057 et
1463 2024 1558 2057 clara
1576 2024 1745 2068 elataque

265 2082 354 2104 voce
379 2071 472 2104 votis
502 2071 687 2116 conceptis
713 2071 807 2105 bene
833 2077 1024 2117 precatus,
1054 2072 1316 2112 Constantino,
1341 2072 1485 2117 inquit,
1511 2071 1745 2104 oecumenico

267 2118 497 2165 patriarchae
525 2119 633 2151 multi
659 2119 756 2151 anni.
809 2125 846 2153 et
870 2119 1037 2153 vicesimo
1065 2120 1218 2165 septimo
1253 2120 1386 2152 mensis
1414 2121 1566 2163 Augusti
1590 2120 1749 2164 impera-

269 2173 326 2200 tor
353 2167 391 2199 in
420 2165 538 2199 forum
566 2177 774 2211 progressus
803 2179 884 2200 cum
912 2168 1085 2211 sacrilego
1115 2167 1353 2202 Constantino
1374 2172 1411 2200 et
1433 2167 1582 2212 reliquis
1607 2168 1749 2212 episco-

269 2215 339 2261 pis,
365 2214 428 2259 qui
456 2224 581 2247 ornnes
609 2226 753 2258 pravam
781 2226 881 2248 suam
906 2214 1084 2248 haeresim
1111 2227 1228 2249 coram
1248 2216 1413 2248 universo
1431 2216 1568 2260 populo
1586 2215 1750 2260 promul-

269 2266 463 2308 gaverunt,
505 2263 831 2295 &sanctissimum
858 2263 1103 2305 Germanum,
1139 2262 1335 2308 Georgium
1361 2262 1547 2307 Cyprium,
1574 2265 1750 2296 Ioannem

269 2308 551 2354 Chrysorrhoam
575 2308 755 2343 Mansuris
781 2311 920 2351 filium,
949 2312 1043 2345 viros
1077 2316 1218 2344 sanctos
1254 2316 1292 2343 et
1329 2311 1554 2345 venerandos
1582 2311 1750 2345 doctores

270 2358 504 2392 anathemate
531 2356 637 2390 ferire
662 2358 739 2390 ausi
765 2364 859 2391 sunt.

83 2406 258 2452 A.C.746
369 2406 525 2450 Cpoleos
553 2404 715 2450 episcopi
743 2405 977 2439 Constantini
1003 2416 1119 2438 annus
1146 2406 1296 2451 primus.

366 2454 444 2487 Hoc
467 2463 563 2486 anno
585 2452 766 2494 Muamed,
793 2454 855 2498 qui
872 2453 1056 2486 Abulabas
1081 2454 1188 2486 etiam
1214 2453 1347 2494 dictus,
1365 2453 1529 2495 moritur,
1556 2458 1752 2499 postquam

271 2502 477 2546 principatu
509 2500 648 2546 potitus
675 2506 729 2534 est
754 2512 866 2533 annos
893 2502 1069 2546 quinque.
1133 2501 1304 2534 Abdellas
1327 2507 1446 2534 autem
1474 2502 1585 2534 frater
1610 2502 1688 2534 eius
1714 2502 1752 2534 iu

271 2549 352 2582 loco
382 2548 630 2594 blasphemiae
657 2559 780 2581 eorum
805 2549 924 2582 ‹ulicato
942 2548 1070 2582 Mecha
1097 2549 1233 2594 oppido
1260 2549 1480 2583 morabatur.
1530 2550 1560 2582 is
1585 2549 1632 2582 ad
1651 2549 1752 2582 Abu-

270 2597 436 2635 muslim.
473 2598 534 2642 qui
565 2597 602 2629 in
639 2596 755 2630 Persia
783 2596 960 2641 degebat,
989 2595 1142 2638 scribit,
1167 2603 1206 2630 ut
1245 2598 1317 2631 sibi
1347 2598 1571 2642 principatus
1600 2603 1752 2642 partem,

272 2656 366 2690 quae
397 2650 494 2678 sorte
520 2643 725 2687 obtigerat,
754 2650 922 2684 servaret.
982 2644 1041 2677 hic
1067 2655 1111 2677 ex
1139 2645 1290 2679 adverso
1324 2645 1514 2679 Abdellam
1540 2645 1654 2678 filium
1681 2645 1751 2685 Ali,

258 2693 394 2739 ‘salem
421 2703 505 2726 vero
533 2693 610 2735 Syri
648 2694 804 2737 supremi
843 2692 946 2726 ducis
982 2692 1128 2726 fratrem
1155 2694 1397 2739 principatum
1424 2693 1495 2726 sibi
1521 2692 1661 2738 procari
1691 2704 1754 2725 co-

273 2751 461 2784 gnoscens,
489 2751 529 2773 ac
558 2739 643 2772 ideo
684 2741 723 2773 in
753 2741 918 2782 Persiam,
955 2745 996 2774 ut
1021 2751 1098 2773 earn
1127 2741 1195 2774 sibi
1222 2741 1404 2783 subiiciat,
1430 2740 1613 2782 accedere,
1637 2740 1753 2774 Persis

273 2793 398 2822 tamen
422 2787 623 2829 adversari,
659 2794 697 2823 et
722 2788 761 2822 in
786 2789 909 2833 Syriae
948 2788 1088 2823 incolas
1114 2788 1355 2836 propendere,
1379 2790 1444 2836 qui
1472 2789 1581 2823 etiam
1602 2800 1683 2822 cum
1708 2798 1753 2822 eo
