1820 3120
311 146 426 223 754
901 166 1254 210 TnEoPHANJs

303 279 449 320 μενοι·
490 266 513 310 ὅ
560 268 608 312 δὲ
645 269 703 328 τῷ
730 267 880 328 α’θρόῳ
919 273 996 327 τῆς
1039 268 1229 320 στάσεως
1267 267 1440 327 σφόδρα
1475 273 1800 329 καταπτοηθείς,

258 335 379 378 1)καί
419 334 605 386 ἀναστάς
643 339 718 394 τῆς
762 340 989 395 τραπέζης,
1019 340 1189 393 πρῶτον
1226 339 1307 392 μὲν
1334 337 1407 381 διὰ
1438 339 1698 397 Νικηφόρον
1728 342 1803 385 καί

302 406 483 462 Πέτρου
511 407 598 448 ταῖν
628 406 864 460 πατρικίων
893 403 1034 463 ὅρκοις
1071 407 1146 449 καί
1174 408 1501 462 πιθανολογίαις
1530 407 1804 462 κατευνάζειν

301 473 504 528 ἐπειρᾶτο
545 471 592 515 τὸ
634 471 896 528 στράτευμα.
971 472 1011 517 οἱ
1051 475 1100 516 δὲ
1137 472 1292 528 μικρὸν
1330 474 1614 532 παυσάμενοι,
1645 476 1804 529 βουνόν

298 556 395 583 τινα
423 543 656 596 κατέλαβον
685 540 725 584 οἱ
756 539 999 598 τρισάθλιοι
1019 543 1093 598 τῆς
1115 545 1162 586 ἐν
1179 545 1331 598 χερσίν
1355 541 1663 597 ἐπιλαθόμενοι
1694 544 1820 600 πρά-1

299 612 415 662 ξεως,
446 609 508 665 τό,
538 607 662 665 κύριε
702 611 889 666 ἐλέησον,
919 611 1211 668 ἀναβοῶντες,
1249 609 1307 662 ὥς
1354 612 1431 654 ἐπί
1457 627 1539 655 τινι
1581 615 1746 672 σεισμῷ
1777 610 1805 669 ἢ

300 677 528 737 οἷνομβρίᾳ.
599 676 622 720 ὅ
661 679 709 722 δὲ
746 677 856 734 πρὸς
885 680 1030 722 πᾶσαν
1066 679 1327 735 κακουργίαν
1354 677 1535 737 ἕτοιμος,
1566 683 1805 736 λαθραιάις

299 746 482 802 δωρεαῖς
514 743 588 788 διά
634 747 709 802 τῆς
737 744 891 796 νυκτὸς
933 744 1036 798 τούς
1062 745 1246 798 πολλοὺς
1278 748 1364 791 τῶν
1396 747 1615 803 ἀρχόντων
1639 750 1803 802 ἐξαπα-

297 814 442 870 τήσας,
471 815 523 872 τῇ
550 813 760 871 ἐπαύριον
788 812 919 865 αὐτὸς
940 816 995 858 δι’
1025 812 1187 858 ἑαυτοῦ
1215 819 1345 870 μέσος
1372 815 1515 860 ἐλθών
1542 823 1630 869 τοῖς
1656 813 1802 874 ὄχλοις

163 882 637 938 Ρ·411διελέχθη,περί
663 881 804 939 πάσης
835 882 1070 940 ευήμερίας
1109 878 1255 939 ὅρκοις
1286 890 1484 941 φρικτοῖς
1511 884 1676 938 αὕτούς
1703 888 1820 930 δια-ι

294 950 646 1005 βεβαιωσάμενος
668 952 744 994 καί
773 949 826 994 τὰ
858 953 931 1009 τῆς
963 950 1059 1008 ἴσης
1087 951 1196 1008 πρὸς
1227 950 1281 996 τὰ
1312 954 1436 996 τέκνα
1465 956 1664 1010 στοργῆς.
1721 951 1798 998 καί

296 1020 542 1074 παραυτίκα
570 1016 645 1075 την
674 1021 883 1074 βασιλίδα
922 1019 1241 1075 καταλαμβάνει
1258 1057 1270 1078 ,
1312 1018 1547 1065 Θεοδόσιον
1575 1022 1800 1079 πατρίκιον

296 1088 371 1130 καί
400 1090 743 1145 προμοσκρίνιον,
772 1086 822 1131 τὸ
852 1090 1027 1145 ἐπίκλην
1051 1091 1318 1147 Σαλιβαριῖν,
1350 1087 1481 1140 ἐάσας
1499 1090 1560 1141 εἰς
1587 1089 1635 1134 τὸ
1667 1108 1798 1136 κατα-

295 1157 455 1208 μαθεῖν
485 1156 541 1197 δι’
572 1150 772 1212 άλλήλων
800 1155 900 1207 τούς
928 1155 1262 1209 στασιάσαντας.
1323 1157 1367 1201 έν
1395 1159 1444 1201 δὲ
1472 1160 1529 1218 τῷ
1558 1160 1798 1216 ἐπανέρχε-

296 1226 406 1266 σθαι
451 1221 503 1266 τά
532 1223 678 1280 πλήθη
715 1223 913 1280 ῥογεύειν
948 1223 1107 1276 αὐτοὺς
1144 1224 1553 1285 προσποιησάμενος,
1590 1229 1697 1272 κατὰ
1726 1229 1820 1273 τὸν1

296 1287 419 1346 ἅγιον
455 1289 685 1346 ΙΙῙάμαντα
726 1294 909 1349 δαρμοῖς
937 1309 982 1337 τε
1025 1291 1101 1336 καί
1141 1299 1320 1351 κουραῖς
1360 1294 1437 1338 καί
1463 1296 1651 1352 ἑξοριῖκις
1695 1296 1799 1348 τούς

295 1360 520 1411 πλείστους
547 1358 930 1418 τιμωρησάμενος,
977 1362 1039 1413 εἷς
1059 1360 1341 1420 Χρυσόπολιν
1367 1361 1469 1414 τούς
1498 1364 1684 1416 πολλοὺς
1712 1366 1800 1408 διε-

294 1430 488 1484 βιβαζεν,
516 1431 825 1486 καταπατήσας
854 1429 956 1480 τοὺς
982 1429 1256 1487 τηλικούτους
1286 1430 1504 1489 φοβεροὺς
1535 1430 1703 1490 ὅρκους.
1761 1431 1803 1477 οἱ

299 1497 348 1539 δὲ
378 1494 450 1539 διὰ
481 1496 560 1554 τήν
590 1497 825 1556 συμφοράν
864 1499 1045 1555 πύρινον
1072 1499 1264 1555 ποταμὸν
1302 1498 1348 1543 τὸ
1380 1501 1557 1558 πέραμα
1585 1502 1796 1559 προσηγό-

257 1571 283 1604 Β
300 1579 476 1619 ρευσαν.

396 1690 431 1725 3.
462 1690 589 1739 ὅρκοις
615 1694 682 1728 καὶ
706 1694 735 1728 Α
763 1704 783 1726 a
810 1693 836 1735 f,
864 1691 990 1742 ὅρκοις
1013 1692 1151 1734 αὐτοὺς
1174 1696 1239 1731 καὶ
1263 1696 1361 1741 vulg.
1483 1696 1518 1743 4.
1545 1695 1725 1745 ἑπειριῖτο
1749 1694 1791 1732 τό

397 1740 526 1788 στράτ.
554 1743 584 1777 A
609 1753 630 1776 a
655 1742 680 1785 s,
709 1736 847 1782 αὐτοὺς
874 1743 1054 1791 ἐπειρᾶτο
1083 1745 1179 1790 vulg.
1307 1746 1360 1780 ¹8.
1388 1745 1454 1779 καὶ
1480 1749 1569 1794 φοβ.
1596 1747 1638 1780 Α.

299 1862 338 1891 et
361 1857 567 1893 maledictis
594 1859 832 1906 appetebant,
858 1860 1125 1908 inexplebilem
1154 1862 1230 1896 eius
1252 1863 1344 1896 circa
1370 1861 1517 1897 divitias
1544 1862 1739 1898 libidinem
1767 1876 1787 1898 e

299 1906 494 1940 scelestum
538 1908 616 1941 eius
651 1909 814 1942 animum
840 1921 878 1944 se
914 1921 991 1944 non
1022 1911 1118 1945 ultra
1146 1912 1369 1945 toleraturos·
1403 1911 1523 1945 iurati.
1576 1912 1642 1945 ille
1673 1913 1795 1946 subito

297 1955 539 2002 violentoque
556 1963 657 1991 motu
687 1959 894 1999 exterritus,
919 1960 1082 2004 exsurgit
1109 1970 1129 1993 e
1155 1971 1294 2000 mensa,
1321 1965 1358 1994 et
1387 1971 1453 2005 per
1471 1959 1718 2006 Nicephorum
1733 1962 1797 1995 Pe-

300 2008 471 2049 trumque
495 2006 669 2050 patricios
695 2007 918 2041 iusiurandis
952 2013 990 2041 et
1020 2009 1114 2054 aptis
1157 2007 1204 2041 ad
1230 2004 1457 2041 sua‘dendum
1493 2008 1613 2043 verbis
1639 2021 1701 2044 eos
1731 2010 1797 2043 de-

299 2052 463 2085 mulcere
491 2059 607 2098 parat.
659 2060 736 2088 tum
766 2055 822 2088 illi
848 2067 868 2088 a
892 2056 1052 2089 tumultu
1082 2057 1212 2090 leviter
1240 2056 1481 2097 abstinentes,
1516 2057 1648 2092 collem
1675 2069 1798 2104 quen-

300 2099 381 2132 dam
410 2107 601 2146 occupant,
629 2103 766 2136 miselli
801 2105 982 2150 propositi
1008 2105 1118 2138 facile
1143 2105 1362 2139 conficiendi
1401 2106 1650 2147 immemores,
1689 2106 1796 2149 illud,

301 2147 449 2181 domine
477 2150 670 2193 miserere,
698 2153 801 2197 quasi
842 2158 961 2186 terrae
999 2159 1119 2188 motus
1147 2165 1224 2187 eam
1268 2159 1540 2199 conquassaret,
1565 2155 1624 2188 vel
1653 2154 1798 2190 diutina

302 2196 430 2230 imbris
457 2198 614 2243 penuria
654 2211 774 2233 aerem
811 2200 1015 2243 detineret,
1052 2203 1266 2236 inclamant.
1327 2201 1556 2248 Nicephorus
1594 2208 1722 2250 utpote
1752 2203 1798 2238 ad

303 2256 448 2279 omnem
476 2247 654 2280 malitiam
692 2249 924 2291 exercitatus,
955 2252 1169 2284 muneribus
1196 2261 1261 2296 per
1286 2255 1430 2284 noctem
1458 2250 1551 2284 clam
1577 2251 1799 2294 distributis,

301 2294 423 2327 varios
451 2295 632 2329 exercitus
660 2295 770 2330 duces
798 2298 868 2331 sibi
887 2298 1076 2333 devinctos
1102 2299 1294 2340 seducens,
1314 2299 1392 2344 ipse
1419 2310 1544 2333 eorum
1571 2301 1712 2335 medius
1741 2302 1799 2334 in-

304 2343 477 2389 sequenti
505 2342 566 2376 die
595 2343 641 2377 ad
665 2346 863 2379 exercitum
892 2347 1108 2392 procedens,
1135 2347 1181 2381 de
1205 2359 1269 2381 suo
1302 2358 1384 2392 erga
1416 2359 1478 2382 eos
1505 2351 1636 2383 affectu
1679 2348 1799 2396 deque

306 2402 370 2424 sua
397 2402 481 2436 erga
506 2392 604 2438 ipsos
631 2403 748 2439 aeque
777 2404 817 2426 ac
842 2394 937 2428 filios
962 2397 1210 2442 propensione
1243 2396 1464 2430 iusiurandis
1504 2398 1611 2431 etiarn
1642 2403 1802 2432 tremen-

307 2439 364 2472 dis
389 2440 563 2474 certiores
592 2440 754 2475 facturus
784 2442 942 2477 disserit.
1003 2455 1044 2478 ac
1074 2443 1267 2478 confestim
1307 2445 1345 2478 in
1380 2445 1505 2479 urbem
1532 2446 1802 2492 imperatricem

308 2488 490 2529 convolat,
515 2488 727 2523 Theodosio
754 2491 907 2536 patricio
935 2496 972 2525 et
997 2492 1256 2537 primiscriniO,
1284 2494 1340 2526 cui
1376 2504 1580 2539 cognomen
1605 2495 1804 2537 salibaras,

309 2536 567 2582 dignoscendis
607 2549 673 2584 per
712 2545 857 2572 mutuas
895 2540 1057 2585 ipsorum
1094 2541 1347 2575 accusationes
1374 2542 1553 2577 tumultus
1579 2545 1802 2585 auctoribus,

307 2585 451 2618 relicto.
502 2586 723 2621 militaribus
749 2593 870 2621 autem
897 2588 1012 2634 copiis
1043 2589 1080 2622 in
1113 2587 1242 2622 ur'bem
1271 2591 1438 2632 reversis,
1463 2591 1632 2626 simulata
1658 2593 1803 2638 stipen-

309 2633 361 2666 dii
392 2635 624 2679 erogatione,
650 2636 689 2669 in
726 2637 846 2670 varios
872 2647 914 2670 ex
935 2637 1118 2671 militibus
1145 2638 1337 2672 verberum
1362 2639 1560 2682 tunsione,
1584 2641 1803 2687 capillorum

310 2692 455 2724 rasura,
492 2688 531 2717 et
562 2684 684 2717 exiliis
716 2683 762 2717 ad
803 2691 965 2718 sanctum
1000 2685 1222 2719 Mamantem
1264 2687 1540 2728 animadvertit,
1577 2701 1618 2723 ac
1655 2688 1803 2723 demum

312 2730 424 2763 tantis
449 2742 490 2764 ac
515 2737 588 2765 tam
607 2731 801 2767 horrendis
828 2735 1060 2768 sacramentis
1080 2746 1219 2768 summo
1247 2742 1459 2783 contemptu
1487 2739 1591 2783 quasi
1617 2737 1663 2770 ad
1690 2737 1803 2784 pedes

313 2779 549 2820 conculcatis,
579 2781 755 2825 plurimos
784 2782 1037 2828 Chrysopolim
1070 2784 1110 2816 in
1152 2784 1302 2818 exilium
1343 2784 1559 2830 deportavit.
1619 2786 1674 2819 illi
1701 2792 1803 2821 tanta

313 2826 523 2863 calamitate
548 2830 722 2874 perculsi,
744 2837 872 2876 portus
898 2831 1065 2866 traiectui
1090 2833 1188 2876 ignei
1214 2833 1327 2868 amnis
1351 2845 1487 2868 nomen
1513 2833 1694 2869 indidere.
