1786 3204
93 214 110 229 χ
285 189 303 224 1
320 169 392 237 54
844 189 1190 232 THEOPHANJS

279 291 352 332 δον
378 293 690 347 τεσσαράκοντα
721 291 969 346 ἐπισκόπων,
998 293 1318 345 μεταστέλλεται
1345 287 1417 332 τὸν
1444 288 1636 347 Εύτυχῆ,
1671 292 1745 333 καί

240 355 382 400 Βκατὰ
412 359 554 400 πᾶσαν
583 357 843 401 ἀκολουθίαν
873 360 966 401 ’τῶν
1004 356 1359 413 ἐκκλησιαστικῶν
1408 356 1595 400 κανόνων
1640 359 1745 400 οἴνα-

276 425 444 478 κρίνας,
485 427 559 466 καί
595 423 734 480 εὑρών
758 421 891 467 αύτὸν
931 423 1143 480 αἱρετικὸν
1187 425 1260 465 καί
1295 418 1498 476 ὕπουλον,
1547 427 1745 467 καθεῖλεν

275 491 416 534 αὐτόν.
482 490 742 548 Χρυσάφιος
778 493 825 535 δὲ
866 489 1016 535 τούτου
1046 491 1258 546 σύμφρων
1296 492 1375 532 τοῦ
1405 492 1611 533 παλατίου
1643 507 1745 547 κρα-

274 559 371 611 τῶν,
400 560 472 600 καί
499 560 629 600 ταῦτα
663 556 817 610 μαθών
861 558 933 601 ἐπὶ
958 562 1100 600 πλεῖον
1141 554 1359 607 ἐξάπτεται
1388 558 1449 607 εἷς
1477 555 1609 613 ὀργὴν
1637 557 1783 601 κατὰὸ

280 626 542 679 Φλαβιανοῦ,
573 627 646 667 καί
675 627 801 681 δηλοῖ
821 627 880 683 τῷ
907 621 1124 682 Διοσκόρῳ
1152 625 1482 679 Ἀλεξανδρείας,
1519 626 1581 675 εἰς
1609 624 1745 668 πάντα

276 691 394 749 αὐτῷ
423 698 639 748 συνεργεῖν
681 691 730 735 ta*
765 691 1030 747 καταθύμια,
1072 694 1113 734 εἰ
1136 697 1227 741 ταῖς
1260 689 1368 734 κατὰ
1399 693 1647 747 Φλαβιανοῦ
1674 693 1748 734 καὶ

277 757 490 813 Εὖσεβιόυ
536 759 775 816 συνδράμοι
815 762 931 818 αύτῷ
966 762 1240 815 κατηγορίαις
1282 760 1355 801 καί
1381 755 1491 813 ὑπὲρ
1522 760 1746 813 Εύτυχοῦς

276 821 546 882 ἀγωνίσηται.
602 833 779 870 κινεῖται
809 828 856 869 δὲ
882 824 988 883 πρὸς
1015 828 1139 869 τοῦτο
1175 828 1245 868 καὶ
1274 824 1350 882 τήν
1382 823 1627 882 αὖγούσταν
1657 827 1746 868 Ev’-

275 895 421 936 δοκίαν
449 891 498 936 τὰ
529 893 627 949 περὶ
653 896 929 951 Πουλχερίας
962 892 1131 949 λυπηρὰ
1170 893 1277 936 κατὰ
1308 895 1560 949 Φλαβιανοῢ
1589 893 1744 946 ύπομι-
1764 911 1777 937 1

274 958 467 1019 μνῄσκων
498 960 652 1017 αύτὴν·
711 964 784 1003 καί
806 958 1208 1018 παρασκευάζουσιν
1250 960 1489 1017 ἀμφότεροι
1518 960 1594 1003 τὸν
1622 963 1745 1015 βασι-

235 1030 350 1070 (Σλέα
378 1028 580 1070 θεσπίσαι
601 1030 800 1084 δευτέραν
828 1030 873 1071 ἐν
898 1026 1060 1088 Ἐφέσῳ
1078 1030 1422 1084 συγκροτηθῆναι
1451 1028 1644 1083 σύνοδον,
1672 1027 1748 1069 καί

273 1097 510 1150 παρέχουσι
530 1094 746 1153 Διοσκὸρῳ
777 1093 971 1151 ἐξάρχειν
999 1098 1072 1151 τῆς
1101 1095 1303 1150 συνόδου,
1321 1094 1643 1145 ἀποστείλαντες
1668 1094 1747 1136 αύ-

274 1163 334 1220 τῷ
362 1160 540 1216 στρατὸν
567 1166 760 1205 πλεῖστον
789 1162 894 1219 πρὸς
919 1160 1138 1218 βοήθειαν.

70 1231 160 1266 ΑΜ·
174 1229 259 1278 5941
389 1228 533 1288 Τούτῳ
561 1232 618 1289 τῷ
653 1228 736 1272 ἔτει
768 1228 956 1273 κελεύσει
996 1232 1075 1273 τοῦ
1114 1232 1324 1285 βασιλέως
1356 1229 1588 1273 Θεοδοσίου
1617 1229 1642 1285 ἦ
1674 1233 1776 1288 λῃ-ι

276 1295 418 1353 στρικη
461 1296 533 1339 καὶ
571 1295 817 1352 παράνομος
855 1297 1151 1354 συνηθροίσθη
1192 1297 1372 1348 σύνοδος
1414 1299 1459 1339 ἐν
1489 1298 1646 1355 Ἐφέσῳ
1673 1299 1748 1339 τοῦ

277 1366 476 1419 κριθῆναι
515 1363 568 1407 τὰ
613 1366 711 1421 περὶ
749 1367 1001 1419 Φλαβιανοῦ
1029 1365 1102 1408 καί
1131 1365 1353 1420 Εὔτυχοῦς
1391 1363 1475 1406 ὑπὸ
1505 1362 1746 1419 Διοσκόρου

276 1434 354 1474 τοῦ
384 1433 615 1487 δυσσεβοῦς
636 1430 738 1474 κατὰ
763 1432 1015 1488 παραίνεσιν
1036 1435 1300 1489 Χρυσαφιόυ
1332 1432 1412 1474 τοῦ
1443 1431 1670 1486 εὐνούχου,
1699 1429 1745 1473 τό

276 1498 447 1556 ἐπίκλην
481 1502 701 1554 Ταϊουμᾶ,
730 1498 803 1556 την
830 1502 906 1543 τοῦ
944 1502 1156 1555 βασιλέως
1186 1498 1423 1556 κουφότητα
1451 1499 1747 1555 παραπείσαν-

369 1661 405 1696 5.
432 1659 548 1695 ταῦτα
570 1660 600 1694 Α
628 1672 666 1702 e,
692 1660 798 1696 τοῦτο
828 1662 924 1706 vulg.
1045 1660 1079 1695 6.
1104 1659 1386 1706 Ἀλεξανδρείας
1408 1658 1450 1701 Δ,
1470 1656 1751 1704 Ἀλεξανδρέων

371 1708 468 1753 vulg·
590 1720 620 1753 7-
650 1711 684 1744 εἰ
704 1710 745 1750 A,
777 1711 818 1747 ἐν
835 1711 933 1755 vulg.
1066 1711 1099 1743 8.
1129 1707 1344 1756 συνδράμοι
1367 1708 1409 1748 A,
1428 1706 1627 1754 συνδράμῃ
1650 1706 1747 1750 vulg.

379 1756 432 1789 15.
457 1754 523 1791 -ιοῦ
550 1755 631 1789 add.
658 1768 702 1789 ex
729 1758 768 1790 A.
872 1759 924 1791 16.
953 1757 994 1794 ἐν
1018 1754 1166 1804 Ἐφέσῳ
1192 1755 1275 1790 add.
1306 1767 1350 1790 ex
1372 1755 1415 1789 A.
1516 1756 1569 1790 18.
1595 1750 1637 1791 τὸ
1667 1755 1749 1790 ἐπί-

372 1804 460 1847 κλην
486 1805 529 1846 Α,
552 1804 618 1839 τοῦ
643 1806 701 1841 ἐπ.
727 1805 823 1851 vulg.

279 1964 372 2001 quae
397 1954 466 1988 sibi
489 1959 576 1989 nota
601 1954 646 1989 de
673 1955 739 1989 illo
763 1955 897 1997 forent,
935 1954 1114 1989 Eusebius
1139 1953 1272 1988 detulit
1299 1953 1347 1987 ad
1370 1952 1582 1986 Flavianum
1607 1953 1751 1997 episco7-

278 2014 386 2048 pum:
412 2002 475 2048 qui
508 2002 744 2048 quadraginta
770 2005 1022 2050 episcoporum
1050 2008 1175 2036 coacta
1202 2001 1366 2046 synodo,
1393 1999 1593 2044 Eutychem
1621 1998 1750 2032 adesse

279 2050 394 2092 iubet,
419 2057 455 2084 et
478 2050 578 2084 iuxta
613 2053 772 2096 positum
809 2052 1134 2085 ecclesiasticorum
1167 2061 1344 2083 canonum
1371 2048 1537 2082 ordinem
1563 2047 1750 2080 examina-

278 2103 370 2138 tum,
401 2109 479 2131 cum
511 2098 732 2133 haereticum
759 2106 796 2133 et
836 2100 875 2133 in
904 2111 1024 2133 errore
1050 2097 1187 2133 tuendo
1213 2097 1408 2131 subdolum
1433 2093 1751 2142 deprehendisset,

280 2145 459 2189 dignitate
487 2147 685 2181 mulctavit.
737 2153 775 2182 at
788 2147 1034 2194 chrysaphius
1058 2145 1229 2190 Eutychis
1255 2146 1457 2179 sententiae
1482 2144 1660 2190 particeps
1685 2154 1748 2175 su—

278 2205 438 2239 premam
468 2195 505 2227 in
530 2195 662 2240 palatio
688 2207 857 2230 exercens
882 2200 1112 2242 potestatem,
1138 2194 1193 2227 his
1217 2193 1350 2227 auditis
1376 2192 1486 2237 magis
1516 2203 1554 2225 ac
1571 2191 1680 2235 magis
1708 2190 1749 2223 in

279 2241 488 2275 Flavianum
514 2243 732 2286 accenditur,
762 2250 798 2277 et
817 2245 993 2278 Dioscoro
1011 2242 1252 2277 Alexandriae
1277 2243 1447 2288 episcopo
1473 2239 1682 2285 pollicetur,
1710 2249 1748 2272 se

279 2288 327 2322 ad
351 2292 495 2336 quaevis
522 2292 553 2324 ei
578 2291 713 2337 placita
737 2292 994 2338 praestiturum
1021 2302 1179 2336 operam,
1217 2290 1247 2323 si
1274 2290 1320 2323 ad
1344 2289 1493 2322 adversa
1521 2297 1687 2333 quaeque.
1710 2285 1750 2319 in

279 2337 488 2371 Flavianum
527 2345 563 2372 et
589 2340 786 2373 Eusebium
830 2351 909 2373 reos
944 2339 1102 2384 agendos
1127 2337 1346 2384 proferenda
1385 2337 1504 2383 ipsum
1530 2337 1681 2376 iuvaret,
1708 2345 1751 2367 ac

280 2385 425 2419 demum
450 2387 618 2431 Eutychis
644 2394 763 2433 partes
797 2399 860 2433 pro
887 2388 982 2421 virili
1007 2387 1205 2432 susciperet
1229 2385 1396 2420 tuendas.
1459 2387 1663 2417 commovet
1689 2382 1750 2414 in-

279 2445 388 2479 super
424 2441 609 2478 augustam
640 2435 834 2469 Eudociam
862 2436 899 2468 in
926 2436 1149 2475 Flavianum,
1176 2445 1270 2480 quae
1290 2446 1310 2467 a
1333 2431 1523 2467 Pulcheria
1547 2430 1752 2476 pertulerat

279 2481 410 2515 acerba
436 2483 612 2516 reducens
636 2483 674 2516 in
698 2484 919 2517 memoriam.
971 2495 1041 2516 una
1067 2483 1177 2527 igitur
1200 2481 1305 2515 ambo
1330 2482 1582 2526 imperatorem
1599 2477 1754 2511 hortan-

281 2535 351 2571 tur,
380 2530 572 2564 secundam
588 2531 723 2575 Ephesi
748 2531 955 2576 congregari
980 2531 1158 2576 synodum
1183 2529 1337 2563 indicat:
1368 2540 1408 2561 ac
1435 2527 1542 2561 simul
1564 2526 1753 2566 Dioscoro,

249 2618 253 2624 Α
283 2584 324 2611 nt
348 2579 507 2623 praesit,
532 2583 751 2624 potestatem
786 2579 947 2621 faciunt,
971 2591 1047 2613 non
1079 2577 1346 2613 contemnenda
1384 2576 1544 2610 militum
1579 2584 1689 2608 manu
1713 2573 1754 2606 in

284 2626 360 2659 eius
386 2627 563 2659 auxilium
590 2627 788 2660 summissa.

98 2674 268 2720 A.C.441
378 2674 455 2707 Hoc
480 2685 575 2708 anno
600 2673 867 2719 praedator-ium
897 2679 933 2708 et
970 2675 1199 2719 illegitimum
1225 2671 1508 2707 conciliabulum
1532 2669 1693 2703 Flaviani
1718 2672 1755 2702 et

285 2721 458 2765 Eutychis
483 2721 687 2755 dirimendo
715 2721 760 2754 ab
787 2723 897 2767 impio
928 2723 1099 2757 Dioscoro
1127 2721 1339 2763 discrimini,
1364 2720 1515 2753 iubente
1541 2716 1754 2752 Theodosio

287 2769 516 2814 imperatore,
543 2775 580 2803 et
603 2768 827 2814 Chrysaphio
854 2769 1034 2812 eunucho,
1060 2771 1117 2804 cui
1143 2781 1344 2815 cognomen
1362 2767 1546 2808 Tainmas,
1574 2764 1756 2804 hortante,

287 2827 330 2850 ac
352 2817 457 2851 nimis
487 2818 632 2854 facilem
671 2818 899 2863 imperatoris
931 2818 1221 2866 auin1mn‚‚quo
1249 2816 1375 2858 vellet,
1399 2817 1575 2856 vertente,
1604 2822 1755 2856 congre-
