1768 3106
265 131 377 209 730
825 155 1176 200 THEOPHANis

42 260 137 295 AM.
150 259 245 304 6289
362 253 529 312 Ῥώμης
558 254 793 299 ἐπισκόπου
823 260 1010 310 Λέοντος
1037 257 1128 310 ἔτος
1155 258 1206 302 α’.

373 321 518 383 Τούτῳ
548 322 606 383 τῷ
635 322 733 382 ἔτει,
763 329 866 381 μηνί
883 327 1173 387 Σεπτεμβριζο,
1202 329 1378 383 ἐξῆλθεν
1408 327 1432 370 ὅ
1448 328 1747 384 βασιλεΰςσύν

251 393 301 448 τῇ
338 393 474 447 μητρί
505 393 638 435 αὐτοῦ
677 396 722 435 ἐν
767 397 819 450 τῇ
858 393 1044 452 Προύσῃ
1084 397 1328 452 θερμῆσαι·
1387 399 1463 440 καί
1506 398 1560 455 τῇ
1601 396 1632 449 ζ’
1670 400 1748 439 τοῦ

250 459 504 514 Ὀκτωβριόυ
529 459 664 516 μηνὸς
692 464 768 517 τῆς
799 461 828 503 ε’
868 464 1127 513 ι’νδικτιῶνος
1158 465 1316 521 ἐτέχθη
1355 467 1416 525 τῷ
1439 469 1616 520 βασιλεῖ
1640 463 1745 522 υἱός,

251 524 298 568 ὃν
341 525 618 582 ἐπωνόμασεν
659 532 857 572 Λέοντα·
898 531 971 572 καί
1010 529 1167 584 μαθών
1206 530 1227 574 ὃ
1262 524 1467 586 βασιλεῦς
1498 531 1768 577 καταλιπώνξ

251 593 328 650 τήν
358 597 525 652 μητέρα
556 596 694 640 αὐτοῦ
739 597 785 640 ἐν
826 604 915 647 τοῖς
965 601 1145 652 θερμοῖς
1189 598 1272 642 σῦν
1313 602 1428 661 πάσῇ
1464 602 1517 660 τῇ
1543 603 1747 659 βασιλικῇ

122 667 240 715 P.398
253 660 369 715 τάξει
401 665 476 706 καί
504 670 593 714 τοῖς
622 663 847 722 ἄρχουσιν,
880 668 1086 721 δρομαῖος
1117 669 1178 718 εἰς
1205 666 1284 724 τήν
1313 670 1436 712 πόλιν
1463 670 1746 725 ὑπέστρεψεν.

251 730 438 787 εὑροῦσα
468 732 516 775 δὲ
564 733 731 788 διοριἀν
777 734 802 789 ἡ
832 733 988 777 τούτου
1024 732 1167 792 μήτηρ
1196 736 1512 794 προσελάλησεν
1542 740 1618 780 καί
1642 737 1745 780 ὑπέ-

250 815 383 856 συρεν
413 801 599 857 δωρεαῖς
630 802 706 844 καί
730 801 990 857 ὑποσχέσεσι
1021 801 1126 854 τούς
1166 806 1252 846 τῶν
1279 804 1505 860 ταγμάτων
1535 800 1745 861 ἄρχοντας

250 866 360 921 πρὸς
388 866 436 910 τὸ
469 871 668 922 καιῖελεῖν
695 869 770 912 τὸν
799 869 893 913 υἱὸν
917 871 1060 928 αυ’τῆς,
1091 870 1167 914 καί
1193 875 1565 930 μονοκρατορῆσαι
1596 873 1768 930 mining*

247 933 348 985 τούς
376 938 457 990 μὲν
487 937 544 980 δι’
570 935 729 994 ἑαυτῆς
757 939 1038 997 θωπεύσασα,
1068 940 1169 989 τούς
1201 943 1249 983 δὲ
1281 940 1353 983 διὰ
1385 943 1471 984 τῶν
1501 939 1743 996 ἀνθρώπων

247 1005 403 1061 αὕτῆς,
438 1007 516 1047 καί
544 1007 739 1049 εἵλκυσεν
769 1005 931 1058 πάντας
961 1007 1068 1064 πρὸς
1087 1006 1256 1066 ἑαυτήν,
1290 1011 1365 1052 καί
1391 1010 1609 1065 ἐξεδέχετο
1640 1010 1742 1065 ἡμέ-

248 1089 329 1125 ραν
364 1073 505 1130 εὑρεῖν
533 1073 787 1130 ἐπιτήδειον.
855 1077 901 1119 ἐν
941 1078 988 1119 δὲ
1015 1079 1069 1135 τῇ
1090 1076 1233 1136 Ῥώμῃ
1266 1068 1590 1134 τελευτήσαντος
1619 1077 1741 1121 noina

247 1142 502 1200 Ἀδριανοῦ,
539 1150 852 1199 χειροτονεῖται
896 1147 1048 1203 Λέων,
1086 1145 1193 1202 α’νήρ
1225 1146 1499 1201 τιμιώτατος
1524 1149 1599 1189 καί
1635 1145 1740 1189 κατὰ

248 1209 391 1253 πάντα
421 1213 658 1266 αἰδέσιμος.
733 1215 792 1271 τῷ
822 1215 868 1254 δὲ
898 1215 1088 1273 ΙΙἸαρτίῳ
1127 1215 1230 1271 μήνι’
1270 1217 1446 1270 ἐξῆλθεν
1482 1214 1504 1256 ὁ
1535 1213 1768 1268 βασιλεὺςι

247 1277 355 1321 κατὰ
379 1278 591 1338 Ἀράβων,
621 1279 732 1336 ἔχων
768 1284 872 1334 μεθ’
899 1279 1062 1324 ἑαυτοῦ
1090 1281 1359 1338 Σταυράκιον
1398 1281 1470 1326 τὸν
1518 1283 1743 1339 πατρίκιον

209 1348 324 1389 Βκαί
352 1346 531 1398 λοιπούς
560 1347 715 1405 φίλους
746 1351 821 1405 τῆς
849 1349 1015 1407 μητρὸς
1050 1350 1190 1393 αὐτοῦ
1234 1352 1307 1394 καί
1349 1350 1526 1407 ἐκλογήν
1553 1348 1744 1406 μονοζοό-

246 1431 331 1457 νων
359 1419 633 1471 στρατιωτῶν
663 1419 708 1469 ε”ξ
725 1418 982 1476 οἶμφοτέρων
999 1419 1199 1474 θεμάτων
1213 1421 1417 1475 χιλιάδας
1445 1419 1594 1463 εἴκοσι.
1628 1419 1742 1463 ἰδόν-

246 1498 314 1533 τες
344 1484 393 1526 δὲ
421 1482 462 1526 οἱ
501 1484 603 1540 περὶ
627 1488 896 1543 Σταυράκιον
935 1485 1010 1543 τήν
1038 1490 1287 1545 προθυμίαν
1315 1489 1395 1531 τοῦ
1423 1489 1533 1530 λαοῦ
1562 1489 1637 1530 καί
1663 1487 1740 1529 τοῦ

246 1554 471 1607 βασιλέως,
502 1552 795 1612 ἐφοβήθησαν,
825 1555 976 1611 μήπως
1006 1555 1251 1611 πολεμήσας
1280 1555 1426 1614 νικήσῃ
1454 1556 1527 1598 καί
1554 1555 1768 1610 οἷστοχή-’Ξ

247 1635 355 1674 σωσι
385 1622 459 1678 τῆς
493 1626 586 1664 κατ’
626 1622 764 1666 αὐτοῦ
791 1627 967 1680 βουλῆς.
1027 1623 1101 1667 καί
1133 1623 1507 1682 δωροδοκήσαντες
1539 1623 1638 1675 τούς
1667 1625 1741 1679 τῆς

344 1764 378 1798 3.
404 1767 591 1813 θερμίσαι
616 1766 657 1800 Α.
781 1778 814 1814 7.
841 1768 905 1804 ἐπὶ
930 1780 959 1803 τ.
987 1779 1028 1804 π.
1054 1768 1094 1803 Α.

57 1894 98 1928 A.
112 1892 151 1928 C.
167 1894 237 1940 789
344 1894 481 1927 Romae
506 1894 670 1940 episcopi
695 1894 827 1928 Leonis
853 1907 969 1929 annus
995 1896 1148 1942 primus.

343 1941 424 1976 Hoc
450 1953 546 1976 anuo
572 1954 697 1976 mense
722 1944 928 1989 Septembri
953 1944 1153 1990 imperator
1170 1954 1241 1977 una
1270 1954 1349 1976 cum
1376 1947 1489 1976 matre
1514 1941 1736 1975 thermarum

245 1989 350 2035 aquis
374 1990 592 2024 recreandus
611 1992 757 2025 Prusam
786 2003 824 2025 se
850 1993 1020 2027 contulit.
1072 2004 1195 2026 mense
1225 1992 1381 2026 subinde
1406 1989 1559 2025 Octobri
1586 1991 1736 2036 quintae

243 2037 470 2081 indictionis,
498 2039 625 2081 filium,
653 2051 763 2086 quem
780 2041 939 2074 Leonem
967 2041 1182 2083 nominavit,
1208 2051 1252 2074 ex
1278 2041 1431 2085 coniuge
1460 2039 1632 2085 suscepit,
1660 2050 1735 2083 quo

244 2087 382 2120 nuncio
409 2087 455 2120 ad
484 2099 566 2121 eum
592 2088 737 2131 delato,
770 2096 923 2122 matrem
951 2101 1050 2123 suam
1079 2091 1117 2123 in
1152 2089 1302 2123 thermis
1332 2100 1404 2122 una
1430 2099 1510 2121 cum
1537 2088 1637 2120 omni
1663 2087 1736 2119 im-

243 2135 430 2182 peratorio
458 2137 631 2170 comitatu
657 2142 696 2171 et
720 2138 848 2171 aulicis
876 2139 1102 2185 relinquens,
1127 2137 1283 2182 festinus
1309 2137 1347 2171 in
1373 2135 1502 2170 urbem
1532 2141 1628 2169 retro
1656 2146 1736 2168 ces-

245 2184 304 2217 sit.
355 2182 410 2217 ibi
445 2188 590 2230 tempus
628 2186 903 2220 accommodum
929 2188 1032 2221 Irene
1066 2193 1173 2220 nacta
1215 2199 1295 2220 cum
1328 2184 1496 2219 ordinum
1522 2183 1735 2217 militarium

247 2231 402 2266 ducibus
430 2232 655 2278 colloquium
682 2232 823 2276 habuit,
849 2241 886 2269 et
913 2247 985 2283 qua
1002 2234 1214 2269 muneribus
1239 2235 1278 2268 in
1305 2245 1367 2268 eos
1390 2233 1533 2279 sparsis,
1553 2243 1626 2279 qua
1649 2244 1736 2277 pro-

247 2281 365 2314 missis
390 2280 609 2322 maioribus,
651 2281 826 2328 abrogato
865 2283 941 2318 filio
980 2295 1156 2317 summam
1194 2283 1337 2329 imperii
1363 2287 1405 2315 ut
1430 2281 1499 2314 sihi
1525 2279 1735 2315 committe-

248 2334 342 2370 rent,
368 2328 528 2371 induxit,
559 2334 670 2375 atque
699 2331 750 2364 ita
790 2338 939 2366 cunctos
966 2333 1101 2378 partim
1129 2332 1203 2366 suis
1230 2332 1344 2377 ipsius
1378 2329 1577 2371 illecebris,
1602 2329 1735 2375 partim

246 2377 484 2412 familiarium
511 2389 658 2412 suorum
675 2378 840 2413 suasibus
855 2386 974 2414 motos
990 2387 1028 2415 et
1052 2382 1194 2414 illectos
1220 2380 1259 2413 in
1284 2391 1364 2414 suas
1389 2384 1510 2426 partes
1534 2377 1735 2418 transtulit,

247 2425 480 2473 subindeque
508 2425 603 2460 diem
645 2434 895 2474 opportunum
932 2429 1075 2463 censuit
1099 2428 1377 2476 expectandum.
1434 2438 1543 2473 porro
1573 2425 1735 2460 Adriano

243 2486 340 2521 papa
366 2471 564 2518 defuncto,
590 2476 677 2517 Leo,
703 2476 759 2509 vir
784 2478 880 2510 omui
910 2476 1051 2511 honore
1081 2488 1122 2511 ac
1154 2478 1391 2512 veneratione
1421 2475 1562 2521 dignus,
1590 2475 1628 2508 in
1656 2475 1734 2507 eius

245 2523 367 2556 locum
390 2525 524 2557 Romae
565 2526 738 2558 suffectus
773 2530 838 2558 est.
889 2535 1014 2559 mense
1043 2531 1164 2559 autem
1190 2526 1324 2560 Martio
1362 2526 1562 2571 imperator
1588 2522 1737 2556 Staura-

246 2571 342 2604 cium
377 2572 571 2617 patricium
606 2578 643 2607 et
679 2573 842 2619 reliquos
882 2575 1005 2607 matris
1044 2575 1176 2607 amicos
1200 2575 1238 2607 in
1274 2574 1447 2608 comitatu
1472 2572 1622 2613 habens,
1653 2582 1735 2604 cum

246 2620 462 2653 selectorum
500 2632 545 2654 ex
579 2623 744 2667 utrisque
782 2621 1005 2656 thematibus
1045 2622 1134 2656 levis
1174 2629 1374 2657 armaturae
1410 2621 1568 2655 militum
1603 2620 1734 2664 viginti

245 2667 410 2702 millibus
446 2668 617 2703 adversus
649 2670 785 2704 Arabes
821 2671 946 2704 movit.
1011 2671 1276 2705 coniurationis
1302 2682 1411 2717 porro
1435 2681 1517 2703 cum
1545 2667 1733 2702 stauracio

246 2717 361 2750 initae
389 2718 524 2751 conscii
562 2724 635 2751 tam
673 2718 832 2752 militum
866 2730 974 2765 quam
1014 2720 1245 2765 imperatoris
1286 2719 1332 2753 ad
1360 2729 1518 2765 pugnam
1544 2717 1733 2750 alacritate

248 2771 452 2810 comperta,
479 2766 585 2800 veriti
613 2778 672 2808 ne,
699 2767 728 2800 si
755 2767 953 2813 imperator
975 2767 1143 2810 vicisset,
1169 2768 1237 2814 ipsi
1265 2768 1452 2814 proposito
1479 2766 1548 2800 sibi
1575 2764 1731 2798 consilio

249 2813 471 2857 exciderent,
497 2815 635 2862 positos
662 2816 699 2850 in
723 2815 884 2850 excubiis
907 2816 1044 2851 milites
1071 2816 1179 2851 donis
1204 2821 1454 2863 corruperunt,
1485 2820 1523 2849 ut
1551 2813 1644 2847 salso
1671 2824 1731 2846 as-
