1786 3204
237 160 266 196 2
279 141 350 209 24
790 160 1139 205 THEOPHANJS

233 262 308 304 καὶ
334 261 515 305 πλοῦτον
543 261 808 318 λαμβάνουσι
847 264 1011 319 πολύν,
1052 262 1264 320 Καβάὸου
1297 266 1373 308 τοῦ
1409 268 1621 321 βασιλέως
1647 270 1722 312 ἐπὶ

234 329 465 386 ἐλέφαντος
499 329 561 380 εἷς
605 329 740 387 αὐτὴν
786 329 1054 382 εἰσελθόντος
1098 329 1209 386 μετὰ
1253 335 1400 389 τρίτην
1442 331 1610 391 ἡμέραν
1645 339 1721 393 τῆς

232 399 479 453 προδοσίας,
507 400 582 440 καί
609 399 790 442 πλοῦτον
820 401 901 453 μὲν
930 400 981 441 οὗ
1012 398 1157 453 πολύν,
1175 401 1217 442 Γ
1214 396 1315 456 λόην
1341 401 1391 444 δὲ
1417 403 1467 459 τῇ
1493 402 1614 445 πόλει
1645 420 1722 446 κα-

232 463 476 516 ταλιπόντος
513 462 712 522 φύλακα,
757 464 972 520 Καβάδου
1018 467 1080 516 εἷς
1130 469 1314 524 Νισίβην
1361 469 1723 523 ε’παναζεύξαντος

233 532 370 586 πόλιν,
399 535 473 575 καί
491 535 564 589 τῆς
584 534 804 590 ,Περσικῆς
827 534 1079 583 δυναστείας
1097 534 1255 588 μεταξὺ
1287 534 1480 590 Ἀμίδας
1499 537 1575 580 καί
1594 541 1719 582 Κων-
1734 543 1760 591 5

194 606 222 639 Β
235 601 435 650 σταντιάς
461 597 778 658 διατριβούσης.

22 676 220 723 A.M.5997
351 666 496 727 Τούτῳ
528 669 585 726 τῷ
612 665 696 711 ἔτει
729 669 950 712 στέλλεται
989 668 1107 726 παρά
1144 669 1223 711 τοῦ
1259 672 1472 725 βασιλέως
1498 672 1722 717 ‘Amara-

235 735 332 780 σιόυ
376 733 557 792 στρατιά
588 738 630 779 Γ
629 734 773 780 ότθων
803 752 846 780 τε
894 739 969 780 καί
1002 738 1181 781 Βεσσῶν
1221 735 1295 780 καί
1335 734 1492 796 ἑτέρων
1537 741 1722 798 Θρακῶν

233 804 387 859 ἐθνῶν,
415 805 750 861 στρατηγοῦντος
777 805 852 862 τῆς
880 803 989 864 ἑῴας
1016 807 1091 849 καί
1121 804 1376 862 ἐξάρχοντος
1407 809 1539 864 αὐτῆς
1570 810 1723 863 Ἀρεο-

232 872 381 926 βίνδου
397 873 477 913 τοῦ
489 873 781 929 Δαλαγαΐφου
815 873 981 928 παιδὸς,
1012 872 1178 917 ὑπάτου
1212 872 1431 930 γεγονότος
1459 874 1721 934 ὄρδιναριόυ,
1742 889 1786 916 ¹⁴0

235 937 403 996 (τούτου
425 938 528 995 πρὸς
545 937 701 994 πατρὸς
731 942 893 997 ἐγένετο
924 940 1097 992 πάππος
1123 942 1417 998 Ἀρεόβινδος,
1450 943 1472 986 ὅ
1507 943 1617 988 κατὰ
1648 944 1724 989 τόν

235 1008 467 1050 Θεοδοσίου
500 1009 579 1049 τοῦ
616 1010 713 1051 νέου
742 1007 901 1064 χρόνον
929 1010 1220 1067 εὐδοκιμήσας
1257 1008 1365 1053 κατὰ
1397 1014 1603 1069 Περσῶν,
1633 1015 1725 1057 ἑτέ-

229 1077 320 1131 χθη
360 1076 408 1118 δὲ
444 1073 728 1132 ’Λρεόβινδος
776 1079 834 1136 τῷ
867 1078 1136 1136 Δαλαγαῖὶρῳ
1185 1077 1268 1120 ἀπὸ
1300 1082 1604 1136 Δυαγησθὲας,
1650 1084 1726 1137 τῆς

229 1143 552 1199 Ἀρδαβουριόυ
568 1142 779 1201 θυγατρὸς
798 1147 875 1187 τοῦ
889 1144 1046 1196 παιδὸς
1064 1142 1310 1202 ”Ασπαρος,
1325 1141 1379 1189 οὗ
1393 1145 1584 1204 πρόσθεν
1597 1149 1725 1205 ἐμνη-

192 1220 221 1255 C
231 1209 518 1270 μονεύσαμεν)
563 1209 638 1255 ἐπὶ
666 1212 894 1272 δυναστεία
931 1211 1111 1272 μεγάλῃ.
1171 1212 1554 1271 συναπεστάλησαν
1582 1216 1630 1259 δὲ
1668 1218 1725 1274 τῷ
1744 1213 1786 1256 15

232 1279 495 1337 ’.Αρεοβίνδῳ
531 1281 606 1321 καί
642 1278 781 1335 ἕτεροι
821 1284 1014 1322 πλεῖστοι
1054 1284 1294 1337 στρατηγοί,
1331 1276 1393 1325 ὧν
1421 1281 1459 1325 οἱ
1490 1284 1726 1341 περιφανέ-

234 1361 383 1389 στατοι
412 1345 648 1402 Πατρίκιος
689 1343 743 1403 ἦν
785 1350 860 1390 καί
892 1346 1109 1404 Ὑπάτιος,
1151 1347 1172 1392 ὅ
1213 1352 1495 1393 Σεκουνὸίνου
1539 1353 1615 1394 καῖ
1650 1353 1725 1407 τῆς

233 1414 425 1471 α’ὃελφῆς
454 1415 748 1458 Ἀναστασίου
777 1417 855 1458 τοῦ
882 1418 1094 1470 βασιλέως
1137 1415 1244 1471 υἱός,
1272 1417 1348 1460 καί
1377 1418 1672 1476 Φαρασμάνης
1701 1419 1726 1462 ὅ

234 1482 381 1525 Ζουνοῖ
407 1480 566 1539 πατήρ,
592 1480 639 1525 τὸ
670 1485 790 1538 γένος
820 1483 987 1539 Λαζὸς,
1017 1486 1091 1527 καί
1112 1483 1341 1539 ιιΡωμανὸς
1371 1482 1393 1526 ὅ
1423 1489 1727 1543 προειρημένος

234 1550 280 1602 ἐξ
309 1551 619 1608 Εὐφρατησιάς
645 1553 887 1610 συναφθείς
918 1554 978 1610 τῷ
1010 1550 1318 1610 στρατεύματι,
1351 1555 1427 1596 καί
1450 1555 1670 1607 Ἰουστῖνος
1701 1551 1786 1596 «520

330 1732 364 1756 2.
393 1725 523 1769 τρίτην
553 1721 698 1771 ἡμέραν
727 1724 767 1765 Α,
797 1721 864 1767 τὴν
888 1723 1095 1771 τριήμερον
1120 1724 1218 1770 vulg.
1316 1724 1351 1758 3.
1379 1724 1498 1770 Γλόην
1524 1726 1575 1769 A,
1602 1725 1725 1770 Γλώην

330 1770 429 1816 vulg.
454 1771 600 1817 passim.
724 1785 758 1819 9.
793 1771 1020 1818 ἐξάρχοντος
1045 1774 1071 1805 Α
1097 1783 1139 1813 e,
1172 1772 1421 1819 ἐξαρχοῦντος
1446 1773 1542 1820 vulg.
1671 1775 1723 1810 13.

331 1819 549 1864 Γοδησθέας
571 1820 600 1854 A
626 1819 663 1854 b.
798 1822 848 1854 ιδ.
874 1824 1199 1870 περιφανέστεροι
1224 1823 1266 1856 Α.

237 1974 487 2022 undequaque
520 1977 700 2021 congestis
728 1976 796 2009 sibi
835 1977 1027 2011 manubiis.
1087 1978 1198 2011 tertio
1243 1989 1327 2012 vero
1363 1989 1383 2011 a
1417 1977 1630 2024 proditione
1665 1971 1724 2011 die

237 2023 402 2058 Cabades
441 2024 639 2070 elephanto
677 2024 842 2059 insidens
884 2026 1012 2060 urbem
1051 2025 1274 2069 ingreditur:
1321 2031 1359 2059 et
1394 2025 1543 2059 divitias
1576 2025 1725 2071 quidem

238 2072 386 2116 exiguas
412 2071 633 2114 admodum,
661 2073 783 2108 Gloen
825 2079 945 2107 autem
979 2075 1018 2107 in
1056 2073 1153 2107 urbis
1183 2074 1384 2107 custodiam
1425 2073 1617 2119 relinquit:
1647 2074 1726 2119 ipse

201 2127 204 2131 ⁴
237 2119 383 2153 demum
409 2119 555 2155 Nisibin
584 2131 766 2164 regressus
793 2127 859 2162 est,
885 2122 1071 2156 Persarum
1097 2122 1222 2156 castris
1249 2126 1287 2156 et
1314 2121 1534 2155 exercitibus
1560 2121 1726 2155 Amidam

238 2167 336 2202 inter
364 2172 403 2201 et
426 2168 677 2202 Constantiam
707 2168 847 2202 locatis.

54 2223 224 2270 34:497
335 2215 414 2249 Hoc
437 2226 532 2249 anno
551 2215 782 2255 Gotthorum,
810 2218 999 2251 Bessorum
1027 2221 1065 2251 et
1091 2217 1242 2250 aliarum
1253 2215 1508 2250 Thracicarum
1534 2215 1726 2249 nationum

239 2264 420 2299 exercitus
459 2263 611 2297 orientis
650 2262 734 2297 duci
773 2266 1033 2311 praefectoque
1056 2264 1266 2298 Areobindo
1304 2262 1523 2309 Dalaga'iphi
1548 2263 1638 2305 filio,
1664 2263 1729 2310 qui
1779 2298 1781 2300 ,

239 2323 319 2346 cum
344 2316 529 2358 potestate
547 2323 676 2356 magna
692 2311 945 2359 dignitateque
975 2313 1203 2346 consulatum
1223 2312 1445 2345 ordinarium
1478 2312 1598 2356 gessit,
1627 2323 1729 2345 com-
1770 2314 1774 2317 ’

237 2359 432 2395 mandatus
465 2359 510 2393 ab
538 2360 727 2393 Anastasio
754 2360 972 2405 imperatore
1012 2361 1182 2394 mittitur.
1233 2359 1317 2394 huic
1346 2372 1390 2394 ex
1416 2365 1519 2406 patre
1544 2370 1631 2393 avus
1658 2359 1729 2393 fuit

236 2407 488 2453 Armbindus,
528 2408 592 2454 qui
623 2406 825 2441 Theodosii
863 2409 1016 2442 iunioris
1048 2408 1273 2453 temporibus
1314 2409 1352 2442 in
1378 2407 1526 2454 praeliis
1554 2407 1728 2441 adversus

237 2455 363 2492 Persas
392 2455 536 2490 claruit.
588 2467 695 2501 porro
727 2455 958 2490 Areobindus
978 2455 1204 2501 Dalaga'ipho
1229 2457 1325 2502 patri
1357 2467 1376 2489 e
1409 2455 1634 2500 Dyagesthea
1658 2456 1728 2488 Ar-

240 2503 384 2538 dabui-ii
423 2504 501 2537 filia
528 2508 566 2537 el.
591 2504 746 2549 Asparis,
769 2504 871 2538 cuius
897 2516 1031 2538 nomen
1057 2516 1162 2550 supra
1189 2510 1446 2544 memoratum,
1471 2503 1574 2549 nepti
1603 2515 1728 2537 susce—

238 2558 324 2599 ptus
351 2552 432 2587 fuit.
482 2551 693 2586 Areobindo
724 2551 862 2597 pariter
891 2552 980 2586 socii
1008 2552 1130 2598 plures
1159 2551 1234 2585 dati
1264 2558 1360 2593 sunt,
1388 2558 1425 2586 et
1449 2563 1530 2585 cum
1559 2561 1602 2584 eo
1628 2551 1728 2586 missi

239 2601 361 2642 duces,
389 2611 544 2647 quorum
586 2599 805 2635 illustriores
844 2600 947 2634 fuere
978 2600 1154 2634 Patricius
1192 2605 1229 2634 et
1253 2600 1442 2647 Hypatius,
1468 2599 1666 2634 Secundini
1691 2604 1730 2633 et

237 2650 372 2683 sororis
397 2648 581 2683 Anastasii
605 2648 835 2694 imperatoris
862 2648 972 2690 filius,
997 2654 1035 2682 et
1048 2648 1307 2682 Pharasmanes
1332 2659 1464 2693 genere
1486 2647 1634 2681 Lazicus
1661 2648 1729 2679 Zu-

237 2705 308 2734 nae
337 2702 466 2743 pater,
506 2701 544 2731 et
568 2707 678 2742 supra
708 2694 877 2730 laudatus
911 2697 1101 2738 Romanus,
1130 2696 1194 2742 qui
1221 2708 1264 2730 ex
1290 2695 1528 2742 Euphratesia
1552 2694 1727 2728 exercitui

240 2757 277 2779 se
300 2745 539 2787 adiunxerat,
571 2756 638 2778 nec
663 2755 738 2778 non
754 2745 915 2778 Iustinus
939 2743 1171 2791 postmodum
1191 2744 1388 2790 imperator
1416 2743 1662 2783 renunciatus,
1691 2747 1729 2776 et

241 2793 466 2836 Zemamhus,
497 2799 534 2828 et
558 2792 623 2826 alii
652 2792 834 2827 nonnulli.
899 2793 1016 2840 copiis
1043 2791 1212 2827 omnibus
1241 2792 1397 2826 Edessae
1425 2792 1610 2825 Osro'enae
1641 2801 1728 2836 pro-
