1786 3204
286 132 393 188 136
830 141 1177 187 THEOPHANJS

267 250 489 294 ἐδείκνυτο.
547 247 716 303 ὁμιλίαν
740 246 819 302 γὰρ
846 244 947 301 περὶ
972 243 1148 293 πίστεως
1177 239 1335 285 ἔδωκεν
1360 242 1419 297 τῷ
1443 235 1608 283 ἑαυτοῦ·
1625 242 1734 296 Συγ-

154 328 245 363 V.61
263 320 409 376 κὲλλῳ,
437 316 641 366 κελεύσας
668 312 787 371 adu?
816 311 971 368 ταύτην
998 313 1062 355 ἐπ’
1088 308 1309 366 ἐκκλησίας
1335 307 1515 363 κηρῦξαι
1546 305 1732 362 ἔχουσαν

263 379 426 434 οὕτως·
482 381 682 426 θεοτόκον
724 379 803 436 τὴν
823 377 1007 434 Μαρίαν
1030 376 1205 419 καλείτω
1233 374 1403 431 μηδείς·
1459 376 1620 430 Μαρία
1647 372 1731 430 γὰρ

263 446 490 507 ἄνθρωπος
525 444 601 504 ἦν,
639 450 713 490 καί
750 444 831 489 ὑπὸ
858 442 1088 501 α’νθρώπου
1128 441 1228 484 θεὸν
1255 442 1464 496 τεχθῆναι
1496 439 1728 487 α’δϋνατον.

262 515 422 573 ταύτης
447 514 672 569 ἐπελάβετο
699 518 866 571 πρῶτον
896 513 970 567 τῆς
999 512 1144 568 φωνῆς
1171 505 1377 563 Εὐσέβιος
1403 523 1467 559 τις
1504 512 1767 564 exclama-5

225 596 251 631 Β
264 582 336 633 κὸς
363 585 438 638 τῆς
464 584 714 637 βασιλίσσης
732 577 1231 632 Κωνσταντινουπόλεως,
1256 572 1357 618 ὅθεν
1373 573 1522 618 πολλοὶ
1535 576 1618 618 τῶν
1633 580 1728 619 Βυ..

264 651 443 702 ζαντίων
483 648 797 703 ἐταράχθησαν.
875 644 896 687 ὅ
929 646 975 687 δὲ
1005 642 1239 698 Νεστόριος
1282 641 1355 685 τόν
1383 640 1505 698 λόγον
1534 645 1727 701 κυρῶσαι

259 716 456 760 σπεύδων
488 717 710 769 πανταχοῦ
737 712 814 770 τήν
833 710 980 770 φωνην
1008 712 1218 765 ἐξέβαλεν,
1249 708 1374 764 ψιλὸν
1403 706 1630 767 ἄνθρωπον
1658 713 1725 754 λέ-

255 800 342 839 γων
367 782 435 826 τὸν
464 781 621 837 κύριον.
691 783 737 825 ἐν
762 781 848 837 μιᾷ
871 781 918 821 δὲ
947 779 1129 835 κυριακῇ
1155 778 1527 832 προκαθεζομὲνου
1558 779 1724 822 Νεστο-

256 849 366 906 ρίου,
406 847 664 904 προτραπεὶς
693 846 892 903 Πρόκλος
935 848 1013 887 τοῦ
1048 845 1354 900 ἐξηγήσασθαι,
1381 839 1521 887 εἶπεν·
1578 843 1723 898 ὁμιλία
1742 871 1786 897 10

253 920 315 967 εἰς
340 915 416 971 τὴν
457 912 682 966 θεοτόκον,
718 909 769 970 ἧς
796 913 822 970 ἧ
850 910 965 968 ἀρχή
984 926 995 937 ·
1061 909 1299 967 παρθενική
1327 909 1566 970 πανήγυρις
1594 911 1724 970 σήμε-

253 1000 338 1037 ρον,
369 978 562 1038 α’δελφοί.
618 979 711 1024 τότε
736 977 916 1035 μισητός
946 976 1168 1034 γενόμενος
1208 977 1326 1034 παρὰ
1357 981 1488 1022 πᾶσιν
1515 979 1539 1021 ὅ
1570 981 1723 1023 δυσσε-

251 1049 332 1107 βὴς
379 1048 610 1106 Νεστόριος
658 1044 731 1090 διὰ
774 1049 913 1103 τῦφον
949 1048 1023 1088 καί
1051 1047 1338 1088 κακοπιστιάν.
1393 1042 1510 1102 εἶχεν
1536 1045 1619 1102 γάρ
1650 1047 1725 1090 καὶ

245 1115 525 1160 Ἀναστάσιόν
571 1131 666 1158 τινα
706 1112 988 1170 πρεσβύτερον
1017 1109 1263 1167 Ἀντιοχέα,
1302 1109 1351 1156 ὃν
1378 1113 1552 1171 σφόδρα
1576 1130 1722 1171 περιε-

247 1189 425 1241 ποιεῖτο,
472 1182 529 1234 ὥς
573 1181 819 1240 ὁμόφρονα,
860 1175 997 1236 ἄνδρα
1042 1181 1368 1237 τολμηρότατον,
1405 1182 1471 1224 ἐπ’
1501 1182 1720 1237 ἐκκλησίας
1739 1190 1786 1232 15

209 1253 585 1307 Ωβλασφημοῦντα
614 1248 688 1305 τὴν
722 1245 1005 1304 οἶειπάρθενον
1041 1246 1253 1290 θεοτόκον.
1323 1246 1473 1291 τούτου
1504 1249 1551 1291 δὲ
1583 1250 1721 1291 Εὐσέ-

247 1321 341 1372 βιος
364 1316 386 1359 ὅ
417 1319 494 1360 τοῦ
521 1313 764 1374 Δορυλαίου
794 1316 960 1372 πρῶτος
987 1320 1207 1357 κατεῖπεν·
1247 1312 1356 1359 οὕτω
1384 1331 1428 1360 τε
1456 1314 1719 1373 διαπραττό-

245 1400 371 1439 μενος
398 1383 580 1434 πολλούς
610 1380 826 1439 θορύβους
854 1377 995 1438 ἤγειρε
1026 1384 1099 1424 καί
1123 1381 1329 1437 ταραχάς.

362 1452 430 1509 Τῷ
458 1453 494 1493 δ’
523 1451 637 1509 αὐτῷ
666 1449 751 1493 ἔτει
778 1447 915 1492 καὶτὸ
944 1447 1131 1506 φοβερὸν
1158 1451 1311 1503 θαῦμα
1342 1450 1428 1492 τῶν
1455 1449 1587 1506 ἁγίων
1608 1445 1713 1494 ἑπτὰ

246 1520 411 1562 παίδων
445 1520 491 1562 ἐν
525 1518 686 1578 Ἐφέσῳ
734 1518 928 1574 γέγονεν,
979 1514 1250 1561 ἀναστάντων
1311 1517 1453 1560 αὐτῶν
1494 1516 1568 1561 διὰ
1617 1514 1714 1575 (mcv
1729 1544 1782 1571 20

254 1583 266 1597 ,
310 1588 329 1597 -

248 1602 367 1632 ετων.

338 1723 376 1756 6.
405 1723 626 1769 βασιλίσσης
649 1723 676 1756 Α
705 1722 794 1765 alii,
818 1722 1012 1769 βασιλίδος
1037 1722 1133 1768 vulg.
1273 1724 1310 1760 8.
1333 1720 1401 1767 τὴν
1425 1718 1562 1769 φωνὴν
1587 1722 1714 1768 ἐξέβα-

338 1772 401 1806 λεν
427 1773 453 1804 Α
469 1797 478 1812 ,
505 1766 571 1815 τὴν
597 1771 775 1806 θεοτόκου
801 1768 935 1817 φωνὴν
960 1772 1146 1818 ἐξέβαλλεν
1168 1769 1264 1815 vulg.
1387 1770 1439 1804 16.
1467 1770 1715 1820 δυσφημοῦν-

338 1831 383 1854 τα
408 1819 450 1853 A.
587 1830 640 1865 ¹7·
665 1820 860 1866 Λωρυλίου
885 1820 916 1853 Α
941 1819 1018 1853 alii.
1139 1829 1196 1852 20.
1223 1817 1313 1866 ρπα’
1338 1818 1369 1853 Α
1393 1829 1414 1852 a
1438 1818 1465 1853 f.

244 1944 413 1987 Syncello
439 1943 608 1978 traditam
647 1945 686 1979 in
709 1945 860 1991 publico
897 1945 1122 1980 Christianae
1155 1944 1276 1991 plebis
1311 1948 1494 1979 conventu
1519 1943 1628 1979 iussit
1654 1956 1713 1978 re·-

246 1992 349 2024 citari
377 1992 427 2025 ita
455 1993 715 2037 continentem.
742 1994 894 2027 Mariam
915 2005 1021 2027 nemo
1047 1999 1234 2038 nuncupet
1264 1991 1324 2026 dei
1347 1993 1571 2037 genitricem.
1601 1991 1711 2026 homo

245 2050 401 2084 namque
429 2039 540 2072 Maria
567 2040 712 2073 extitit:
747 2046 784 2074 et
807 2041 851 2073 ab
878 2040 1027 2075 homine
1065 2041 1172 2074 deum
1200 2041 1297 2086 gIgni
1327 2039 1567 2086 impossibile.
1617 2039 1714 2074 hanc

244 2097 369 2120 vocem
396 2086 568 2120 Eusebius
593 2087 741 2133 quidam
781 2089 1017 2134 imperatricis
1043 2089 1198 2134 Cpoleos
1225 2088 1462 2122 scholasticus
1490 2088 1626 2134 primus
1654 2099 1713 2122 re-

244 2132 450 2179 prehendit,
479 2145 521 2166 ex
546 2145 618 2179 quo
647 2136 899 2178 Byzantiorum
925 2137 1047 2181 plures
1071 2137 1220 2170 turbati.
1270 2136 1461 2170 Nestorius
1488 2142 1611 2170 autem
1634 2147 1712 2169 ser-

245 2181 362 2215 monis
388 2181 626 2216 confirmandi
650 2182 852 2225 studiosus,
885 2183 1020 2230 ubique
1054 2185 1127 2218 alta
1158 2196 1247 2218 voce
1279 2184 1481 2230 simplicem
1507 2195 1712 2230 purumque

244 2228 429 2262 hominem
460 2227 648 2264 dominum
671 2229 880 2265 affirmabat.
932 2231 990 2265 die
1016 2243 1100 2266 vero
1126 2231 1284 2278 quodam
1310 2231 1504 2273 dominico,
1533 2232 1613 2277 ipso
1634 2231 1714 2265 Ne-

245 2276 357 2310 storio
385 2276 559 2310 ecclesiae
584 2277 834 2321 praesidente,
861 2279 1007 2313 Procius
1028 2291 1165 2314 sacram
1189 2281 1401 2317 concionem
1427 2290 1610 2326 exponere
1637 2280 1714 2312 ius-

243 2335 303 2359 sus
342 2321 460 2356 dixit:
500 2322 651 2357 homilia
677 2325 715 2359 in
741 2325 939 2370 deiparam.
996 2327 1171 2361 homiliae
1197 2327 1417 2374 principium
1440 2327 1510 2361 hoc
1532 2327 1614 2360 fuit.
1639 2327 1715 2361 vir-

241 2371 335 2416 ginis
360 2369 472 2404 hodie
500 2370 703 2414 celebritas,
730 2373 867 2409 fratres.
929 2375 1060 2409 exinde
1097 2376 1230 2421 impius
1255 2375 1449 2410 Nestorius
1479 2380 1629 2421 propter
1658 2374 1715 2407 fa-

241 2425 338 2454 stum
363 2422 401 2453 et
422 2429 569 2464 pravam
594 2418 702 2454 fidem
720 2421 860 2455 cunctis
885 2422 1105 2457 execrandus
1133 2423 1265 2457 extitit..
1315 2423 1547 2456 Anastasium
1573 2422 1714 2468 quippe

240 2466 451 2513 quempiam
478 2466 745 2501 Antiochenam
782 2467 1031 2514 presbyterum
1054 2470 1269 2505 familiarius
1308 2469 1380 2505 sibi
1404 2469 1626 2511 devinctum,
1646 2480 1714 2503 ceu

240 2513 430 2560 parvitatis
469 2518 507 2546 et
547 2524 669 2548 sensus
705 2515 867 2550 eiusdem
894 2523 1109 2559 consortem,
1144 2519 1262 2553 virum
1286 2519 1412 2564 lingua
1436 2521 1649 2564 praepetem
1675 2522 1714 2552 et

239 2560 414 2595 audacem
440 2564 478 2594 et
513 2561 553 2595 in
586 2562 739 2596 ecclesia
770 2569 984 2609 perpetuam
1015 2566 1190 2610 virginem
1222 2566 1404 2612 deiparam
1440 2566 1515 2600 suis
1538 2563 1713 2610 blasphe-

240 2609 320 2643 miis
347 2608 535 2642 vitiantem
570 2620 691 2643 secum
726 2610 878 2644 habuit:
903 2611 942 2645 in
975 2624 1084 2658 quem
1113 2613 1290 2648 Eusebius
1316 2613 1491 2657 Dorylaei
1516 2612 1711 2658 episcopus

240 2656 435 2694 insurrexit
467 2656 618 2702 primus:
661 2657 761 2704 quod
794 2669 875 2693 cum
911 2659 1079 2702 fecisset,
1119 2662 1254 2697 multos
1287 2661 1467 2697 tumultus
1510 2659 1710 2706 turbasque

241 2703 453 2738 concitavit.

329 2751 409 2788 Hoc
435 2750 565 2789 eodem
593 2762 687 2789 anno
716 2751 865 2801 dignum
891 2752 1129 2791 admiratione
1146 2755 1352 2805 prodigium
1369 2755 1505 2807 Ephesi
1528 2753 1705 2793 auditum:
