1786 3204
256 126 369 184 238
827 145 1176 190 THEOPHANJS

254 246 330 290 καί
357 249 485 290 πλοῖα
517 247 624 304 πρὸς
640 247 781 306 φυγὴν
808 250 1076 306 ηὕτρέπισεν.
1134 247 1210 292 τὸν
1242 248 1289 290 δὲ
1319 247 1596 291 Μακεδόνων
1629 247 1735 303 ὄμό..

252 330 330 366 σας
372 317 522 372 μηκέτι
564 312 841 372 θεάσασθαι,
882 316 978 360 τότε
1017 315 1252 373 παρεκάλει
1280 315 1416 366 ἰδεῖν,
1449 318 1656 374 φοβηθείς
1683 314 1733 359 τα

212 381 411 441 Οπλήθη.
469 384 626 427 τούτου
659 386 707 427 δὲ
736 386 971 441 ἐρχομένου
1004 384 1111 439 πρὸς
1136 381 1290 437 αὐτόν,
1321 381 1342 426 ὃ
1370 381 1473 433 λαός
1500 388 1588 433 τοῖς
1609 383 1738 439 ἡγου-

247 453 392 507 μένοις
418 453 495 496 καί
518 458 723 508 μοναχοΐς
744 453 1116 508 διεμαρτυρήσατο
1142 454 1296 506 λέγων·
1324 448 1397 494 τόν
1415 451 1581 507 πατέρα
1611 450 1735 507 ἡμῶν

247 518 416 575 ἔχομεν.
446 522 521 563 καί
547 518 586 563 οἱ
614 522 699 563 τῶν
728 522 897 576 σχολῶν
926 518 1152 578 εὐφήμουν
1173 517 1304 562 αὐτὸν
1331 521 1617 576 διερχόμενον.
1649 519 1774 565 εἰσ-5

246 586 386 631 caecant
443 589 490 630 δὲ
532 586 640 644 πρὸς
679 588 986 641 Ἀναστὰσιον,
1035 582 1205 643 ἤλεγξεν
1239 586 1398 641 αὐτόν,
1439 586 1497 636 ὥς
1533 588 1735 640 πολέμιον

246 657 320 711 τῆς
363 656 597 713 ἐκκλησίας.
670 654 695 698 ὅ
742 656 790 699 δὲ
835 651 1044 712 ὖπεκρίθη
1098 653 1206 711 πρὸς
1249 653 1326 712 τήν
1366 650 1484 710 ὥραν
1526 651 1734 697 {vacuam

105 732 151 767 V.
172 733 238 767 106
251 720 382 784 αὐτῷ.

34 796 236 842 Α.Μ.6004
355 791 663 847 Ἱεροσολύμων
692 789 925 834 ἐπισκόπου
954 792 1080 834 Ἠλιά
1111 788 1204 841 ἔτος
1232 789 1291 832 ἓν.

203 862 235 897 D
370 859 516 918 Τούτῳ
555 862 615 919 τῷ
651 857 736 902 ἔτει
777 859 1051 902 Μακεδόνων
1095 856 1310 914 ἠπάτησεν
1353 857 1377 901 ὅ
1405 855 1611 914 βασιλεῦς
1658 857 1730 900 διὰ
1752 877 1786 903 κ

248 930 478 983 Κέλλωρος
505 929 743 983 μαγίστρου
785 924 1101 984 ὖπομνηστικὸν
1139 926 1322 981 ποιήσας
1351 925 1458 983 πρὸς
1490 925 1647 983 αὐτόν,
1688 928 1734 969 ἑν

245 990 280 1055 ᾧ
309 995 387 1052 τήν
418 994 589 1053 πρώτην
608 995 698 1053 [καί
724 993 800 1052 τὴν
828 996 1054 1050 δευτέραν]
1085 994 1266 1037 σύνοδον
1287 993 1490 1050 ὁμολογεῖ·
1511 995 1734 1049 δέχεσθαι,

241 1062 316 1119 τὴν
345 1065 393 1107 δὲ
438 1065 483 1107 έν
509 1065 668 1123 Ἐφέσῳ
709 1062 785 1106 καὶ
818 1060 1065 1119 Χαλκηδόνι
1093 1060 1261 1105 εἴασεν·
1333 1057 1434 1118 ὅπερ
1463 1062 1630 1115 μέμψιν
1657 1077 1734 1116 με..

241 1131 374 1188 γάλην
402 1133 462 1191 τῷ
492 1129 752 1190 Μακεδονίην
802 1126 1082 1186 προσήγαγεν.
1151 1128 1223 1172 διὰ
1266 1127 1347 1185 γάρ
1390 1127 1543 1172 τούτου
1581 1131 1657 1172 καί
1682 1128 1729 1172 τὸ

242 1196 443 1243 ἑνωτικὸν
472 1197 674 1256 Ζήνωνος
717 1198 890 1249 ἐδέξατο
910 1230 922 1252 ,
954 1192 987 1256 ᾧ
1018 1214 1103 1241 τινι
1130 1197 1204 1240 καί
1229 1196 1602 1254 χειροτονούμενος
1629 1197 1732 1240 ὖπέ-
1752 1200 1786 1240 1!

242 1277 422 1323 γραψεν.
492 1266 514 1309 ὁ
557 1269 605 1310 δὲ
647 1266 917 1316 Μακεδόνιος
943 1265 1147 1308 ἀπελθών
1191 1267 1252 1315 εἰς
1281 1263 1358 1321 τὴν
1385 1263 1624 1319 Δαλμάτου
1653 1279 1734 1319 μο-

108 1332 345 1391 Ρ.133νὴν,’
384 1340 472 1386 τοῖς
513 1339 725 1392 κληρικοΐς
767 1334 842 1376 καί
867 1339 1074 1389 μοναχοῖς
1104 1335 1313 1389 ζηλωταῖς
1358 1334 1733 1376 σκανδαλισθεῖσιν

241 1403 303 1452 εἰς
329 1401 459 1446 αὐτὸν
491 1401 784 1459 ἀπελογήσατο
826 1400 895 1443 διὰ
931 1403 1288 1458 προσφωνητικοῦ
1317 1400 1446 1456 λόγου
1466 1435 1480 1457 ‚
1513 1397 1581 1443 ὅτι
1611 1402 1733 1455 δέχε..

242 1486 314 1513 ται
343 1469 422 1527 τήν
463 1469 590 1527 ἁγίαν
621 1471 667 1513 έν
713 1467 958 1526 Χαλκηδόνι
998 1468 1178 1514 σύνοδον
1205 1468 1281 1512 καὶ
1323 1467 1426 1520 τούς
1453 1467 1514 1526 μὴ
1550 1470 1730 1525 δεχομέ-

344 1644 374 1667 ι.
399 1630 623 1679 ηὐτρέπισεν
647 1632 677 1666 Α
706 1631 731 1664 b
758 1643 799 1674 e,
829 1630 1043 1679 εὐτρέπιζεν
1072 1631 1169 1677 vulg.
1322 1632 1356 1677 4.
1382 1630 1663 1679 διεμαρτύρατο
1689 1630 1728 1664 Α.

335 1682 371 1715 8.
402 1680 506 1727 αὐτῷ
536 1682 563 1714 Α
588 1680 612 1713 b
628 1706 638 1723 ‚
676 1676 792 1716 αὐτόν
818 1681 914 1725 vulg.
1063 1691 1115 1715 ¹2.
1155 1681 1220 1714 καὶ
1244 1675 1310 1723 τὴν
1335 1679 1517 1724 δευτέραν
1541 1692 1611 1713 oui.
1639 1680 1666 1712 A
1692 1679 1728 1712 b.

337 1727 518 1777 ὁμολογεῖ
541 1728 594 1770 Α,
633 1726 819 1776 ὡμολόγει
859 1728 958 1775 vulg.
1109 1729 1159 1762 18.
1190 1729 1243 1768 εἰς
1266 1721 1400 1773 αὐτὸν]
1445 1727 1506 1763 ὑπ’
1537 1727 1660 1764 αὐτῶν
1689 1729 1728 1760 Α.

335 1777 662 1827 προσφωνητικοῦ
692 1778 720 1811 Α
746 1776 784 1819 b,
826 1788 1005 1824 προᾳιων.
1035 1775 1131 1820 vulg.
1261 1788 1312 1823 ¹9-
1340 1775 1463 1824 ἁγίαν1
1482 1775 1567 1810 add.
1594 1787 1639 1811 ex
1664 1776 1705 1809 A.

240 1917 293 1952 vit
331 1922 369 1951 et
404 1916 451 1951 ad
483 1916 604 1962 sugam
632 1928 743 1951 naves
781 1917 902 1951 tenuit
939 1922 1096 1962 paratas:
1133 1917 1272 1963 quique
1302 1917 1401 1962 prius
1437 1917 1546 1950 etiam
1589 1916 1729 1949 iureiu-

242 1965 356 1999 rando
382 1965 639 1999 Macedonium
671 1966 716 1999 ad
750 1971 984 2010 conspectum
1018 1977 1195 2011 nusquam
1228 1965 1468 1999 admissurum
1501 1978 1538 1999 se
1567 1965 1729 1998 obstrin-

240 2019 355 2055 xerat,
390 2013 522 2047 timore
551 2020 736 2059 correptus
763 2013 918 2046 eundem
943 2013 1067 2047 videre
1095 2012 1295 2058 exoptabat
1326 2013 1486 2047 fervide:
1512 2024 1554 2046 ac
1578 2019 1654 2046 tum
1685 2024 1730 2050 eo

240 2061 286 2095 ad
312 2062 569 2108 imperatorem
607 2062 884 2107 proficiscente,
912 2061 1015 2107 plebs
1051 2072 1131 2094 cum
1160 2061 1301 2105 magnis
1327 2061 1652 2095 acclamationibus
1682 2061 1729 2094 ad

241 2109 394 2143 abbates
424 2115 461 2143 et
485 2110 684 2144 monachos
711 2120 883 2143 conversa
899 2109 1066 2142 dicebat:
1091 2114 1230 2154 patrem
1256 2115 1418 2143 nostrum
1443 2108 1539 2155 apud
1566 2120 1632 2142 nos
1661 2109 1730 2143 ha-

242 2159 384 2191 bemus.
434 2157 498 2191 sed
529 2164 566 2191 et
592 2158 769 2192 militares
799 2157 947 2190 scholae
989 2162 1303 2203 pertranseuntem
1344 2158 1447 2191 illum
1475 2157 1604 2191 faustis
1629 2157 1730 2192 voci-

241 2206 311 2240 bus
337 2206 668 2252 prosequehantur.
737 2205 896 2251 denique
933 2205 979 2238 ad
1008 2205 1235 2239 Anastasium
1266 2205 1507 2247 introductus,
1535 2206 1638 2239 illum
1663 2217 1730 2239 eeu

243 2254 421 2289 ecclesiae
458 2254 600 2288 hostem
628 2253 854 2297 obiurgavit:
890 2253 954 2286 ille
980 2265 1066 2287 vero
1101 2264 1225 2298 pacem
1250 2258 1288 2287 et
1313 2266 1424 2287 unuin
1450 2266 1531 2288 cum
1557 2255 1730 2301 episcopo

246 2314 389 2338 sensum
419 2307 545 2336 tenere
574 2302 612 2335 in
641 2313 815 2347 praesens
841 2306 984 2346 tempus
1011 2301 1207 2335 simulavit.

54 2359 233 2405 A‚C,504
342 2350 678 2394 Hierosolymorum
706 2350 866 2395 episcopi
894 2349 995 2382 Eliae
1024 2361 1139 2382 annus
1169 2349 1305 2382 unicus.

341 2398 421 2432 Hoc
449 2411 544 2432 anno
573 2398 831 2432 commentario
869 2407 933 2442 per
961 2397 1142 2430 Cenon-em
1179 2398 1389 2441 magistrum
1418 2398 1526 2432 misso
1555 2396 1731 2431 Macedo—-

245 2447 347 2482 nium
383 2448 581 2494 imperator
617 2445 782 2491 decepit:
811 2456 852 2478 ac
879 2445 1032 2490 primam
1061 2445 1209 2491 quidem
1246 2451 1282 2479 et
1326 2445 1520 2479 secundam
1551 2445 1731 2488 synodum

246 2507 284 2530 se
310 2495 466 2543 probare
494 2493 693 2534 fatebatur,
719 2493 941 2539 Ephesinam
973 2503 1056 2525 vero
1084 2499 1120 2526 et
1137 2492 1474 2528 Chalcedonensem
1500 2495 1648 2540 penitus
1672 2500 1731 2527 ta-

245 2544 370 2578 cebat:
398 2555 471 2590 qua
498 2553 662 2586 magnam
693 2542 762 2574 sibi
794 2541 966 2575 invidiam
992 2542 1203 2574 conciliavit
1228 2541 1484 2576 Macedonius:
1511 2553 1576 2587 per
1600 2542 1730 2575 huius-

244 2591 343 2626 modi
370 2593 510 2638 quippe
535 2590 834 2625 commentarium
868 2588 1083 2622 concordiae
1110 2590 1337 2624 sanctionem
1375 2601 1395 2623 a
1424 2591 1568 2624 Zenone
1596 2589 1733 2623 editam

243 2641 425 2688 probavit,
451 2640 510 2674 cui
528 2639 610 2680 iam,
628 2637 714 2671 dum
745 2637 990 2678 ordinaretur,
1018 2637 1290 2683 subscripserat.
1343 2644 1536 2684 eapropter
1560 2639 1733 2672 Macedo-

244 2689 327 2722 nius
359 2688 405 2722 ad
440 2688 632 2722 Dalmatae
672 2686 935 2720 monasterium
974 2685 1159 2731 profectus
1194 2686 1240 2719 ad
1274 2687 1425 2720 clericos
1461 2692 1498 2720 et
1534 2686 1732 2720 monachos

246 2737 462 2771 ferventiori
489 2736 567 2770 zelo
605 2734 734 2768 ductos
764 2740 801 2768 et
825 2734 892 2769 visi
910 2734 1080 2767 facinoris
1107 2733 1285 2768 foeditate
1312 2734 1522 2779 indignatos
1548 2734 1731 2767 declama-

247 2785 340 2819 torio
356 2796 522 2819 sermone
537 2783 791 2819 defensionem
817 2781 990 2826 instituit,
1016 2787 1260 2828 protestatus,
1289 2794 1325 2816 se
1347 2782 1615 2817 Chalcedonem
1644 2793 1731 2827 syn-
