1786 3204
139 518 174 552 P.
190 516 233 552 58

199 1189 225 1223 B

31 1320 123 1355 Α.Μ.
136 1321 226 1369 5875

53 2659 226 2708 A.c.375

256 140 275 176 1
289 120 367 175 06
805 135 1152 181 THEOPHANIS

245 241 326 299 γάρ
357 242 425 298 ἐφ’
455 241 710 297 ἁρμαμάξης
738 238 944 283 εἰσελθών
983 238 1190 294 ὑπεκρίθη
1216 231 1324 279 εἶναι
1353 231 1381 290 ἢ
1410 230 1568 289 γαμετὴ
1598 235 1639 275 Γ
1637 249 1714 310 ρα-

244 310 403 362 τιανοῦ,
433 310 508 351 καί
536 305 667 357 οὕτως
686 308 932 364 ὑπαντήσας
962 303 1218 363 α’φυλάκτως
1239 303 1357 361 αὐτῷ
1385 301 1550 343 ἀνεῖλεν
1580 300 1712 343 αὐτον

243 374 563 431 Ἀνδραγάθιος.
630 375 779 418 τούτου
813 377 859 418 δὲ
900 371 1197 429 ἀναιρεθέντος
1228 369 1455 428 ἐκράτησεν
1488 367 1714 411 Ουάλεντι-

244 443 387 492 νιανὸς
418 441 494 499 τήν
514 442 736 495 Ῥωμαίων
762 445 997 497 βασιλείαν.

363 511 430 569 Τῷ
475 511 513 551 ‹5’
546 509 664 567 αὐτῷ
687 508 824 568 χρόνῳ
858 509 1083 557 Θεοδόσιος
1113 506 1134 548 ὁ
1160 509 1292 561 μέγας
1332 505 1443 562 νόσῳ
1475 501 1750 558 περιπεσώνό

244 578 289 620 ἐν
318 579 599 634 Θεσσαλονίκῃ
638 578 871 631 ἐβαπτίσθη
913 574 993 618 ὑπὸ
1023 575 1223 628 Ἀχολίου
1261 573 1339 615 τοῦ
1369 571 1611 623 ἐπισκόπου,
1641 571 1716 612 καί

242 644 368 698 νόμον
407 643 514 697 ὑπὲρ
555 646 639 685 ταῖν
678 642 919 699 ὀρθ-οδόξων
962 643 1037 684 τοῦ
1086 640 1317 693 ὃμοουσιόυ
1355 637 1557 694 ἔγραψεν,
1591 636 1639 679 ὃν
1669 638 1713 679 ἐν

244 708 689 754 Κωνσταντινουπόλει
722 711 976 754 ἐπέστειλεν.
1035 708 1172 751 ἐλθών
1203 710 1249 750 δὲ
1279 709 1324 751 ἐν
1353 710 1712 750 Κωνσταντινου-

242 777 363 820 πόλει
406 777 616 834 ἐδήλωσεν
665 779 920 836 Δημοφίλῳ,
966 773 994 832 ἢ
1041 777 1272 831 α’ντοστῆναι
1303 776 1378 830 τῆς
1401 772 1573 828 Ἀρείου
1604 771 1711 814 πλά-

241 862 330 902 νης,
360 842 389 902 ἢ
416 848 576 901 ταχέως
603 848 687 888 τῶν
717 847 944 901 ἐκκλησιῶν
977 846 1175 895 ἐξελθεῖν.
1237 842 1259 885 ὅ
1290 845 1336 885 δὲ
1363 839 1410 884 τὸ
1438 843 1601 895 πλῆθος
1629 842 1711 882 ταῖν
1729 859 1776 885 10

240 913 466 967 Ἀρειανῶν
502 911 683 964 συνάξας
701 946 713 966 ,
746 910 826 965 ἔξω
868 914 943 968 τῆς
972 911 1135 960 πόλεως
1180 911 1468 966 ἑκκλησιάζεν,
1501 906 1611 964 ἔχων
1640 908 1714 950 καί

239 978 429 1023 Λούκιον
456 979 527 1023 τὸν
558 981 878 1034 Ἀλεξανδρείας
922 982 1151 1023 ἐπίσκοπον.
1181 975 1407 1034 Ἀρειανὸν
1443 977 1524 1019 σὺν
1558 976 1677 1033 αὐτῷ
1697 993 1708 1004 ·

238 1045 311 1088 καί
337 1043 445 1089 οὕτω
470 1045 617 1089 λοιπὸν
656 1047 678 1088 ὁ
703 1051 820 1097 θεῖος
848 1045 1109 1104 Γρηγόριος,
1139 1047 1236 1099 μεθ’
1279 1039 1340 1087 ὧν
1381 1043 1513 1094 αὐτὸς
1549 1045 1609 1099 εἷς
1637 1043 1712 1098 τήν

238 1114 468 1170 ὀρθόδοξον
504 1117 646 1157 πίστιν
674 1112 883 1171 ἐφώτισε,
922 1114 998 1164 τὰς
1026 1115 1247 1169 ἐκκλησίας
1280 1112 1422 1162 πάσας
1451 1114 1711 1168 παρέλαβεν,

238 1180 549 1238 τεσσαράκοντα
577 1180 647 1239 ἔτη
676 1184 761 1225 τῶν
787 1181 1025 1239 Ἀρειαναῖν
1068 1183 1143 1224 καί
1168 1179 1320 1236 μικρὸν
1356 1178 1465 1237 πρὸς
1493 1194 1707 1235 προκατα-
1730 1180 1776 1221 ι5

237 1247 424 1304 σχόντων
458 1248 601 1299 αὐτάς.

351 1318 535 1371 Περσῶν
560 1319 769 1372 βασιλέως
793 1316 1019 1373 Οὖράνους
1048 1315 1141 1367 ἔτος
1167 1317 1217 1360 α’.

349 1384 838 1436 Κωνσταντινουπόλεως
866 1384 1097 1429 ἐπισκόπου
1130 1387 1170 1428 Γ
1167 1385 1369 1442 ρηγοριόυ
1399 1385 1477 1428 τοῦ
1504 1381 1710 1439 θεολόγον

238 1449 328 1502 ἔτος
355 1450 407 1493 α’.

351 1516 493 1578 Τούτῳ
523 1520 579 1577 τῷ
608 1516 691 1562 ἔτει
720 1521 764 1562 ἐν
788 1520 1025 1581 Ἀντιοχείᾳ
1063 1522 1108 1564 ἐν
1137 1524 1317 1581 γειτονίᾳ
1344 1522 1573 1576 Ἰουβιτῶν,
1601 1515 1711 1563 οὕτω
1723 1533 1776 1560 20

336 1656 364 1679 ι.
389 1642 624 1693 ἄρδιιαμάξης]
649 1645 754 1680 codd.
785 1653 822 1681 et
847 1646 928 1681 edd.
957 1645 1061 1695 ἅρμα
1087 1646 1244 1695 ἁμάξης.
1372 1649 1406 1694 4
1433 1646 1501 1691 τὴν
1528 1668 1571 1675 ——-
1598 1651 1710 1694 βασι-

329 1694 432 1728 λείαν
457 1694 484 1726 Α
514 1693 600 1734 alii,
628 1689 669 1728 τὸ
697 1715 743 1722 -
767 1698 958 1741 βασίλειον
982 1696 1078 1741 vulg.
1222 1697 1255 1730 6.
1285 1694 1509 1743 ἐβαπτίσθη]
1539 1699 1712 1742 βαπτίζε-

328 1752 392 1775 ται
416 1752 445 1773 a.
559 1740 727 1787 Ἀχολίου
753 1745 780 1777 Α
807 1743 849 1785 b,
871 1744 1071 1789 ,Ἀσχολίου
1098 1743 1195 1789 vulg.
1327 1755 1378 1778 ιο.
1408 1743 1485 1779 τῶν
1509 1745 1713 1787 ἐκκλησιῶν

329 1788 382 1829 Α,
411 1787 474 1831 ϊῆς
498 1788 688 1833 ἐκκλησίας
714 1792 809 1836 vulg.
907 1790 949 1829 τὸ
973 1793 1117 1836 πλῆθος
1139 1792 1214 1828 τῶν
1233 1791 1312 1840 Ἀρ.
1330 1793 1371 1834 A,
1396 1792 1542 1835 πλῆθος
1561 1790 1712 1838 ’Armuz—

327 1836 407 1873 νῶν
430 1837 525 1881 vulg.
630 1849 680 1872 12.
705 1837 771 1875 τὸν
793 1839 863 1875 ἉᾸ.
880 1842 920 1883 Α,
946 1841 1008 1885 τῆς
1040 1839 1111 1875 Ἀλ.
1138 1841 1234 1885 vulg.
1331 1839 1423 1877 ὄντα
1447 1837 1519 1876 σὺν
1543 1840 1643 1887 αὐτῷ
1670 1842 1711 1874 A·

336 1887 387 1929 14.
411 1883 540 1924 πάσας
568 1887 633 1920 καὶ
659 1889 784 1935 παρέλ.
803 1889 844 1922 Α.
995 1890 1045 1924 ι5.
1071 1899 1174 1925 τεσσ.
1201 1890 1261 1933 ἔτη
1281 1889 1358 1926 τῶν
1375 1887 1456 1936 ’Λρ.
1470 1890 1511 1930 Α,
1535 1888 1611 1925 τῶν
1636 1889 1711 1935 Ἀρ.

328 1942 430 1967 τεσσ.
460 1933 519 1976 ἔτη
543 1933 640 1979 vulg.

239 2046 318 2082 gem
346 2047 384 2069 se
408 2047 486 2070 esse
514 2038 709 2080 simulavit,
734 2040 791 2073 cui
813 2042 916 2076 velut
933 2041 1080 2077 delusus
1109 2054 1190 2076 cum
1214 2043 1362 2078 incaute
1387 2043 1605 2078 occurrisset
1617 2043 1711 2078 Gra-

238 2085 381 2125 tianus,
405 2084 523 2130 ipsum
557 2086 823 2131 Andr-agathias
859 2091 1054 2125 interfecit.
1114 2103 1157 2125 eo
1186 2091 1330 2126 sublato
1357 2091 1481 2126 tenuit
1509 2093 1711 2126 Romanum'

238 2132 429 2179 imperium
454 2132 749 2168 Valentinianus.

332 2179 411 2213 Hoc
436 2180 564 2214 eodem
588 2193 682 2216 anno
718 2195 864 2227 magnus
889 2185 1120 2221 Theodosius
1148 2188 1246 2233 gravi
1270 2187 1398 2222 morbo
1422 2187 1710 2224 Thessalonicae

237 2227 419 2270 iactatus,
459 2227 504 2261 ab
537 2229 689 2264 Acholio
727 2233 897 2279 episcopo
931 2234 1133 2280 baptizatus
1174 2242 1240 2270 est.
1291 2236 1410 2282 legem
1436 2237 1546 2272 etiam
1575 2242 1711 2271 rectam

238 2274 564 2312 consubstantialis
601 2280 819 2313 sententiam
846 2283 1057 2317 tenentibus
1097 2283 1279 2319 faventem
1313 2285 1576 2331 promulgavit,
1602 2297 1711 2331 quam

239 2329 277 2358 et
304 2323 447 2370 Cpolim
473 2325 581 2358 misit.
631 2326 710 2372 ipse
736 2328 774 2361 in
798 2328 925 2363 urbem
949 2331 1132 2376 profectus
1151 2332 1373 2379 Demophilo
1391 2334 1621 2378 significavit,
1646 2339 1711 2367 aut

238 2371 285 2404 ab
309 2371 384 2405 Arii
420 2371 626 2407 discederet
650 2376 830 2411 erroribus
845 2403 854 2419 ,
881 2384 944 2412 aut
969 2390 1054 2413 mox
1084 2381 1235 2415 ecclesia
1259 2382 1443 2427 migraret.
1494 2381 1560 2415 ille
1583 2387 1710 2415 coacta

236 2420 451 2453 Arianorum
476 2420 585 2466 plebe
614 2433 694 2455 cum
719 2423 827 2458 Lucio
850 2425 1092 2461 Alexandriae
1134 2430 1319 2476 episcopo,
1350 2441 1460 2476 quem
1484 2435 1561 2463 tum
1590 2441 1709 2464 secum

237 2466 421 2509 habebat,
452 2479 536 2502 suos
569 2475 669 2503 extra
703 2472 884 2507 civitatem
917 2481 1040 2509 coetus
1074 2476 1283 2512 celebravit.
1347 2483 1457 2525 atque
1486 2477 1538 2511 ita
1564 2477 1710 2512 demum

237 2514 383 2550 divinus
398 2515 605 2561 Gregorius,
631 2529 703 2551 una
730 2531 810 2553 cum
835 2522 878 2555 iis
909 2535 998 2569 quos
1022 2536 1127 2558 verae
1153 2525 1239 2559 fidei
1264 2526 1429 2561 doctrina
1451 2525 1709 2567 illustraverat,

237 2575 363 2597 omnes
395 2563 545 2598 tandem
582 2566 775 2610 ecclesias,
809 2580 898 2615 quas
924 2571 1047 2605 Ariani
1085 2573 1324 2620 quadraginta
1351 2579 1388 2610 et
1419 2574 1581 2621 'amplius
1604 2575 1709 2608 annis

237 2618 512 2658 occupaverant,
536 2615 686 2659 recepit.

331 2660 519 2694 Persarum
545 2662 636 2706 regis
659 2662 813 2696 varanis
838 2675 953 2698 annus
978 2667 1125 2710 primus.

292 2714 301 2727 ²
333 2707 491 2754 Cpoleos
517 2710 679 2757 episcopi
697 2711 864 2757 Gregorii
889 2712 1051 2759 theologi
1079 2727 1194 2751 annus
1221 2719 1374 2763 primus.

331 2756 410 2790 Hoc
432 2768 527 2792 anno
554 2757 772 2794 Antiochiae
813 2759 860 2794 ad
884 2761 1106 2806 Iobitarum‚
1133 2777 1239 2812 quam
1277 2770 1501 2814 nuncupant,
1527 2765 1709 2806 vicinhm,
