<?xml version="1.0" encoding="UTF-8"?>
<!DOCTYPE html PUBLIC "-//W3C//DTD XHTML 1.0 Transitional//EN"
    "http://www.w3.org/TR/xhtml1/DTD/xhtml1-transitional.dtd">
<html xmlns="http://www.w3.org/1999/xhtml" xml:lang="en" lang="en">
 <head>
  <title>
</title>
<meta http-equiv="Content-Type" content="text/html;charset=utf-8" />
  <meta name='ocr-system' content='tesseract 3.04.00' />
  <meta name='ocr-capabilities' content='ocr_page ocr_carea ocr_par ocr_line ocrx_word'/>
</head>
<body>
  <div class='ocr_page' id='page_1' title='image "./corpusscriptorum46niebuoft_0678.png"; bbox 0 0 1768 3106; ppageno 0'>
   <div class='ocr_carea' id='block_1_1' title="bbox 249 109 1147 177">
    <p class='ocr_par' dir='ltr' id='par_1_1' title="bbox 249 109 1147 177">
     <span class='ocr_line' id='line_1_1' title="bbox 249 109 1147 177; baseline 0.01 -14"><span class='ocrx_word' id='word_1_1' title='bbox 249 109 286 164; x_wconf 85' lang='lat'>6</span> <span class='ocrx_word' id='word_1_2' title='bbox 301 129 315 163; x_wconf 87' lang='lat'>1</span> <span class='ocrx_word' id='word_1_3' title='bbox 330 109 363 164; x_wconf 87' lang='grc'><strong>8</strong></span> <span class='ocrx_word' id='word_1_4' title='bbox 801 129 1147 177; x_wconf 65' lang='grc' dir='ltr'>ΤΗΕΟΡΗΑΝΙΒ</span> 
     </span>
    </p>
   </div>
   <div class='ocr_carea' id='block_1_2' title="bbox 25 227 1768 1502">
    <p class='ocr_par' dir='ltr' id='par_1_2' title="bbox 25 227 1768 1502">
     <span class='ocr_line' id='line_1_2' title="bbox 247 227 1721 288; baseline 0.001 -17"><span class='ocrx_word' id='word_1_5' title='bbox 247 231 323 271; x_wconf 81' lang='grc' dir='ltr'><strong><em>καί</em></strong></span> <span class='ocrx_word' id='word_1_6' title='bbox 347 231 510 272; x_wconf 78' lang='grc' dir='ltr'><strong><em>σεπτῶν</em></strong></span> <span class='ocrx_word' id='word_1_7' title='bbox 542 227 739 273; x_wconf 83' lang='grc' dir='ltr'><strong><em>εἰκόνων·</em></strong></span> <span class='ocrx_word' id='word_1_8' title='bbox 813 230 921 273; x_wconf 72' lang='grc' dir='ltr'><strong><em>ἄλλα</em></strong></span> <span class='ocrx_word' id='word_1_9' title='bbox 969 229 1119 286; x_wconf 77' lang='grc' dir='ltr'><strong><em>χάριτι</em></strong></span> <span class='ocrx_word' id='word_1_10' title='bbox 1148 231 1225 273; x_wconf 76' lang='grc' dir='ltr'><strong><em>τοῦ</em></strong></span> <span class='ocrx_word' id='word_1_11' title='bbox 1252 234 1402 288; x_wconf 85' lang='grc' dir='ltr'><strong><em>κυρίου</em></strong></span> <span class='ocrx_word' id='word_1_12' title='bbox 1434 231 1554 287; x_wconf 75' lang='grc' dir='ltr'><strong><em>ἡμῶν</em></strong></span> <span class='ocrx_word' id='word_1_13' title='bbox 1578 227 1721 288; x_wconf 75' lang='grc' dir='ltr'><strong><em>Ἰησοῦ</em></strong></span> 
     </span>
     <span class='ocr_line' id='line_1_3' title="bbox 248 295 1718 355; baseline 0.001 -17"><span class='ocrx_word' id='word_1_14' title='bbox 248 298 441 351; x_wconf 81' lang='grc' dir='ltr'><em>Χριστοῦ</em></span> <span class='ocrx_word' id='word_1_15' title='bbox 480 298 556 339; x_wconf 80' lang='grc' dir='ltr'>καί</span> <span class='ocrx_word' id='word_1_16' title='bbox 591 302 683 348; x_wconf 80' lang='grc' dir='ltr'>ταῖς</span> <span class='ocrx_word' id='word_1_17' title='bbox 722 301 967 353; x_wconf 76' lang='grc' dir='ltr'><em>πρεσβείαις</em></span> <span class='ocrx_word' id='word_1_18' title='bbox 1006 300 1076 354; x_wconf 81' lang='grc' dir='ltr'>τῆς</span> <span class='ocrx_word' id='word_1_19' title='bbox 1118 295 1317 355; x_wconf 79' lang='grc' dir='ltr'><strong><em>α’φθὸρου</em></strong></span> <span class='ocrx_word' id='word_1_20' title='bbox 1357 298 1520 355; x_wconf 82' lang='grc' dir='ltr'><strong><em>μητρὸς</em></strong></span> <span class='ocrx_word' id='word_1_21' title='bbox 1568 297 1718 354; x_wconf 65' lang='grc' dir='ltr'><strong><em>αὐτοῦ,</em></strong></span> 
     </span>
     <span class='ocr_line' id='line_1_4' title="bbox 201 361 1721 424; baseline 0.001 -17"><span class='ocrx_word' id='word_1_22' title='bbox 201 366 320 407; x_wconf 66' lang='lat' dir='ltr'>Dicat*</span> <span class='ocrx_word' id='word_1_23' title='bbox 363 361 531 407; x_wconf 75' lang='grc' dir='ltr'><strong><em>πάντων</em></strong></span> <span class='ocrx_word' id='word_1_24' title='bbox 572 367 657 407; x_wconf 76' lang='grc' dir='ltr'>τῶν</span> <span class='ocrx_word' id='word_1_25' title='bbox 701 362 833 421; x_wconf 70' lang='grc' dir='ltr'><strong><em>ἁγίων</em></strong></span> <span class='ocrx_word' id='word_1_26' title='bbox 875 368 935 424; x_wconf 73' lang='grc' dir='ltr'>τῷ</span> <span class='ocrx_word' id='word_1_27' title='bbox 964 365 1080 423; x_wconf 75' lang='grc' dir='ltr'><strong><em>αὐτῷ</em></strong></span> <span class='ocrx_word' id='word_1_28' title='bbox 1119 363 1206 408; x_wconf 56' lang='lat' dir='ltr'>§vsa</span> <span class='ocrx_word' id='word_1_29' title='bbox 1237 368 1434 423; x_wconf 81' lang='grc' dir='ltr'><strong><em>τέθνηκεν</em></strong></span> <span class='ocrx_word' id='word_1_30' title='bbox 1456 363 1569 423; x_wconf 71' lang='grc' dir='ltr'><strong><em>Ἰζίδ,</em></strong></span> <span class='ocrx_word' id='word_1_31' title='bbox 1619 368 1721 409; x_wconf 68' lang='grc' dir='ltr'><strong><em>οὐδὲ</em></strong></span> 
     </span>
     <span class='ocr_line' id='line_1_5' title="bbox 246 431 1722 488; baseline 0.001 -16"><span class='ocrx_word' id='word_1_32' title='bbox 246 432 511 488; x_wconf 76' lang='grc' dir='ltr'><strong><em>α’κουσθῆναι</em></strong></span> <span class='ocrx_word' id='word_1_33' title='bbox 540 431 785 488; x_wconf 80' lang='grc' dir='ltr'><strong><em>φθάσαντος</em></strong></span> <span class='ocrx_word' id='word_1_34' title='bbox 812 438 899 482; x_wconf 78' lang='grc' dir='ltr'><strong><em>τοῖς</em></strong></span> <span class='ocrx_word' id='word_1_35' title='bbox 926 437 1094 482; x_wconf 78' lang='grc' dir='ltr'><em>πολλοῖς</em></span> <span class='ocrx_word' id='word_1_36' title='bbox 1123 435 1198 475; x_wconf 84' lang='grc' dir='ltr'><strong><em>τοῦ</em></strong></span> <span class='ocrx_word' id='word_1_37' title='bbox 1219 436 1447 476; x_wconf 86' lang='grc' dir='ltr'><strong><em>σατανικοῦ</em></strong></span> <span class='ocrx_word' id='word_1_38' title='bbox 1477 433 1609 476; x_wconf 71' lang='grc' dir='ltr'><strong><em>αὐτοῦ</em></strong></span> <span class='ocrx_word' id='word_1_39' title='bbox 1649 434 1722 476; x_wconf 71' lang='grc' dir='ltr'>δό-</span> 
     </span>
     <span class='ocr_line' id='line_1_6' title="bbox 241 500 1759 558; baseline 0.005 -18"><span class='ocrx_word' id='word_1_40' title='bbox 241 514 415 554; x_wconf 81' lang='grc' dir='ltr'><strong><em>γματος.</em></strong></span> <span class='ocrx_word' id='word_1_41' title='bbox 470 500 723 553; x_wconf 81' lang='grc' dir='ltr'><strong><em>μεταλαβών</em></strong></span> <span class='ocrx_word' id='word_1_42' title='bbox 759 502 805 543; x_wconf 79' lang='grc' dir='ltr'>δὲ</span> <span class='ocrx_word' id='word_1_43' title='bbox 835 501 991 556; x_wconf 74' lang='grc' dir='ltr'><strong><em>ταύτης</em></strong></span> <span class='ocrx_word' id='word_1_44' title='bbox 1020 503 1096 556; x_wconf 78' lang='grc' dir='ltr'>τῆς</span> <span class='ocrx_word' id='word_1_45' title='bbox 1124 501 1334 555; x_wconf 70' lang='grc' dir='ltr'><strong><em>ἀθεμίτου</em></strong></span> <span class='ocrx_word' id='word_1_46' title='bbox 1364 504 1438 544; x_wconf 80' lang='grc' dir='ltr'><em>καί</em></span> <span class='ocrx_word' id='word_1_47' title='bbox 1465 504 1616 558; x_wconf 78' lang='grc' dir='ltr'>πικρᾶς</span> <span class='ocrx_word' id='word_1_48' title='bbox 1643 506 1759 547; x_wconf 58' lang='lat' dir='ltr'>sea-5</span> 
     </span>
     <span class='ocr_line' id='line_1_7' title="bbox 243 565 1720 625; baseline 0.002 -18"><span class='ocrx_word' id='word_1_49' title='bbox 243 565 433 616; x_wconf 75' lang='grc' dir='ltr'><strong><em>κοδοξίας</em></strong></span> <span class='ocrx_word' id='word_1_50' title='bbox 454 569 582 609; x_wconf 82' lang='grc' dir='ltr'><strong><em>Λέων</em></strong></span> <span class='ocrx_word' id='word_1_51' title='bbox 608 565 629 607; x_wconf 82' lang='grc' dir='ltr'>ὁ</span> <span class='ocrx_word' id='word_1_52' title='bbox 657 569 861 622; x_wconf 71' lang='grc' dir='ltr'>βασιλεὺς</span> <span class='ocrx_word' id='word_1_53' title='bbox 892 569 1057 611; x_wconf 78' lang='grc' dir='ltr'><em>πολλῶν</em></span> <span class='ocrx_word' id='word_1_54' title='bbox 1085 571 1224 610; x_wconf 77' lang='grc' dir='ltr'><strong><em>κακῶν</em></strong></span> <span class='ocrx_word' id='word_1_55' title='bbox 1254 567 1389 620; x_wconf 82' lang='grc' dir='ltr'><strong><em>αἴτιος</em></strong></span> <span class='ocrx_word' id='word_1_56' title='bbox 1415 568 1518 625; x_wconf 71' lang='grc' dir='ltr'>ἡμῖν</span> <span class='ocrx_word' id='word_1_57' title='bbox 1536 570 1720 624; x_wconf 81' lang='grc' dir='ltr'><strong><em>γέγονεν.</em></strong></span> 
     </span>
     <span class='ocr_line' id='line_1_8' title="bbox 242 632 1719 694; baseline 0.003 -20"><span class='ocrx_word' id='word_1_58' title='bbox 242 632 381 686; x_wconf 80' lang='grc' dir='ltr'><strong><em>εὑρών</em></strong></span> <span class='ocrx_word' id='word_1_59' title='bbox 419 635 467 676; x_wconf 80' lang='grc' dir='ltr'>δὲ</span> <span class='ocrx_word' id='word_1_60' title='bbox 510 633 735 692; x_wconf 78' lang='grc' dir='ltr'><strong><em>ὁμόφρονα</em></strong></span> <span class='ocrx_word' id='word_1_61' title='bbox 782 637 876 694; x_wconf 75' lang='grc' dir='ltr'>[τῆς</span> <span class='ocrx_word' id='word_1_62' title='bbox 905 636 1212 694; x_wconf 67' lang='grc' dir='ltr'>ἀπαιδευσίας]</span> <span class='ocrx_word' id='word_1_63' title='bbox 1252 635 1406 692; x_wconf 78' lang='grc' dir='ltr'><strong><em>ταύτης</em></strong></span> <span class='ocrx_word' id='word_1_64' title='bbox 1443 634 1593 693; x_wconf 81' lang='grc' dir='ltr'><strong><em>Βησήρ</em></strong></span> <span class='ocrx_word' id='word_1_65' title='bbox 1624 652 1719 679; x_wconf 81' lang='grc' dir='ltr'><strong><em>τινα</em></strong></span> 
     </span>
     <span class='ocr_line' id='line_1_9' title="bbox 242 696 1720 762; baseline 0.002 -20"><span class='ocrx_word' id='word_1_66' title='bbox 242 696 449 757; x_wconf 71' lang='grc' dir='ltr'><strong><em>τοῦνομα,</em></strong></span> <span class='ocrx_word' id='word_1_67' title='bbox 478 701 704 756; x_wconf 79' lang='grc' dir='ltr'><strong><em>γενόμενον</em></strong></span> <span class='ocrx_word' id='word_1_68' title='bbox 730 705 808 757; x_wconf 81' lang='grc' dir='ltr'>μὲν</span> <span class='ocrx_word' id='word_1_69' title='bbox 830 702 911 745; x_wconf 78' lang='grc' dir='ltr'>ἀπὸ</span> <span class='ocrx_word' id='word_1_70' title='bbox 932 705 1206 757; x_wconf 77' lang='grc' dir='ltr'><strong><em>Χριστιανῶν</em></strong></span> <span class='ocrx_word' id='word_1_71' title='bbox 1234 705 1279 747; x_wconf 83' lang='grc' dir='ltr'>ἐν</span> <span class='ocrx_word' id='word_1_72' title='bbox 1302 705 1451 762; x_wconf 70' lang='grc' dir='ltr'><strong><em>Συρίᾳ,</em></strong></span> <span class='ocrx_word' id='word_1_73' title='bbox 1475 700 1720 746; x_wconf 78' lang='grc' dir='ltr'><strong><em>α’ποστάντα</em></strong></span> 
     </span>
     <span class='ocr_line' id='line_1_10' title="bbox 243 768 1720 827; baseline 0.001 -18"><span class='ocrx_word' id='word_1_74' title='bbox 243 769 290 810; x_wconf 77' lang='grc' dir='ltr'>δὲ</span> <span class='ocrx_word' id='word_1_75' title='bbox 309 770 381 824; x_wconf 81' lang='grc' dir='ltr'>τῆς</span> <span class='ocrx_word' id='word_1_76' title='bbox 404 771 465 818; x_wconf 88' lang='grc' dir='ltr'>εἰς</span> <span class='ocrx_word' id='word_1_77' title='bbox 481 768 676 825; x_wconf 81' lang='grc' dir='ltr'><strong><em>Χριστὸν</em></strong></span> <span class='ocrx_word' id='word_1_78' title='bbox 703 774 898 824; x_wconf 83' lang='grc' dir='ltr'>πίστεως,</span> <span class='ocrx_word' id='word_1_79' title='bbox 926 770 1001 813; x_wconf 78' lang='grc' dir='ltr'>καί</span> <span class='ocrx_word' id='word_1_80' title='bbox 1016 774 1254 815; x_wconf 83' lang='grc' dir='ltr'><strong><em>ποιωθέντα</em></strong></span> <span class='ocrx_word' id='word_1_81' title='bbox 1287 778 1375 821; x_wconf 86' lang='grc' dir='ltr'><strong><em>τοῖς</em></strong></span> <span class='ocrx_word' id='word_1_82' title='bbox 1409 770 1607 827; x_wconf 79' lang='grc' dir='ltr'><strong><em>Ἀράβων</em></strong></span> <span class='ocrx_word' id='word_1_83' title='bbox 1648 768 1720 813; x_wconf 75' lang='grc' dir='ltr'>δό-</span> 
     </span>
     <span class='ocr_line' id='line_1_11' title="bbox 241 835 1768 894; baseline 0.003 -17"><span class='ocrx_word' id='word_1_84' title='bbox 241 851 412 892; x_wconf 77' lang='grc' dir='ltr'><strong><em>γμασιν,</em></strong></span> <span class='ocrx_word' id='word_1_85' title='bbox 442 836 491 878; x_wconf 78' lang='grc' dir='ltr'><strong><em>οὗ</em></strong></span> <span class='ocrx_word' id='word_1_86' title='bbox 520 835 600 893; x_wconf 80' lang='grc' dir='ltr'>πρὸ</span> <span class='ocrx_word' id='word_1_87' title='bbox 626 840 784 880; x_wconf 82' lang='grc' dir='ltr'><strong><em>πολλοῦ</em></strong></span> <span class='ocrx_word' id='word_1_88' title='bbox 813 840 860 882; x_wconf 79' lang='grc' dir='ltr'>δὲ</span> <span class='ocrx_word' id='word_1_89' title='bbox 886 839 1048 894; x_wconf 83' lang='grc' dir='ltr'><strong><em>χρόνου</em></strong></span> <span class='ocrx_word' id='word_1_90' title='bbox 1079 839 1484 894; x_wconf 66' lang='grc' dir='ltr'><strong><em>ἀπελευθερωθέντα</em></strong></span> <span class='ocrx_word' id='word_1_91' title='bbox 1511 841 1586 894; x_wconf 85' lang='grc' dir='ltr'>τῆς</span> <span class='ocrx_word' id='word_1_92' title='bbox 1615 839 1718 880; x_wconf 76' lang='grc' dir='ltr'><strong><em>ἑκεί-</em></strong></span> <span class='ocrx_word' id='word_1_93' title='bbox 1738 855 1768 881; x_wconf 85' lang='grc' dir='ltr'>ι(</span> 
     </span>
     <span class='ocr_line' id='line_1_12' title="bbox 240 902 1719 962; baseline 0.001 -19"><span class='ocrx_word' id='word_1_94' title='bbox 240 919 324 944; x_wconf 86' lang='grc' dir='ltr'>νων</span> <span class='ocrx_word' id='word_1_95' title='bbox 355 902 564 961; x_wconf 75' lang='grc' dir='ltr'><strong><em>δουλείας,</em></strong></span> <span class='ocrx_word' id='word_1_96' title='bbox 596 906 672 948; x_wconf 85' lang='grc' dir='ltr'><em>καί</em></span> <span class='ocrx_word' id='word_1_97' title='bbox 701 904 987 960; x_wconf 81' lang='grc' dir='ltr'><strong><em>καταλαβόντα</em></strong></span> <span class='ocrx_word' id='word_1_98' title='bbox 1015 905 1089 962; x_wconf 73' lang='grc' dir='ltr'>τὴν</span> <span class='ocrx_word' id='word_1_99' title='bbox 1114 905 1337 959; x_wconf 79' lang='grc' dir='ltr'><strong><em>Ῥωμαίων</em></strong></span> <span class='ocrx_word' id='word_1_100' title='bbox 1364 907 1604 948; x_wconf 87' lang='grc' dir='ltr'><strong><em>πολιτείαν·</em></strong></span> <span class='ocrx_word' id='word_1_101' title='bbox 1646 904 1719 947; x_wconf 77' lang='grc' dir='ltr'>διὰ</span> 
     </span>
     <span class='ocr_line' id='line_1_13' title="bbox 239 970 1720 1029; baseline 0.002 -18"><span class='ocrx_word' id='word_1_102' title='bbox 239 970 390 1026; x_wconf 72' lang='grc' dir='ltr'><strong><em>ῥώμην</em></strong></span> <span class='ocrx_word' id='word_1_103' title='bbox 421 972 469 1014; x_wconf 76' lang='grc' dir='ltr'>δὲ</span> <span class='ocrx_word' id='word_1_104' title='bbox 497 972 691 1023; x_wconf 80' lang='grc' dir='ltr'><strong><em>σώματος</em></strong></span> <span class='ocrx_word' id='word_1_105' title='bbox 719 971 794 1015; x_wconf 84' lang='grc' dir='ltr'><em>καί</em></span> <span class='ocrx_word' id='word_1_106' title='bbox 821 973 1025 1026; x_wconf 84' lang='grc' dir='ltr'><strong><em>ὁμόνοιαν</em></strong></span> <span class='ocrx_word' id='word_1_107' title='bbox 1057 975 1130 1029; x_wconf 78' lang='grc' dir='ltr'>τῆς</span> <span class='ocrx_word' id='word_1_108' title='bbox 1147 975 1393 1025; x_wconf 70' lang='grc' dir='ltr'><strong><em>κακοδοξίας</em></strong></span> <span class='ocrx_word' id='word_1_109' title='bbox 1422 974 1606 1029; x_wconf 77' lang='grc' dir='ltr'><strong><em>ἐτιμήθη</em></strong></span> <span class='ocrx_word' id='word_1_110' title='bbox 1633 990 1720 1014; x_wconf 82' lang='grc' dir='ltr'>πα·-</span> 
     </span>
     <span class='ocr_line' id='line_1_14' title="bbox 238 1036 1719 1096; baseline 0.001 -16"><span class='ocrx_word' id='word_1_111' title='bbox 238 1036 293 1094; x_wconf 78' lang='grc' dir='ltr'><strong><em>ροὶ</em></strong></span> <span class='ocrx_word' id='word_1_112' title='bbox 324 1039 401 1081; x_wconf 78' lang='grc' dir='ltr'><strong><em>τοῦ</em></strong></span> <span class='ocrx_word' id='word_1_113' title='bbox 436 1041 572 1086; x_wconf 63' lang='grc' dir='ltr'><strong><em>αυῗτοῦ</em></strong></span> <span class='ocrx_word' id='word_1_114' title='bbox 605 1043 817 1091; x_wconf 88' lang='grc' dir='ltr'><strong><em>Λέοντος·</em></strong></span> <span class='ocrx_word' id='word_1_115' title='bbox 856 1038 968 1090; x_wconf 77' lang='grc' dir='ltr'><strong><em>ὅστις</em></strong></span> <span class='ocrx_word' id='word_1_116' title='bbox 1007 1044 1080 1083; x_wconf 76' lang='grc' dir='ltr'>καί</span> <span class='ocrx_word' id='word_1_117' title='bbox 1115 1039 1403 1096; x_wconf 75' lang='grc' dir='ltr'>συνασπιστῆς</span> <span class='ocrx_word' id='word_1_118' title='bbox 1431 1042 1510 1083; x_wconf 75' lang='grc' dir='ltr'><strong><em>τοῦ</em></strong></span> <span class='ocrx_word' id='word_1_119' title='bbox 1534 1039 1719 1096; x_wconf 78' lang='grc' dir='ltr'><strong><em>μεγάλου</em></strong></span> 
     </span>
     <span class='ocr_line' id='line_1_15' title="bbox 103 1106 1719 1167; baseline -0.001 -18"><span class='ocrx_word' id='word_1_120' title='bbox 103 1115 139 1149; x_wconf 84' lang='grc' dir='ltr'>Ρ.</span> <span class='ocrx_word' id='word_1_121' title='bbox 156 1115 222 1160; x_wconf 84' lang='lat'>337</span> <span class='ocrx_word' id='word_1_122' title='bbox 238 1108 373 1147; x_wconf 79' lang='grc' dir='ltr'><strong><em>κακοῦ</em></strong></span> <span class='ocrx_word' id='word_1_123' title='bbox 400 1106 551 1150; x_wconf 80' lang='grc' dir='ltr'><strong><em>τούτου</em></strong></span> <span class='ocrx_word' id='word_1_124' title='bbox 576 1110 746 1162; x_wconf 80' lang='grc' dir='ltr'><strong><em>γέγονεν</em></strong></span> <span class='ocrx_word' id='word_1_125' title='bbox 770 1111 828 1167; x_wconf 75' lang='grc' dir='ltr'>τῷ</span> <span class='ocrx_word' id='word_1_126' title='bbox 855 1111 1038 1162; x_wconf 83' lang='grc' dir='ltr'><strong><em>βασιλεῖ’.</em></strong></span> <span class='ocrx_word' id='word_1_127' title='bbox 1083 1106 1335 1165; x_wconf 85' lang='grc' dir='ltr'><strong><em>συνεφρὸνει</em></strong></span> <span class='ocrx_word' id='word_1_128' title='bbox 1361 1110 1408 1150; x_wconf 80' lang='grc' dir='ltr'>δὲ</span> <span class='ocrx_word' id='word_1_129' title='bbox 1436 1110 1572 1158; x_wconf 77' lang='grc' dir='ltr'><strong><em>κακῶς</em></strong></span> <span class='ocrx_word' id='word_1_130' title='bbox 1600 1109 1719 1165; x_wconf 72' lang='grc' dir='ltr'><strong><em>αὐτῷ</em></strong></span> 
     </span>
     <span class='ocr_line' id='line_1_16' title="bbox 95 1170 1768 1235; baseline 0.003 -21"><span class='ocrx_word' id='word_1_131' title='bbox 95 1180 138 1214; x_wconf 83' lang='lat' dir='ltr'>V.</span> <span class='ocrx_word' id='word_1_132' title='bbox 155 1180 224 1214; x_wconf 77' lang='lat'>268</span> <span class='ocrx_word' id='word_1_133' title='bbox 239 1176 313 1216; x_wconf 80' lang='grc' dir='ltr'>καί</span> <span class='ocrx_word' id='word_1_134' title='bbox 341 1170 364 1214; x_wconf 79' lang='grc' dir='ltr'><em>ὅ</em></span> <span class='ocrx_word' id='word_1_135' title='bbox 393 1171 532 1229; x_wconf 80' lang='grc' dir='ltr'><em>πάσης</em></span> <span class='ocrx_word' id='word_1_136' title='bbox 562 1175 835 1231; x_wconf 86' lang='grc' dir='ltr'><strong><em>α’καθαρσίας</em></strong></span> <span class='ocrx_word' id='word_1_137' title='bbox 855 1175 1076 1226; x_wconf 72' lang='grc' dir='ltr'>ἀνάπλεως</span> <span class='ocrx_word' id='word_1_138' title='bbox 1105 1175 1179 1218; x_wconf 82' lang='grc' dir='ltr'><em>καί</em></span> <span class='ocrx_word' id='word_1_139' title='bbox 1204 1173 1427 1235; x_wconf 71' lang='grc' dir='ltr'><strong><em>συντρόφῳ</em></strong></span> <span class='ocrx_word' id='word_1_140' title='bbox 1458 1171 1716 1233; x_wconf 63' lang='grc' dir='ltr'><strong><em>ἀπαιδευσίᾳ</em></strong></span> <span class='ocrx_word' id='word_1_141' title='bbox 1736 1178 1768 1219; x_wconf 75' lang='grc' dir='ltr'>ιξ</span> 
     </span>
     <span class='ocr_line' id='line_1_17' title="bbox 239 1242 988 1294; baseline 0.004 -11"><span class='ocrx_word' id='word_1_142' title='bbox 239 1242 382 1294; x_wconf 75' lang='grc' dir='ltr'><strong><em>συζῶν</em></strong></span> <span class='ocrx_word' id='word_1_143' title='bbox 414 1244 669 1293; x_wconf 84' lang='grc' dir='ltr'><strong><em>Νακωλείας</em></strong></span> <span class='ocrx_word' id='word_1_144' title='bbox 699 1243 720 1284; x_wconf 84' lang='grc' dir='ltr'>ὁ</span> <span class='ocrx_word' id='word_1_145' title='bbox 752 1244 988 1293; x_wconf 82' lang='grc' dir='ltr'><strong><em>ἐπίσκοπος.</em></strong></span> 
     </span>
     <span class='ocr_line' id='line_1_18' title="bbox 25 1308 1120 1366; baseline 0.002 -14"><span class='ocrx_word' id='word_1_146' title='bbox 25 1325 51 1360; x_wconf 70' lang='lat' dir='ltr'><strong>A</strong></span> <span class='ocrx_word' id='word_1_147' title='bbox 75 1325 226 1360; x_wconf 76' lang='lat' dir='ltr'><strong>M‚6216</strong></span> <span class='ocrx_word' id='word_1_148' title='bbox 347 1308 546 1365; x_wconf 77' lang='grc' dir='ltr'><strong><em>Ἀράβων</em></strong></span> <span class='ocrx_word' id='word_1_149' title='bbox 578 1309 769 1366; x_wconf 74' lang='grc' dir='ltr'><strong><em>ἀρχηγοῦ</em></strong></span> <span class='ocrx_word' id='word_1_150' title='bbox 795 1311 916 1366; x_wconf 80' lang='grc' dir='ltr'><strong><em>Ἰσάμ</em></strong></span> <span class='ocrx_word' id='word_1_151' title='bbox 941 1309 1035 1361; x_wconf 82' lang='grc' dir='ltr'><strong><em>ἔτος</em></strong></span> <span class='ocrx_word' id='word_1_152' title='bbox 1065 1309 1120 1354; x_wconf 84' lang='grc' dir='ltr'>α’.</span> 
     </span>
     <span class='ocr_line' id='line_1_19' title="bbox 353 1371 1718 1436; baseline 0 -17"><span class='ocrx_word' id='word_1_153' title='bbox 353 1375 414 1420; x_wconf 77' lang='grc' dir='ltr'>Τὰ</span> <span class='ocrx_word' id='word_1_154' title='bbox 448 1379 549 1433; x_wconf 70' lang='grc' dir='ltr'>περὶ</span> <span class='ocrx_word' id='word_1_155' title='bbox 587 1380 667 1420; x_wconf 80' lang='grc' dir='ltr'><strong><em>τοῦ</em></strong></span> <span class='ocrx_word' id='word_1_156' title='bbox 702 1382 921 1434; x_wconf 82' lang='grc' dir='ltr'><strong><em>μακαρίου</em></strong></span> <span class='ocrx_word' id='word_1_157' title='bbox 953 1379 1174 1436; x_wconf 75' lang='grc' dir='ltr'><strong><em>Στεφάνου</em></strong></span> <span class='ocrx_word' id='word_1_158' title='bbox 1215 1376 1336 1421; x_wconf 77' lang='grc' dir='ltr'>πάντα</span> <span class='ocrx_word' id='word_1_159' title='bbox 1370 1374 1554 1434; x_wconf 80' lang='grc' dir='ltr'><em>Ῥώμης,</em></span> <span class='ocrx_word' id='word_1_160' title='bbox 1604 1371 1718 1427; x_wconf 73' lang='grc' dir='ltr'><em>ὅπως</em></span> 
     </span>
     <span class='ocr_line' id='line_1_20' title="bbox 200 1441 1448 1502; baseline 0.002 -17"><span class='ocrx_word' id='word_1_161' title='bbox 200 1441 392 1501; x_wconf 79' lang='grc' dir='ltr'><strong><em>Βέφυγεν</em></strong></span> <span class='ocrx_word' id='word_1_162' title='bbox 421 1446 482 1496; x_wconf 87' lang='grc' dir='ltr'>εἰς</span> <span class='ocrx_word' id='word_1_163' title='bbox 512 1444 761 1502; x_wconf 71' lang='grc' dir='ltr'><strong><em>Φραγγικὴν</em></strong></span> <span class='ocrx_word' id='word_1_164' title='bbox 793 1445 866 1491; x_wconf 86' lang='grc' dir='ltr'><em>καί</em></span> <span class='ocrx_word' id='word_1_165' title='bbox 893 1445 1051 1502; x_wconf 80' lang='grc' dir='ltr'><strong><em>ἐσώθη,</em></strong></span> <span class='ocrx_word' id='word_1_166' title='bbox 1084 1448 1214 1499; x_wconf 76' lang='grc' dir='ltr'><strong><em>λέξων</em></strong></span> <span class='ocrx_word' id='word_1_167' title='bbox 1251 1444 1448 1502; x_wconf 83' lang='grc' dir='ltr'><strong><em>ἔρχομαι.</em></strong></span> 
     </span>
    </p>
   </div>
   <div class='ocr_carea' id='block_1_3' title="bbox 341 1578 1716 1627">
    <p class='ocr_par' dir='ltr' id='par_1_3' title="bbox 341 1578 1716 1627">
     <span class='ocr_line' id='line_1_21' title="bbox 341 1578 1716 1627; baseline 0 -13"><span class='ocrx_word' id='word_1_168' title='bbox 341 1593 369 1614; x_wconf 85' lang='grc' dir='ltr'>ι.</span> <span class='ocrx_word' id='word_1_169' title='bbox 394 1582 459 1616; x_wconf 81' lang='grc' dir='ltr'>καὶ</span> <span class='ocrx_word' id='word_1_170' title='bbox 488 1581 638 1618; x_wconf 56' lang='lat' dir='ltr'>cremar</span> <span class='ocrx_word' id='word_1_171' title='bbox 664 1593 734 1616; x_wconf 89' lang='lat' dir='ltr'>om.</span> <span class='ocrx_word' id='word_1_172' title='bbox 753 1580 782 1616; x_wconf 84' lang='lat' dir='ltr'>A</span> <span class='ocrx_word' id='word_1_173' title='bbox 808 1581 834 1616; x_wconf 83' lang='lat' dir='ltr'>f.</span> <span class='ocrx_word' id='word_1_174' title='bbox 932 1593 965 1616; x_wconf 80' lang='lat'>2.</span> <span class='ocrx_word' id='word_1_175' title='bbox 995 1579 1112 1618; x_wconf 74' lang='grc' dir='ltr'><strong><em>αὐτοῦ</em></strong></span> <span class='ocrx_word' id='word_1_176' title='bbox 1137 1581 1219 1615; x_wconf 88' lang='lat' dir='ltr'>add.</span> <span class='ocrx_word' id='word_1_177' title='bbox 1249 1593 1293 1615; x_wconf 84' lang='lat' dir='ltr'>ex</span> <span class='ocrx_word' id='word_1_178' title='bbox 1318 1582 1359 1615; x_wconf 82' lang='lat' dir='ltr'>A.</span> <span class='ocrx_word' id='word_1_179' title='bbox 1457 1592 1488 1627; x_wconf 85' lang='lat'>7.</span> <span class='ocrx_word' id='word_1_180' title='bbox 1513 1580 1576 1624; x_wconf 77' lang='grc' dir='ltr'>τῆς</span> <span class='ocrx_word' id='word_1_181' title='bbox 1599 1578 1716 1615; x_wconf 71' lang='grc' dir='ltr'><em>ἄπαι-</em></span> 
     </span>
    </p>
   </div>
   <div class='ocr_carea' id='block_1_4' title="bbox 334 1626 1720 1773">
    <p class='ocr_par' dir='ltr' id='par_1_4' title="bbox 334 1626 1720 1773">
     <span class='ocr_line' id='line_1_22' title="bbox 335 1626 1717 1677; baseline -0.002 -12"><span class='ocrx_word' id='word_1_182' title='bbox 335 1629 488 1670; x_wconf 77' lang='grc' dir='ltr'>δευσίας</span> <span class='ocrx_word' id='word_1_183' title='bbox 513 1642 582 1663; x_wconf 88' lang='lat' dir='ltr'>om.</span> <span class='ocrx_word' id='word_1_184' title='bbox 610 1632 640 1664; x_wconf 74' lang='lat' dir='ltr'>A</span> <span class='ocrx_word' id='word_1_185' title='bbox 667 1630 692 1663; x_wconf 86' lang='lat' dir='ltr'>f.</span> <span class='ocrx_word' id='word_1_186' title='bbox 813 1626 948 1677; x_wconf 71' lang='grc' dir='ltr'><strong><em>Βασὴρ</em></strong></span> <span class='ocrx_word' id='word_1_187' title='bbox 975 1632 1013 1664; x_wconf 84' lang='grc' dir='ltr'>Α.</span> <span class='ocrx_word' id='word_1_188' title='bbox 1146 1632 1180 1663; x_wconf 85' lang='grc'>8.</span> <span class='ocrx_word' id='word_1_189' title='bbox 1210 1628 1448 1676; x_wconf 78' lang='grc' dir='ltr'><strong><em>αἰχμάλωτον</em></strong></span> <span class='ocrx_word' id='word_1_190' title='bbox 1474 1630 1514 1665; x_wconf 77' lang='grc' dir='ltr'>ἐν</span> <span class='ocrx_word' id='word_1_191' title='bbox 1537 1632 1657 1675; x_wconf 73' lang='grc' dir='ltr'><strong><em>Συρίᾳ</em></strong></span> <span class='ocrx_word' id='word_1_192' title='bbox 1676 1630 1717 1663; x_wconf 87' lang='grc' dir='ltr'>Λ.</span> 
     </span>
     <span class='ocr_line' id='line_1_23' title="bbox 342 1676 1720 1724; baseline -0.001 -13"><span class='ocrx_word' id='word_1_193' title='bbox 342 1689 393 1711; x_wconf 84' lang='grc' dir='ltr'>ιο.</span> <span class='ocrx_word' id='word_1_194' title='bbox 418 1680 578 1714; x_wconf 76' lang='grc' dir='ltr'><strong><em>ἐκείνων</em></strong></span> <span class='ocrx_word' id='word_1_195' title='bbox 606 1679 646 1719; x_wconf 86' lang='grc' dir='ltr'>Α,</span> <span class='ocrx_word' id='word_1_196' title='bbox 675 1677 803 1714; x_wconf 79' lang='grc' dir='ltr'><strong><em>αὐτῶν</em></strong></span> <span class='ocrx_word' id='word_1_197' title='bbox 826 1679 923 1724; x_wconf 71' lang='lat' dir='ltr'>vulg,</span> <span class='ocrx_word' id='word_1_198' title='bbox 1054 1679 1105 1722; x_wconf 58' lang='lat'>¹3¹·</span> <span class='ocrx_word' id='word_1_199' title='bbox 1137 1678 1177 1713; x_wconf 72' lang='grc' dir='ltr'>δὲ</span> <span class='ocrx_word' id='word_1_200' title='bbox 1213 1680 1336 1715; x_wconf 73' lang='grc' dir='ltr'><strong><em>κακῶς</em></strong></span> <span class='ocrx_word' id='word_1_201' title='bbox 1356 1679 1407 1718; x_wconf 86' lang='grc' dir='ltr'>Α,</span> <span class='ocrx_word' id='word_1_202' title='bbox 1437 1676 1477 1712; x_wconf 76' lang='grc' dir='ltr'>δὲ</span> <span class='ocrx_word' id='word_1_203' title='bbox 1504 1681 1567 1711; x_wconf 85' lang='grc' dir='ltr'>καὶ</span> <span class='ocrx_word' id='word_1_204' title='bbox 1595 1680 1720 1716; x_wconf 72' lang='grc' dir='ltr'><strong><em>κακῶς</em></strong></span> 
     </span>
     <span class='ocr_line' id='line_1_24' title="bbox 334 1723 1717 1773; baseline 0 -15"><span class='ocrx_word' id='word_1_205' title='bbox 334 1726 430 1769; x_wconf 81' lang='lat' dir='ltr'>vulg.</span> <span class='ocrx_word' id='word_1_206' title='bbox 558 1729 608 1762; x_wconf 72' lang='lat'>16.</span> <span class='ocrx_word' id='word_1_207' title='bbox 636 1728 844 1766; x_wconf 67' lang='grc' dir='ltr'><strong><em>Νακολείας</em></strong></span> <span class='ocrx_word' id='word_1_208' title='bbox 867 1728 908 1759; x_wconf 89' lang='grc' dir='ltr'>Α.</span> <span class='ocrx_word' id='word_1_209' title='bbox 1045 1729 1098 1759; x_wconf 75' lang='lat'>18.</span> <span class='ocrx_word' id='word_1_210' title='bbox 1130 1724 1230 1763; x_wconf 85' lang='grc' dir='ltr'><em>ὅπως</em></span> <span class='ocrx_word' id='word_1_211' title='bbox 1259 1728 1321 1773; x_wconf 79' lang='grc' dir='ltr'>ἔφ.</span> <span class='ocrx_word' id='word_1_212' title='bbox 1345 1726 1375 1759; x_wconf 89' lang='grc' dir='ltr'><strong>Α</strong></span> <span class='ocrx_word' id='word_1_213' title='bbox 1402 1725 1430 1768; x_wconf 88' lang='lat' dir='ltr'>f,</span> <span class='ocrx_word' id='word_1_214' title='bbox 1457 1723 1559 1764; x_wconf 83' lang='grc' dir='ltr'><em>ὅπως</em></span> <span class='ocrx_word' id='word_1_215' title='bbox 1582 1728 1625 1772; x_wconf 65' lang='grc' dir='ltr'>γε</span> <span class='ocrx_word' id='word_1_216' title='bbox 1652 1726 1717 1772; x_wconf 78' lang='grc' dir='ltr'>ἕῳ.</span> 
     </span>
    </p>
   </div>
   <div class='ocr_carea' id='block_1_5' title="bbox 334 1772 1308 1823">
    <p class='ocr_par' dir='ltr' id='par_1_5' title="bbox 334 1772 1308 1823">
     <span class='ocr_line' id='line_1_25' title="bbox 334 1772 1308 1823; baseline 0 -15"><span class='ocrx_word' id='word_1_217' title='bbox 334 1785 367 1816; x_wconf 83' lang='lat' dir='ltr'>a,</span> <span class='ocrx_word' id='word_1_218' title='bbox 393 1772 496 1815; x_wconf 81' lang='grc' dir='ltr'><em>ὅπως</em></span> <span class='ocrx_word' id='word_1_219' title='bbox 517 1785 556 1810; x_wconf 87' lang='grc' dir='ltr'>τε</span> <span class='ocrx_word' id='word_1_220' title='bbox 582 1775 645 1822; x_wconf 80' lang='grc' dir='ltr'>ἔφ.</span> <span class='ocrx_word' id='word_1_221' title='bbox 675 1774 772 1820; x_wconf 85' lang='lat' dir='ltr'>vulg.</span> <span class='ocrx_word' id='word_1_222' title='bbox 901 1786 951 1822; x_wconf 88' lang='lat'>¹9·</span> <span class='ocrx_word' id='word_1_223' title='bbox 979 1774 1021 1811; x_wconf 75' lang='grc' dir='ltr'>ἐν</span> <span class='ocrx_word' id='word_1_224' title='bbox 1048 1774 1244 1823; x_wconf 71' lang='grc' dir='ltr'>Φραγγικῇ</span> <span class='ocrx_word' id='word_1_225' title='bbox 1267 1776 1308 1808; x_wconf 87' lang='lat' dir='ltr'>A.</span> 
     </span>
    </p>
   </div>
   <div class='ocr_carea' id='block_1_6' title="bbox 59 1898 1722 2809">
    <p class='ocr_par' dir='ltr' id='par_1_6' title="bbox 59 1898 1722 2665">
     <span class='ocr_line' id='line_1_26' title="bbox 241 1898 1720 1945; baseline -0.001 -13"><span class='ocrx_word' id='word_1_226' title='bbox 241 1899 496 1945; x_wconf 80' lang='lat' dir='ltr'>promulgavit.</span> <span class='ocrx_word' id='word_1_227' title='bbox 540 1911 665 1935; x_wconf 84' lang='lat' dir='ltr'>verum</span> <span class='ocrx_word' id='word_1_228' title='bbox 692 1913 829 1935; x_wconf 87' lang='lat' dir='ltr'>summa</span> <span class='ocrx_word' id='word_1_229' title='bbox 858 1900 999 1934; x_wconf 83' lang='lat' dir='ltr'>domini</span> <span class='ocrx_word' id='word_1_230' title='bbox 1032 1901 1147 1935; x_wconf 83' lang='lat' dir='ltr'><strong>nostri</strong></span> <span class='ocrx_word' id='word_1_231' title='bbox 1176 1902 1256 1936; x_wconf 86' lang='lat' dir='ltr'>Iesu</span> <span class='ocrx_word' id='word_1_232' title='bbox 1285 1899 1421 1934; x_wconf 84' lang='lat' dir='ltr'>Christi</span> <span class='ocrx_word' id='word_1_233' title='bbox 1447 1898 1572 1943; x_wconf 86' lang='lat' dir='ltr'>gratia,</span> <span class='ocrx_word' id='word_1_234' title='bbox 1598 1902 1636 1932; x_wconf 89' lang='lat' dir='ltr'>et</span> <span class='ocrx_word' id='word_1_235' title='bbox 1662 1898 1720 1931; x_wconf 86' lang='lat' dir='ltr'>in-</span> 
     </span>
     <span class='ocr_line' id='line_1_27' title="bbox 242 1947 1722 1995; baseline -0.001 -15"><span class='ocrx_word' id='word_1_236' title='bbox 242 1954 439 1982; x_wconf 82' lang='lat' dir='ltr'><strong>temeratae</strong></span> <span class='ocrx_word' id='word_1_237' title='bbox 478 1950 599 1982; x_wconf 81' lang='lat' dir='ltr'>matris</span> <span class='ocrx_word' id='word_1_238' title='bbox 636 1955 916 1995; x_wconf 85' lang='lat' dir='ltr'>sanctorumque</span> <span class='ocrx_word' id='word_1_239' title='bbox 958 1951 1119 1983; x_wconf 89' lang='lat' dir='ltr'>omnium</span> <span class='ocrx_word' id='word_1_240' title='bbox 1157 1949 1293 1982; x_wconf 85' lang='lat' dir='ltr'>meritis</span> <span class='ocrx_word' id='word_1_241' title='bbox 1326 1947 1401 1981; x_wconf 86' lang='lat' dir='ltr'>Izid</span> <span class='ocrx_word' id='word_1_242' title='bbox 1437 1947 1619 1981; x_wconf 81' lang='lat' dir='ltr'>extinctus</span> <span class='ocrx_word' id='word_1_243' title='bbox 1653 1950 1722 1987; x_wconf 78' lang='lat' dir='ltr'>est,</span> 
     </span>
     <span class='ocr_line' id='line_1_28' title="bbox 241 1995 1721 2043; baseline -0.002 -15"><span class='ocrx_word' id='word_1_244' title='bbox 241 1995 405 2029; x_wconf 85' lang='lat' dir='ltr'>nondum</span> <span class='ocrx_word' id='word_1_245' title='bbox 433 1997 540 2030; x_wconf 87' lang='lat' dir='ltr'>etiam</span> <span class='ocrx_word' id='word_1_246' title='bbox 567 1999 727 2030; x_wconf 82' lang='lat' dir='ltr'>satanico</span> <span class='ocrx_word' id='word_1_247' title='bbox 754 1998 832 2031; x_wconf 90' lang='lat' dir='ltr'>eius</span> <span class='ocrx_word' id='word_1_248' title='bbox 861 1998 1000 2031; x_wconf 90' lang='lat' dir='ltr'>sancito</span> <span class='ocrx_word' id='word_1_249' title='bbox 1026 1996 1070 2030; x_wconf 86' lang='lat' dir='ltr'>ad</span> <span class='ocrx_word' id='word_1_250' title='bbox 1094 1998 1253 2043; x_wconf 86' lang='lat' dir='ltr'>plurium</span> <span class='ocrx_word' id='word_1_251' title='bbox 1279 2007 1383 2030; x_wconf 83' lang='lat' dir='ltr'>aures</span> <span class='ocrx_word' id='word_1_252' title='bbox 1402 2001 1438 2029; x_wconf 88' lang='lat' dir='ltr'>et</span> <span class='ocrx_word' id='word_1_253' title='bbox 1452 1995 1621 2029; x_wconf 74' lang='lat' dir='ltr'><strong>notitiam</strong></span> <span class='ocrx_word' id='word_1_254' title='bbox 1651 2005 1721 2040; x_wconf 85' lang='lat' dir='ltr'>pu-</span> 
     </span>
     <span class='ocr_line' id='line_1_29' title="bbox 245 2042 1720 2091; baseline -0.001 -16"><span class='ocrx_word' id='word_1_255' title='bbox 245 2043 394 2077; x_wconf 86' lang='lat' dir='ltr'>blicato.</span> <span class='ocrx_word' id='word_1_256' title='bbox 446 2050 485 2078; x_wconf 82' lang='lat' dir='ltr'>at</span> <span class='ocrx_word' id='word_1_257' title='bbox 509 2056 588 2078; x_wconf 86' lang='lat' dir='ltr'>cum</span> <span class='ocrx_word' id='word_1_258' title='bbox 613 2046 810 2091; x_wconf 87' lang='lat' dir='ltr'>imperator</span> <span class='ocrx_word' id='word_1_259' title='bbox 835 2046 908 2079; x_wconf 89' lang='lat' dir='ltr'>Leo</span> <span class='ocrx_word' id='word_1_260' title='bbox 937 2045 1118 2078; x_wconf 85' lang='lat' dir='ltr'>nefandae</span> <span class='ocrx_word' id='word_1_261' title='bbox 1147 2051 1184 2078; x_wconf 87' lang='lat' dir='ltr'>et</span> <span class='ocrx_word' id='word_1_262' title='bbox 1208 2044 1368 2078; x_wconf 85' lang='lat' dir='ltr'>insuavis</span> <span class='ocrx_word' id='word_1_263' title='bbox 1397 2042 1608 2076; x_wconf 88' lang='lat' dir='ltr'>huiusmodi</span> <span class='ocrx_word' id='word_1_264' title='bbox 1634 2053 1720 2087; x_wconf 88' lang='lat' dir='ltr'>pra-</span> 
     </span>
     <span class='ocr_line' id='line_1_30' title="bbox 242 2090 1721 2139; baseline -0.001 -16"><span class='ocrx_word' id='word_1_265' title='bbox 242 2092 366 2124; x_wconf 82' lang='lat' dir='ltr'>vitatis</span> <span class='ocrx_word' id='word_1_266' title='bbox 395 2093 574 2139; x_wconf 68' lang='lat' dir='ltr'>parti&#39;ceps</span> <span class='ocrx_word' id='word_1_267' title='bbox 604 2095 787 2135; x_wconf 78' lang='lat' dir='ltr'><strong>existeret,</strong></span> <span class='ocrx_word' id='word_1_268' title='bbox 811 2094 1007 2127; x_wconf 86' lang='lat' dir='ltr'>multorum</span> <span class='ocrx_word' id='word_1_269' title='bbox 1034 2094 1072 2127; x_wconf 86' lang='lat' dir='ltr'>in</span> <span class='ocrx_word' id='word_1_270' title='bbox 1097 2104 1162 2126; x_wconf 89' lang='lat' dir='ltr'>nos</span> <span class='ocrx_word' id='word_1_271' title='bbox 1189 2093 1365 2126; x_wconf 74' lang='lat' dir='ltr'>maiorum</span> <span class='ocrx_word' id='word_1_272' title='bbox 1401 2097 1531 2125; x_wconf 78' lang='lat' dir='ltr'><strong>auctor</strong></span> <span class='ocrx_word' id='word_1_273' title='bbox 1554 2090 1634 2123; x_wconf 89' lang='lat' dir='ltr'>fuit.</span> <span class='ocrx_word' id='word_1_274' title='bbox 1663 2090 1721 2122; x_wconf 84' lang='lat' dir='ltr'>in-</span> 
     </span>
     <span class='ocr_line' id='line_1_31' title="bbox 244 2137 1719 2186; baseline -0.001 -15"><span class='ocrx_word' id='word_1_275' title='bbox 244 2139 370 2172; x_wconf 85' lang='lat' dir='ltr'>scitiae</span> <span class='ocrx_word' id='word_1_276' title='bbox 409 2151 558 2185; x_wconf 87' lang='lat' dir='ltr'>quoque</span> <span class='ocrx_word' id='word_1_277' title='bbox 592 2153 677 2174; x_wconf 90' lang='lat' dir='ltr'>suae</span> <span class='ocrx_word' id='word_1_278' title='bbox 712 2147 912 2175; x_wconf 83' lang='lat' dir='ltr'>consortem</span> <span class='ocrx_word' id='word_1_279' title='bbox 949 2143 1057 2174; x_wconf 90' lang='lat' dir='ltr'>Beser</span> <span class='ocrx_word' id='word_1_280' title='bbox 1093 2141 1275 2186; x_wconf 81' lang='lat' dir='ltr'>quendam</span> <span class='ocrx_word' id='word_1_281' title='bbox 1310 2139 1460 2172; x_wconf 87' lang='lat' dir='ltr'>nomine</span> <span class='ocrx_word' id='word_1_282' title='bbox 1498 2137 1719 2171; x_wconf 80' lang='lat' dir='ltr'>christianae</span> 
     </span>
     <span class='ocr_line' id='line_1_32' title="bbox 244 2185 1718 2234; baseline -0.001 -15"><span class='ocrx_word' id='word_1_283' title='bbox 244 2186 429 2234; x_wconf 86' lang='lat' dir='ltr'>quondam</span> <span class='ocrx_word' id='word_1_284' title='bbox 455 2188 541 2221; x_wconf 77' lang='lat' dir='ltr'>fidei</span> <span class='ocrx_word' id='word_1_285' title='bbox 566 2190 603 2222; x_wconf 90' lang='lat' dir='ltr'>iu</span> <span class='ocrx_word' id='word_1_286' title='bbox 640 2189 743 2233; x_wconf 85' lang='lat' dir='ltr'>Syria</span> <span class='ocrx_word' id='word_1_287' title='bbox 782 2189 1004 2223; x_wconf 80' lang='lat' dir='ltr'>desertorem</span> <span class='ocrx_word' id='word_1_288' title='bbox 1042 2190 1188 2234; x_wconf 81' lang='lat' dir='ltr'>reperit.</span> <span class='ocrx_word' id='word_1_289' title='bbox 1249 2187 1307 2221; x_wconf 86' lang='lat' dir='ltr'>hic</span> <span class='ocrx_word' id='word_1_290' title='bbox 1331 2192 1428 2220; x_wconf 84' lang='lat' dir='ltr'>certe</span> <span class='ocrx_word' id='word_1_291' title='bbox 1453 2198 1546 2232; x_wconf 84' lang='lat' dir='ltr'>quae</span> <span class='ocrx_word' id='word_1_292' title='bbox 1574 2185 1718 2219; x_wconf 87' lang='lat' dir='ltr'>Christo</span> 
     </span>
     <span class='ocr_line' id='line_1_33' title="bbox 242 2233 1720 2283; baseline -0.001 -16"><span class='ocrx_word' id='word_1_293' title='bbox 242 2241 445 2281; x_wconf 79' lang='lat' dir='ltr'>praestatur</span> <span class='ocrx_word' id='word_1_294' title='bbox 471 2235 686 2270; x_wconf 84' lang='lat' dir='ltr'>credulitate</span> <span class='ocrx_word' id='word_1_295' title='bbox 713 2238 811 2283; x_wconf 84' lang='lat' dir='ltr'>prius</span> <span class='ocrx_word' id='word_1_296' title='bbox 837 2236 1016 2277; x_wconf 85' lang='lat' dir='ltr'>abiurata,</span> <span class='ocrx_word' id='word_1_297' title='bbox 1041 2249 1122 2270; x_wconf 79' lang='lat' dir='ltr'>mox</span> <span class='ocrx_word' id='word_1_298' title='bbox 1142 2236 1280 2269; x_wconf 84' lang='lat' dir='ltr'>haustis</span> <span class='ocrx_word' id='word_1_299' title='bbox 1305 2235 1426 2268; x_wconf 84' lang='lat' dir='ltr'>animo</span> <span class='ocrx_word' id='word_1_300' title='bbox 1451 2234 1609 2268; x_wconf 83' lang='lat' dir='ltr'>Arabum</span> <span class='ocrx_word' id='word_1_301' title='bbox 1637 2233 1720 2277; x_wconf 85' lang='lat' dir='ltr'>opi-</span> 
     </span>
     <span class='ocr_line' id='line_1_34' title="bbox 242 2281 1719 2329; baseline -0.001 -14"><span class='ocrx_word' id='word_1_302' title='bbox 242 2282 415 2316; x_wconf 84' lang='lat' dir='ltr'>nionibus</span> <span class='ocrx_word' id='word_1_303' title='bbox 457 2283 596 2329; x_wconf 82' lang='lat' dir='ltr'>integre</span> <span class='ocrx_word' id='word_1_304' title='bbox 625 2285 812 2327; x_wconf 85' lang='lat' dir='ltr'>imbutus,</span> <span class='ocrx_word' id='word_1_305' title='bbox 837 2296 912 2318; x_wconf 87' lang='lat' dir='ltr'>non</span> <span class='ocrx_word' id='word_1_306' title='bbox 950 2285 1059 2329; x_wconf 80' lang='lat' dir='ltr'>longo</span> <span class='ocrx_word' id='word_1_307' title='bbox 1087 2291 1170 2318; x_wconf 85' lang='lat' dir='ltr'>ante</span> <span class='ocrx_word' id='word_1_308' title='bbox 1197 2283 1286 2316; x_wconf 86' lang='lat' dir='ltr'>haec</span> <span class='ocrx_word' id='word_1_309' title='bbox 1309 2284 1428 2328; x_wconf 90' lang='lat' dir='ltr'>spatio</span> <span class='ocrx_word' id='word_1_310' title='bbox 1454 2294 1579 2316; x_wconf 90' lang='lat' dir='ltr'>eorum</span> <span class='ocrx_word' id='word_1_311' title='bbox 1606 2281 1719 2315; x_wconf 88' lang='lat' dir='ltr'>servi-</span> 
     </span>
     <span class='ocr_line' id='line_1_35' title="bbox 243 2329 1721 2376; baseline -0.001 -12"><span class='ocrx_word' id='word_1_312' title='bbox 243 2336 323 2365; x_wconf 82' lang='lat' dir='ltr'>tute</span> <span class='ocrx_word' id='word_1_313' title='bbox 351 2330 536 2373; x_wconf 81' lang='lat' dir='ltr'>liberatus,</span> <span class='ocrx_word' id='word_1_314' title='bbox 563 2337 600 2366; x_wconf 86' lang='lat' dir='ltr'>et</span> <span class='ocrx_word' id='word_1_315' title='bbox 636 2333 674 2365; x_wconf 89' lang='lat' dir='ltr'>in</span> <span class='ocrx_word' id='word_1_316' title='bbox 699 2334 892 2366; x_wconf 82' lang='lat' dir='ltr'>Romanam</span> <span class='ocrx_word' id='word_1_317' title='bbox 919 2332 1096 2366; x_wconf 79' lang='lat' dir='ltr'>ditionem</span> <span class='ocrx_word' id='word_1_318' title='bbox 1129 2331 1299 2372; x_wconf 82' lang='lat' dir='ltr'>evadens,</span> <span class='ocrx_word' id='word_1_319' title='bbox 1332 2331 1378 2364; x_wconf 91' lang='lat' dir='ltr'>ob</span> <span class='ocrx_word' id='word_1_320' title='bbox 1417 2331 1576 2376; x_wconf 85' lang='lat' dir='ltr'>corporis</span> <span class='ocrx_word' id='word_1_321' title='bbox 1608 2329 1721 2362; x_wconf 84' lang='lat' dir='ltr'>robur</span> 
     </span>
     <span class='ocr_line' id='line_1_36' title="bbox 244 2376 1720 2424; baseline -0.003 -12"><span class='ocrx_word' id='word_1_322' title='bbox 244 2385 282 2412; x_wconf 84' lang='lat' dir='ltr'>et</span> <span class='ocrx_word' id='word_1_323' title='bbox 306 2378 520 2412; x_wconf 85' lang='lat' dir='ltr'>concordem</span> <span class='ocrx_word' id='word_1_324' title='bbox 558 2379 598 2413; x_wconf 87' lang='lat' dir='ltr'>in</span> <span class='ocrx_word' id='word_1_325' title='bbox 630 2379 841 2414; x_wconf 84' lang='lat' dir='ltr'>haeresibus</span> <span class='ocrx_word' id='word_1_326' title='bbox 873 2379 1108 2414; x_wconf 80' lang='lat' dir='ltr'>admittendis</span> <span class='ocrx_word' id='word_1_327' title='bbox 1150 2391 1291 2413; x_wconf 87' lang='lat' dir='ltr'>sensum</span> <span class='ocrx_word' id='word_1_328' title='bbox 1317 2390 1336 2411; x_wconf 87' lang='lat' dir='ltr'>a</span> <span class='ocrx_word' id='word_1_329' title='bbox 1368 2380 1488 2420; x_wconf 84' lang='lat' dir='ltr'>Leone</span> <span class='ocrx_word' id='word_1_330' title='bbox 1514 2376 1720 2424; x_wconf 81' lang='lat' dir='ltr'>praecipuis</span> 
     </span>
     <span class='ocr_line' id='line_1_37' title="bbox 244 2426 1717 2473; baseline -0.002 -13"><span class='ocrx_word' id='word_1_331' title='bbox 244 2426 446 2461; x_wconf 85' lang='lat' dir='ltr'>honoribus</span> <span class='ocrx_word' id='word_1_332' title='bbox 472 2433 639 2473; x_wconf 85' lang='lat' dir='ltr'>acceptus</span> <span class='ocrx_word' id='word_1_333' title='bbox 665 2428 799 2470; x_wconf 84' lang='lat' dir='ltr'>fuerat,</span> <span class='ocrx_word' id='word_1_334' title='bbox 831 2439 873 2460; x_wconf 87' lang='lat' dir='ltr'>ac</span> <span class='ocrx_word' id='word_1_335' title='bbox 901 2427 1072 2473; x_wconf 85' lang='lat' dir='ltr'>deinceps</span> <span class='ocrx_word' id='word_1_336' title='bbox 1093 2427 1200 2460; x_wconf 88' lang='lat' dir='ltr'>huius</span> <span class='ocrx_word' id='word_1_337' title='bbox 1225 2427 1372 2460; x_wconf 73' lang='lat' dir='ltr'>maximi</span> <span class='ocrx_word' id='word_1_338' title='bbox 1398 2428 1484 2461; x_wconf 84' lang='lat' dir='ltr'>mali</span> <span class='ocrx_word' id='word_1_339' title='bbox 1513 2426 1634 2459; x_wconf 85' lang='lat' dir='ltr'>fautor</span> <span class='ocrx_word' id='word_1_340' title='bbox 1659 2429 1717 2457; x_wconf 84' lang='lat' dir='ltr'>at-</span> 
     </span>
     <span class='ocr_line' id='line_1_38' title="bbox 245 2472 1718 2521; baseline -0.003 -14"><span class='ocrx_word' id='word_1_341' title='bbox 245 2487 317 2520; x_wconf 87' lang='lat' dir='ltr'>que</span> <span class='ocrx_word' id='word_1_342' title='bbox 345 2475 490 2509; x_wconf 82' lang='lat' dir='ltr'>adiutor</span> <span class='ocrx_word' id='word_1_343' title='bbox 514 2476 725 2521; x_wconf 82' lang='lat' dir='ltr'>imperatori</span> <span class='ocrx_word' id='word_1_344' title='bbox 750 2476 891 2517; x_wconf 86' lang='lat' dir='ltr'>astitit,</span> <span class='ocrx_word' id='word_1_345' title='bbox 917 2477 975 2509; x_wconf 87' lang='lat' dir='ltr'>cui</span> <span class='ocrx_word' id='word_1_346' title='bbox 1008 2476 1114 2509; x_wconf 87' lang='lat' dir='ltr'>etiam</span> <span class='ocrx_word' id='word_1_347' title='bbox 1153 2476 1245 2509; x_wconf 83' lang='lat' dir='ltr'>male</span> <span class='ocrx_word' id='word_1_348' title='bbox 1274 2486 1440 2509; x_wconf 87' lang='lat' dir='ltr'>assensus</span> <span class='ocrx_word' id='word_1_349' title='bbox 1464 2480 1518 2508; x_wconf 80' lang='lat' dir='ltr'>est</span> <span class='ocrx_word' id='word_1_350' title='bbox 1543 2472 1718 2507; x_wconf 81' lang='lat' dir='ltr'>Nacoliae</span> 
     </span>
     <span class='ocr_line' id='line_1_39' title="bbox 246 2523 1717 2570; baseline -0.001 -15"><span class='ocrx_word' id='word_1_351' title='bbox 246 2523 436 2569; x_wconf 77' lang='lat' dir='ltr'>episeopus</span> <span class='ocrx_word' id='word_1_352' title='bbox 468 2524 523 2558; x_wconf 89' lang='lat' dir='ltr'>vir</span> <span class='ocrx_word' id='word_1_353' title='bbox 558 2523 803 2570; x_wconf 84' lang='lat' dir='ltr'>undequaque</span> <span class='ocrx_word' id='word_1_354' title='bbox 835 2523 1048 2570; x_wconf 84' lang='lat' dir='ltr'>impuritate</span> <span class='ocrx_word' id='word_1_355' title='bbox 1084 2524 1240 2566; x_wconf 86' lang='lat' dir='ltr'>foetens,</span> <span class='ocrx_word' id='word_1_356' title='bbox 1275 2529 1311 2558; x_wconf 92' lang='lat' dir='ltr'>et</span> <span class='ocrx_word' id='word_1_357' title='bbox 1336 2524 1518 2570; x_wconf 85' lang='lat' dir='ltr'>imperitia</span> <span class='ocrx_word' id='word_1_358' title='bbox 1542 2527 1717 2567; x_wconf 86' lang='lat' dir='ltr'>tanquam</span> 
     </span>
     <span class='ocr_line' id='line_1_40' title="bbox 249 2571 811 2617; baseline 0.002 -13"><span class='ocrx_word' id='word_1_359' title='bbox 249 2577 445 2617; x_wconf 75' lang='lat' dir='ltr'>perpetuae</span> <span class='ocrx_word' id='word_1_360' title='bbox 471 2571 567 2605; x_wconf 86' lang='lat' dir='ltr'>vitae</span> <span class='ocrx_word' id='word_1_361' title='bbox 592 2573 689 2606; x_wconf 89' lang='lat' dir='ltr'>socia</span> <span class='ocrx_word' id='word_1_362' title='bbox 715 2583 811 2606; x_wconf 89' lang='lat' dir='ltr'>usus.</span> 
     </span>
     <span class='ocr_line' id='line_1_41' title="bbox 59 2613 1049 2665; baseline -0.001 -11"><span class='ocrx_word' id='word_1_363' title='bbox 59 2613 235 2659; x_wconf 79' lang='lat' dir='ltr'><strong>A·C·7¹6</strong></span> <span class='ocrx_word' id='word_1_364' title='bbox 342 2619 499 2653; x_wconf 88' lang='lat' dir='ltr'>Arabum</span> <span class='ocrx_word' id='word_1_365' title='bbox 522 2619 627 2654; x_wconf 89' lang='lat' dir='ltr'>ducis</span> <span class='ocrx_word' id='word_1_366' title='bbox 648 2622 738 2654; x_wconf 83' lang='lat' dir='ltr'>Isam</span> <span class='ocrx_word' id='word_1_367' title='bbox 762 2631 878 2654; x_wconf 88' lang='lat' dir='ltr'>annus</span> <span class='ocrx_word' id='word_1_368' title='bbox 901 2620 1049 2665; x_wconf 86' lang='lat' dir='ltr'>primus.</span> 
     </span>
    </p>

    <p class='ocr_par' dir='ltr' id='par_1_7' title="bbox 247 2662 1718 2809">
     <span class='ocr_line' id='line_1_42' title="bbox 341 2662 1718 2714; baseline -0.004 -15"><span class='ocrx_word' id='word_1_369' title='bbox 341 2667 442 2701; x_wconf 82' lang='lat' dir='ltr'>Beati</span> <span class='ocrx_word' id='word_1_370' title='bbox 470 2668 643 2714; x_wconf 86' lang='lat' dir='ltr'>Stephani</span> <span class='ocrx_word' id='word_1_371' title='bbox 669 2679 785 2714; x_wconf 86' lang='lat' dir='ltr'>papae</span> <span class='ocrx_word' id='word_1_372' title='bbox 813 2669 964 2702; x_wconf 84' lang='lat' dir='ltr'>Romani</span> <span class='ocrx_word' id='word_1_373' title='bbox 992 2680 1049 2702; x_wconf 88' lang='lat' dir='ltr'>res</span> <span class='ocrx_word' id='word_1_374' title='bbox 1072 2674 1212 2713; x_wconf 80' lang='lat' dir='ltr'>gestas,</span> <span class='ocrx_word' id='word_1_375' title='bbox 1238 2672 1279 2701; x_wconf 87' lang='lat' dir='ltr'>ut</span> <span class='ocrx_word' id='word_1_376' title='bbox 1302 2665 1470 2700; x_wconf 87' lang='lat' dir='ltr'>nimirum</span> <span class='ocrx_word' id='word_1_377' title='bbox 1494 2664 1533 2696; x_wconf 86' lang='lat' dir='ltr'>in</span> <span class='ocrx_word' id='word_1_378' title='bbox 1558 2662 1718 2695; x_wconf 70' lang='lat' dir='ltr'>Franco-</span> 
     </span>
     <span class='ocr_line' id='line_1_43' title="bbox 247 2711 1718 2763; baseline -0.002 -18"><span class='ocrx_word' id='word_1_379' title='bbox 247 2725 323 2746; x_wconf 85' lang='lat' dir='ltr'>rum</span> <span class='ocrx_word' id='word_1_380' title='bbox 359 2715 536 2750; x_wconf 80' lang='lat' dir='ltr'>ditionem</span> <span class='ocrx_word' id='word_1_381' title='bbox 576 2716 779 2763; x_wconf 83' lang='lat' dir='ltr'>profugerit</span> <span class='ocrx_word' id='word_1_382' title='bbox 814 2722 853 2750; x_wconf 87' lang='lat' dir='ltr'>et</span> <span class='ocrx_word' id='word_1_383' title='bbox 888 2716 936 2750; x_wconf 82' lang='lat' dir='ltr'>ad</span> <span class='ocrx_word' id='word_1_384' title='bbox 975 2727 1037 2751; x_wconf 82' lang='lat' dir='ltr'>eos</span> <span class='ocrx_word' id='word_1_385' title='bbox 1065 2716 1273 2763; x_wconf 86' lang='lat' dir='ltr'>pervenerit</span> <span class='ocrx_word' id='word_1_386' title='bbox 1311 2712 1482 2760; x_wconf 83' lang='lat' dir='ltr'>sequenti</span> <span class='ocrx_word' id='word_1_387' title='bbox 1509 2711 1718 2746; x_wconf 82' lang='lat' dir='ltr'>narratione</span> 
     </span>
     <span class='ocr_line' id='line_1_44' title="bbox 249 2772 418 2809; baseline 0.012 -15"><span class='ocrx_word' id='word_1_388' title='bbox 249 2772 418 2809; x_wconf 74' lang='lat' dir='ltr'>exequar.</span> 
     </span>
    </p>
   </div>
  </div>
 </body>
</html>
