1768 3106
246 107 360 164 328
818 125 1165 169 THEOPHAle

244 230 349 270 σι’ων
382 223 484 270 ὄντα
517 228 623 283 πρὸς
663 226 762 277 τούς
812 231 1062 283 βαρβάρους
1102 229 1346 271 α’πὲστειλεν
1386 226 1489 281 πρὸς
1519 228 1721 270 Ἀνταλᾶν

242 298 386 349 εἰπεῖν,
419 295 477 344 ὥς
507 297 625 353 αὐτῷ
655 294 867 350 Γόγθαρις
894 296 1092 349 βούλεται
1121 297 1192 350 τῆς
1207 295 1379 351 Λιβύης
1409 296 1546 350 α’ρχῆς
1577 310 1722 337 κοινω-

241 360 315 404 νόν
343 366 499 416 λαβεῖν.
561 362 581 404 ὃ
618 364 665 405 δὲ
703 364 907 412 Ἀνταλᾶς
936 363 1011 405 τὸν
1048 365 1127 416 μὲν
1157 364 1278 417 λόγον
1309 363 1499 416 ἀσμένως
1529 356 1721 417 ἤκουσεν

110 433 147 468 Ρ.
166 445 229 480 ¹59
242 431 449 487 α’πεκρίθη
480 431 540 484 δέ,
571 429 628 480 ὥς
657 425 733 471 οὔκ
763 432 969 486 α’σφαλῶς
1004 429 1075 471 διὰ
1093 431 1303 484 μαγείρου
1333 428 1384 471 τὰ
1404 430 1582 472 τοιαῦτα
1612 429 1720 470 διοι-

239 500 422 539 κεῖσθαι.
480 499 614 539 ταῦτα
639 496 856 552 Γόγθαρις
886 496 1086 559 α’κούσας,
1122 497 1360 539 Ου’λίσθεον
1381 495 1453 540 τὸν
1483 496 1616 538 αὐτοῦ
1652 497 1760 540 δο-5

240 566 456 620 ρυφόρον,
503 564 561 615 ὥς
597 564 774 616 πιστόν,
826 563 932 621 πρὸς
977 565 1181 607 Ἀνταλᾶν
1210 563 1424 619 ἔπεμψεν,
1463 564 1724 619 παρακαλῶν

239 631 371 675 αὐτὸν
398 630 634 687 πλησιάσαι
663 634 713 690 τῇ
744 631 1011 687 Καρχηδόνι,
1049 629 1164 682 ὅπως
1190 631 1321 674 αὐτὸν
1352 630 1427 675 τὸν
1449 629 1724 687 Ἀρεόβινδον

239 700 379 757 α’νέλή.
443 700 677 748 Ου’λίσθεος
706 700 753 740 δὲ
778 700 837 757 τῷ
864 700 1045 757 Ἀνταλᾷ
1073 700 1220 755 κρυφῇ
1249 701 1495 753 συνέτυχεν,
1523 699 1598 740 καί
1621 714 1722 740 συν-

240 764 480 823 εφώνησαν,
517 765 587 808 ἵνα
617 764 637 806 ὅ
678 767 758 819 μὲν
788 767 992 815 Ἀνταλᾶς
1032 767 1108 808 τοῦ
1136 768 1356 818 Βυζακίου
1387 761 1526 824 ἄρχῃ,
1572 766 1646 806 καί
1673 763 1720 807 τὸ

239 831 371 888 ἥμισυ
402 837 488 875 τῶν
515 833 789 887 Ἀρεοβίνδου
821 833 1054 890 χρημάτων
1084 831 1192 890 λάβῃ
1224 834 1297 875 καί
1322 835 1491 886 χιλιόυς
1520 847 1721 874 πεντακο-
1741 849 1768 875 ιι

240 899 360 951 σιὀυς
387 901 648 955 στρατιώτας
675 900 924 955 ζΡωμαιόυς
947 901 1027 943 σὺν
1049 900 1186 958 αὐτῷ·
1244 897 1462 955 Γόγθαρις
1491 900 1538 941 δὲ
1565 898 1610 942 τὸ
1641 902 1724 954 βα-

240 970 392 1017 σιλέως
421 969 590 1021 ἀξίωμα
622 965 745 1022 λάβοι
775 970 848 1010 καί
877 966 1158 1024 Καρχηδόνος
1190 967 1237 1009 τὸ
1273 966 1434 1022 κράτος.
1463 968 1598 1009 ταῦτα
1629 968 1723 1008 δια-

242 1035 506 1090 πραξάμενος
537 1035 785 1089 Ου’λίσθεος,
816 1037 997 1090 ἐπανῆκε
1024 1033 1131 1090 πρὸς
1147 1035 1415 1090 Γογθάριδα.
1474 1032 1513 1076 οἱ
1538 1035 1586 1076 δὲ
1613 1032 1724 1089 βάρ-

203 1103 366 1157 Ββαροι
396 1102 503 1144 κατὰ
539 1102 818 1159 Καρχηδόνος
848 1105 1013 1161 σπουδῇ
1044 1105 1180 1160 πολλῇ
1207 1099 1349 1159 ᾔεσαν.
1418 1099 1726 1156 καταλαβόντες

242 1172 289 1212 δὲ
318 1168 363 1212 τὸ
395 1171 582 1222 Δέκιμον
611 1174 683 1212 καί
712 1171 1182 1224 στρατοπεδευσάμενοι
1216 1173 1261 1212 ὲν
1289 1170 1407 1228 αὐτῷ
1434 1173 1484 1227 τῇ
1515 1168 1723 1228 ὑστεραίᾳ
1742 1182 1768 1208 1:

240 1237 314 1279 εἠἰ
341 1236 626 1293 Καρχηδόνος
655 1237 862 1292 ἐχώρουν.
934 1237 1270 1288 ὑπαντεύσαντες
1313 1240 1360 1281 δὲ
1390 1239 1467 1280 τοῦ
1492 1238 1726 1290 “Ρωμαι’ων

240 1301 581 1359 στρατεύματος,
615 1305 945 1361 αἠροσδοκήτως
974 1307 1120 1355 αὐτοῖς
1150 1307 1399 1360 συνέβαλον,
1439 1307 1513 1347 καί
1541 1304 1726 1354 πολλοὺς

239 1373 323 1414 τῶν
345 1371 647 1427 ῙΙῙαυρουσίων
676 1371 878 1427 ἔκτειναν,
910 1371 984 1422 οὓς
1015 1371 1065 1428 δὴ
1100 1372 1121 1414 ὅ
1153 1375 1194 1415 Γ
1193 1371 1373 1428 όγθαρις
1416 1373 1598 1424 κακίζων
1630 1372 1726 1413 ἐπέ-

240 1455 449 1494 σκωπτεν,
482 1437 540 1489 ὥς
573 1443 936 1496 θρασυνομένους,
968 1442 1041 1482 καί
1069 1439 1120 1483 τοὶ
1139 1444 1218 1484 τῶν
1240 1440 1472 1494 ζΡωμαίων
1499 1437 1724 1496 πράγματα

338 1605 371 1627 2.
399 1594 545 1640 Λιβύας
575 1596 673 1640 vulg.
797 1596 830 1628 3.
855 1595 927 1642 μὲν
951 1594 1035 1628 add.
1058 1606 1103 1628 ex
1116 1595 1158 1629 A.
1256 1596 1288 1629 5.
1321 1594 1502 1632 Οὒλίθεον
1523 1594 1566 1629 Α.
1687 1594 1720 1628 8.

335 1636 403 1677 τόν
421 1641 607 1679 ’Λνταλᾶν
631 1644 661 1676 Α
687 1653 717 1676 e.
879 1654 930 1676 ιο.
956 1642 1046 1691 λάβῃ
1075 1644 1124 1685 A,
1149 1642 1260 1689 λάβοι
1282 1644 1378 1688 vulg.
1541 1643 1593 1676 ¹6.
1623 1639 1723 1675 ὑπα-

336 1689 522 1732 νὴσαντες
544 1692 585 1725 Α.
690 1702 742 1735 ¹7-
770 1692 976 1736 συνέβαλον
1001 1693 1043 1733 A,
1071 1692 1296 1738 συνέβαλλον
1320 1691 1416 1736 vulg.
1547 1702 1600 1736 ¹9·
1628 1693 1724 1737 θρα-

336 1737 542 1786 συνόμενοι
568 1739 609 1781 Α,
637 1737 930 1787 θρασυνόμενος
953 1739 1050 1784 vulg.

244 1866 498 1899 dimicaturum
533 1866 657 1900 mittit.
716 1865 904 1900 Gottharis
937 1878 981 1900 ex
1006 1866 1190 1900 famulitio
1226 1877 1383 1912 coquum
1406 1864 1632 1898 Maurusium
1659 1874 1724 1908 ge—

243 1925 331 1947 nere
360 1913 406 1946 ad
430 1914 599 1947 Antalam
627 1920 664 1948 et
692 1914 864 1948 barbaros
892 1914 1062 1956 destinat,
1087 1915 1149 1960 qui
1179 1914 1357 1954 referret,
1385 1912 1555 1947 Gotthari
1579 1913 1617 1945 in
1642 1911 1723 1943 ani-

243 1973 302 1995 mo
330 1972 419 2002 esse,
443 1972 530 1994 suae
556 1962 595 1995 in
624 1962 777 2006 Libyam
805 1964 999 2008 potestatis
1028 1963 1205 2006 collegam
1230 1973 1313 1995 eum
1337 1971 1530 1995 assumere.
1577 1959 1725 1993 Antalas

243 2009 416 2043 nuncium
455 2010 600 2055 excepit
627 2010 764 2043 laetus:
800 2010 990 2057 respondit
1028 2016 1160 2052 autem,
1188 2009 1287 2042 haud
1315 2014 1394 2043 tuto
1423 2008 1532 2053 coqui
1558 2006 1726 2040 manibus

243 2056 456 2090 huiusmodi
482 2058 668 2102 negotium
696 2060 852 2091 tractari.
904 2058 960 2092 his
987 2058 1145 2104 acceptis
1162 2057 1366 2090 Ulistheum
1394 2068 1413 2089 e
1433 2055 1631 2089 satellitum
1657 2066 1727 2087 nu-

243 2115 344 2138 mero
375 2104 590 2137 fidissimum
619 2105 666 2138 ad
692 2107 856 2139 Antalam
883 2100 1071 2140 Gottharis
1110 2105 1274 2145 remittit,
1311 2103 1482 2150 precibus
1507 2102 1576 2136 hoe
1604 2113 1726 2147 agenS,

245 2158 288 2186 ut
314 2151 522 2196 Carthagini
548 2153 702 2186 vicinior
726 2154 856 2195 factus,
881 2154 1129 2188 Areobindum
1158 2164 1176 2186 e
1205 2151 1327 2185 medio
1355 2151 1487 2184 tollere
1519 2155 1723 2184 conaretur.

246 2199 432 2234 Ulistheus
458 2199 614 2233 subinde
650 2211 729 2232 cum
758 2202 888 2235 Antala
915 2202 1073 2236 latenter
1106 2212 1315 2245 congressus
1346 2210 1415 2232 una
1453 2199 1656 2244 paciscitur,
1686 2203 1728 2230 ut

245 2248 395 2283 Antalas
421 2248 562 2290 Byzacii
600 2247 809 2293 principatu
841 2256 1039 2295 occupato,
1078 2249 1291 2282 facultatum
1331 2246 1533 2280 Areobindi
1568 2245 1727 2279 mediam

247 2301 405 2331 sumeret
439 2300 600 2339 partem,
629 2306 670 2328 ac
707 2296 857 2342 insuper
883 2308 926 2330 ex
958 2297 1128 2331 Romanis
1160 2295 1339 2329 militibus
1377 2295 1479 2329 mille
1505 2294 1726 2340 quingentos

247 2356 368 2378 secum
409 2341 578 2376 haberet:
625 2342 814 2377 Gottharis
851 2350 985 2387 autem,
1011 2344 1240 2391 imperatoris
1278 2343 1471 2388 assumptis
1511 2340 1726 2386 insignibus,

247 2390 465 2435 Carthagine
489 2391 620 2424 solium
637 2390 782 2436 imperii
807 2391 955 2426 locaret.
1005 2393 1119 2439 pactis
1144 2390 1354 2424 huiusmodi
1377 2390 1537 2430 firmatis,
1571 2388 1618 2422 ad
1635 2389 1728 2423 Got-

246 2440 378 2474 tharim
402 2437 587 2472 Ulistheus
615 2439 813 2473 revertitur.
871 2439 957 2473 hinc
983 2439 1129 2473 barbari
1164 2440 1365 2472 accelerata
1401 2437 1648 2484 expeditione,
1686 2436 1727 2469 in

247 2487 500 2532 Carthaginem
526 2487 687 2520 irruunt:
714 2492 750 2520 et
774 2487 891 2532 primo
918 2487 1068 2533 quidem
1095 2487 1281 2520 Decimum
1307 2486 1476 2532 profecti,
1504 2490 1618 2519 castra
1646 2495 1726 2517 me-

246 2536 315 2570 tati
343 2540 440 2576 sunt,
476 2533 655 2581 postridie
683 2534 729 2568 ad
758 2534 874 2580 ipsam
901 2534 1154 2580 Carthaginem
1192 2535 1388 2581 applicant.
1440 2545 1461 2567 a
1483 2534 1727 2567 Romanorum

248 2589 369 2617 autem
409 2582 570 2616 exercitu
611 2582 752 2616 obviam
788 2582 884 2616 facto
921 2584 1085 2629 excepti,
1122 2582 1169 2616 ad
1191 2584 1462 2628 inexpectatum
1502 2579 1728 2614 descendunt

247 2632 439 2677 praelium,
467 2641 541 2677 quo
566 2630 716 2676 plurimi
740 2630 1008 2665 Maurusiorum
1034 2631 1141 2664 caesi.
1203 2633 1384 2664 Romanos
1414 2629 1559 2663 demum
1585 2627 1727 2673 probris

249 2678 554 2726 contumeliisque
590 2680 760 2716 affectos.
795 2684 970 2725 tanquam
1014 2679 1079 2724 qui
1105 2679 1216 2712 nimia
1245 2677 1329 2711 freti
1354 2677 1506 2711 audacia
1530 2677 1726 2710 Romanam

249 2738 322 2760 rem
349 2728 389 2762 in
414 2726 605 2761 discrimen
630 2725 867 2768 adducerent,
886 2725 1072 2761 Gottharis
1097 2726 1191 2760 male
1211 2725 1364 2772 accepit.
1414 2731 1595 2760 caeterum
1610 2724 1725 2757 Areo-
