1708 3172
526 195 872 238 THEOPHANIS
912 194 1057 236 vlTA.
1431 197 1523 236 XXI

63 298 138 339 λὲα
166 293 270 352 πρὸς
294 296 427 351 με’γαν
457 296 696 352 ἐξερεθίσαι
711 295 863 348 θυμόν.
919 298 1047 339 Λέων
1078 296 1125 336 δὲ
1154 289 1274 344 οὗτος
1303 290 1375 349 ἢν,
1401 294 1423 336 ὁ
1453 297 1529 338 τοῦ

63 361 364 418 Κοπρωνὺμου
393 361 486 411 υἱὸς
514 362 587 406 καί
616 361 827 417 διάδοχος,
857 360 904 412 ὃς
921 361 994 404 τὸν
1022 364 1114 405 νέον
1131 361 1429 416 ὑπεραλγήσας
1456 365 1530 406 καί

61 430 135 473 τὸν
168 430 318 472 οἰκεῖον
348 431 475 486 φίλον
497 425 641 484 τιμῶν,
670 431 869 484 ὀμμάτων
904 431 1041 481 δεῖξαι
1070 427 1303 483 χηρεύοντα
1332 428 1404 470 τὸν
1434 445 1530 470 νεα-

62 499 171 553 νίαν,
199 499 241 540 εἰ
262 496 322 553 μὴ
353 501 426 553 τῆς
455 498 732 552 ἐγχειρήσεως
763 499 953 553 ἐκσταίη,
981 495 1062 538 στὶν
1093 493 1233 551 ὅρκοις
1262 497 1528 551 διηπειλεῖτο·

26 566 137 607 5καί
160 563 265 618 πρὸς
305 563 380 619 τήν
416 565 601 616 Κύζικον
643 566 963 619 ἐξαπέστειλεν,
1005 560 1237 617 ἀξιόχρεων
1277 561 1530 617 ἐγχειρήσας

62 629 322 686 πραγμάτων
352 632 580 687 διοίκησιν,
609 631 667 680 ὥς
695 626 747 672 ἂν
775 636 864 679 τοῖς
891 632 1089 684 ματαίοις
1122 631 1194 671 καί
1220 631 1277 686 τῷ
1292 627 1432 687 χρόνῳ
1450 646 1532 671 πα·

63 701 319 754 ραρρὲουσιν
348 698 526 753 ἀγεννῶς
557 697 938 753 ἐνασχολοιῗμενος,
968 694 1078 754 λήθῃ
1106 699 1321 751 παραθοίη
1350 698 1435 737 τῶν
1462 695 1534 738 ιῖεἰ

61 762 253 807 ἑστώτων
283 764 359 820 τὴν
387 766 577 819 α’γλαΐαν.
607 764 629 806 ὅ
661 767 708 806 δὲ
736 762 877 819 ὥσπερ
909 759 1087 818 ἓρμαῖον
1116 763 1194 819 τὴν
1223 760 1365 814 ἔξοδον
1393 764 1532 805 α’σπα-

62 828 256 887 σάμενος,
285 831 558 885 ἐπιτυγχάνει
586 830 692 873 κατὰ
722 831 796 886 τὴν
815 832 888 873 ἐπὶ
906 828 1132 886 Σιγριανὴν
1157 828 1343 886 πάροδον
1369 831 1532 885 γέροντι

4 900 116 942 ποτὰ
145 895 284 940 πάντα
313 897 568 956 θαυμασίῳ,
594 900 636 940 Γ
635 899 814 955 ρηγορίῳ
843 897 1041 953 τοῦνομα,
1083 898 1198 952 εἰπερ
1229 895 1302 938 καί
1327 895 1532 949 ὀνόματος

62 963 164 1022 ἡμῖν
189 968 334 1021 μέλει,
366 961 509 1015 ἄλλοις
542 981 588 1007 τε
617 967 959 1022 κατηγλαϊσμένῳ
994 964 1235 1018 χαρίσμασι
1264 965 1337 1005 καί
1362 979 1531 1019 προφη-

61 1035 179 1081 τείας
204 1028 354 1087 χάριτι
380 1034 653 1091 λαμπομένῳ·
719 1030 763 1081 ὃς
800 1036 970 1081 πολλοῖς
1008 1029 1161 1087 ἱδρῶσι
1192 1033 1423 1084 ἐλευθέραν
1450 1033 1533 1072 τῶν

60 1101 213 1142 παθῶν
241 1098 319 1155 τήν
346 1096 504 1141 ἑαυτοῦ
531 1102 709 1154 καρδίαν
738 1100 1095 1154 ἀπεργασάμενος,
1127 1098 1232 1154 πρός
1258 1113 1302 1140 τε
1329 1096 1532 1139 θεοπτιάν

61 1168 295 1222 ἐπιτήδειος
321 1166 396 1209 καί
422 1165 529 1222 πρὸς
555 1169 633 1208 τοῦ
662 1169 883 1220 μέλλοντος
917 1164 1167 1222 κατανόησιν
1196 1162 1403 1219 ἐγεγόνει·
1461 1165 1533 1206 καὶ

1 1234 49 1277 15
62 1234 113 1276 τοὶ
143 1235 216 1289 τῆς
244 1237 487 1288 προθέσεως
529 1233 754 1289 ἀνατίθησι
771 1269 782 1289 ,
812 1232 886 1275 καί
909 1231 987 1287 τὴν
1015 1234 1251 1289 φυγαδειάν
1279 1230 1326 1273 ἐν
1356 1234 1532 1286 βουλαῖς

61 1296 196 1343 οὖσαν
236 1297 372 1359 [ὅσον]
411 1300 821 1357 ὖποκαθυποφαίνει.
889 1301 910 1341 ὁ
943 1301 990 1342 δὲ
1030 1298 1228 1354 συνήθως
1255 1300 1311 1357 ‘trgi
1341 1300 1533 1356 παναγίῳ

59 1368 383 1424 καταλαμφθεὶς
407 1367 638 1424 πνεύματι,
669 1368 794 1410 οὐδὲν
827 1368 898 1409 δεῖ
912 1383 995 1423 σοι,
1023 1367 1142 1423 φησί,
1174 1368 1247 1420 τῆς
1278 1364 1530 1422 φυγαδείας,

60 1429 96 1476 (ὅ
125 1437 290 1491 νεανιά,
316 1440 408 1489 μετ’
442 1435 579 1488 ὀλίγον
608 1435 824 1477 ἀκωλύτου
854 1436 929 1490 τῆς
966 1433 1282 1488 ἀναχωρήσεως
1313 1432 1531 1485 ἐσομένης.

61 1501 85 1543 ὅ
114 1501 196 1558 γὰρ
229 1501 305 1552 σὸς
344 1502 546 1558 κηδευτὴς
579 1499 670 1556 ἅμα
712 1504 771 1559 τῷ
799 1502 1068 1556 βασιλεύοντι
1092 1503 1165 1555 τῆς
1192 1497 1410 1555 παρούσης
1438 1500 1532 1551 βιο-

0 1581 48 1608 20
61 1571 132 1624 τῆς
161 1569 452 1626 ἀπωσθέντες,
487 1567 594 1624 πρὸς
630 1568 705 1624 τήν
735 1571 870 1612 ἐκεῖσε
909 1564 1349 1622 μετακομισθήσονται
1385 1579 1532 1607 συνοι-

60 1638 167 1677 κιάν.
223 1638 297 1678 καί
341 1639 395 1694 τῇ
431 1635 617 1695 συνούσῃ
662 1636 871 1692 ψιθύροις
903 1633 1112 1692 ἐπεφώνει
1139 1638 1228 1684 τοῖς
1253 1635 1444 1689 χείλεσι,
1472 1631 1531 1682 ὥς

153 1773 189 1814 4.
219 1772 425 1816 διηπειλῆτο
451 1773 530 1807 Par.
657 1773 709 1806 16.
735 1771 829 1810 ὅσον
864 1770 1059 1806 delendum
1084 1769 1237 1805 videtur.
1369 1768 1424 1802 ιθ.
1449 1768 1529 1814 μετ’

155 1821 283 1868 ὀλίγου
310 1821 386 1855 Par.

60 1947 232 1989 habebat,
260 1948 451 1981 consilium
475 1946 528 1980 sic
550 1956 655 1991 aegre
679 1946 788 1988 tulit,
811 1950 852 1979 ut
888 1945 1006 1991 ipsum
1035 1954 1184 1990 quoque
1207 1943 1460 1988 imperatorem
1487 1939 1527 1973 in

60 2007 224 2041 maguam
250 1996 537 2042 indignationem
564 1994 761 2040 impulerit.
825 1995 900 2027 Leo
929 1992 988 2026 hic
1013 1992 1085 2025 fuit
1110 1990 1329 2037 copronymi
1354 1989 1461 2029 filius,
1484 1999 1529 2020 ac

59 2045 205 2090 imperii
218 2043 332 2078 heres.
382 2044 414 2077 is
438 2043 678 2077 adolescentis
702 2043 815 2075 vicem
832 2040 972 2081 dolens,
998 2039 1256 2086 propriumque
1280 2037 1431 2070 amicum
1455 2034 1525 2068 ho-

60 2104 202 2133 norans,
226 2091 461 2125 iureiurando
486 2091 722 2124 comminatus
751 2095 805 2123 est
830 2100 868 2122 se
893 2087 1116 2121 adolescenti
1150 2086 1273 2119 oculos
1299 2086 1525 2123 effossurum,

19 2169 21 2171 .
59 2140 131 2173 nisi
156 2152 176 2173 a
200 2140 390 2185 proposito
411 2139 611 2173 desisteret.
660 2137 760 2170 misit
782 2137 906 2183 itaque
931 2136 1110 2180 Cyzicum,
1134 2144 1336 2178 munusque
1361 2132 1527 2177 praecla-

60 2199 138 2220 rum
166 2188 364 2228 commisit,
394 2193 436 2221 ut
457 2186 540 2220 dum
567 2185 676 2219 rebus
699 2185 814 2227 vanis,
840 2196 880 2217 ac
905 2194 998 2230 quae
1025 2189 1189 2227 tempore
1218 2180 1398 2220 diffluunt,
1420 2180 1525 2224 igna-

58 2236 153 2269 viter
174 2235 414 2280 impenditur,
436 2245 558 2267 earum
596 2244 690 2279 qnae
725 2243 867 2277 semper
892 2236 1126 2277 permanent,
1154 2229 1438 2263 oblivisceretur.
1487 2231 1527 2258 at

60 2283 126 2316 ille.
151 2289 323 2329 tanquam
351 2283 524 2319 oblatum,
552 2281 650 2328 quod
677 2280 766 2313 urbe
793 2279 996 2313 exeundum
1025 2284 1131 2318 esset,
1155 2277 1352 2320 amplexus,
1377 2284 1524 2319 remque

59 2330 230 2364 lubenter
252 2330 409 2373 habens3
439 2330 524 2363 dum
553 2328 649 2375 apud
674 2329 873 2372 Sigrianem
898 2327 1049 2367 transit,
1085 2323 1295 2357 admirando
1323 2323 1401 2356 seni
1429 2322 1525 2355 Gre-

60 2378 161 2423 gorio
188 2379 346 2417 nomine‚
370 2380 447 2411 viro
472 2389 552 2410 cum
586 2377 665 2409 aliis
693 2376 819 2416 donis,
857 2381 932 2409 tum
970 2372 1184 2419 prophetiae
1223 2371 1337 2416 gratia
1365 2369 1524 2408 illustri,

61 2426 226 2460 occurrit.
275 2425 400 2459 multis
426 2425 522 2458 enim
551 2425 581 2458 is
607 2423 800 2457 sudoribus
834 2423 991 2456 animum
1021 2433 1040 2453 a
1068 2418 1405 2466 perturbationibus
1429 2417 1525 2449 libe-

61 2485 152 2513 rum,
178 2484 289 2519 seque
309 2479 384 2507 tum
409 2472 455 2506 ad
472 2472 812 2517 contemplationem
842 2482 957 2503 rerum
973 2468 1189 2509 divinarum,
1213 2473 1290 2501 tum
1319 2466 1364 2498 ad
1391 2475 1527 2504 eorum,

62 2532 153 2566 quae
178 2526 332 2554 ventura
358 2526 489 2561 essent,
515 2521 770 2564 cognitionem,
804 2524 926 2563 aptum
954 2515 1170 2550 reddiderat.
1220 2514 1305 2547 huie
1327 2511 1524 2556 Theopha-

61 2579 126 2601 nes
152 2568 261 2601 animi
300 2569 356 2601 sui
392 2569 617 2614 propositum
644 2567 782 2612 aperit,
817 2577 858 2598 ac
895 2577 932 2598 se
956 2565 1076 2608 fugam
1110 2562 1276 2596 meditari
1305 2559 1522 2594 subindicat.

62 2615 126 2648 ille
157 2621 279 2649 sancto
305 2616 458 2660 spiritu,
496 2621 538 2648 ut
570 2620 647 2648 erat
674 2614 823 2654 solitus,
859 2613 1078 2646 illustratus:
1114 2610 1208 2644 nihil
1232 2615 1306 2648 est,
1346 2606 1478 2652 inquit,
1504 2617 1529 2638 o

62 2663 213 2703 iuvenis,
238 2663 470 2709 quamobrem
509 2662 557 2696 de
583 2663 666 2706 fuga
700 2662 855 2705 cogites:
889 2660 1001 2706 paulo
1042 2664 1126 2704 post
1158 2658 1252 2691 enim
1294 2654 1419 2688 licebit
1443 2652 1525 2693 tibi,

60 2710 210 2743 nemine
235 2710 464 2754 prohibente,
498 2710 544 2744 ad
569 2708 803 2743 solitudinem
834 2713 870 2741 te
898 2707 1074 2741 conferre.
1125 2712 1207 2739 tuus
1231 2713 1387 2747 namque
1413 2711 1528 2740 socer,

61 2768 204 2791 necnon
233 2757 428 2802 imperator
452 2759 544 2793 vivis
570 2757 726 2802 exempti
751 2756 797 2790 ad
825 2756 905 2789 aevi
934 2755 1047 2788 futuri
1073 2751 1351 2787 contubernium
1376 2748 1525 2781 commi-

63 2805 229 2849 grabunt.
279 2811 354 2839 tum
380 2807 493 2847 uxori,
518 2817 612 2852 quae
639 2816 758 2839 comes
783 2809 884 2845 erat,
906 2803 1014 2837 labiis
1038 2800 1084 2835 ad
1110 2812 1215 2834 aures
1238 2802 1412 2838 susurrat,
1436 2795 1527 2836 fore,
