1768 3106
241 115 353 172 582
799 132 1146 174 Tt-IEOPHAMS

236 234 503 290 παραχρῆμα
533 235 670 277 ταῦτα
700 231 850 289 δόντες,
879 237 1123 289 παρέλαβον
1142 233 1213 277 τὸν
1232 234 1487 277 Φιλιππικὸν
1513 237 1712 289 βασιλέα.

99 305 281 346 Ρ.3ι8ε“ν
326 304 373 344 δὲ
416 303 477 359 τῷ
510 302 725 356 χρονίζειν
759 301 830 344 τὸν
860 300 1030 356 στόλον,
1061 304 1281 359 α’ναφορᾶς
1311 318 1356 344 τε
1398 300 1457 357 μὴ
1490 299 1714 358 ἐλθούσης,

233 368 499 424 ἐστοχάσατο
541 366 833 418 Ἰουστινιανός
876 366 952 424 τὴν
995 370 1156 425 αἰτίαν,
1191 371 1266 411 καί
1293 368 1455 426 ἐπάρας
1485 367 1566 411 σὺν
1599 369 1712 428 αὐτῷ

232 435 330 486 τοὺς
355 438 430 479 τοῦ
452 435 660 490 Ὀψικίου,
690 435 764 477 καί
790 438 921 489 μέρος
952 436 1217 494 Θρᾳκησίων,
1258 437 1440 492 α’νῆλθεν
1467 437 1546 485 ἕως
1575 437 1710 479 Σινώ-

229 519 311 559 πης
339 500 446 558 πρὸς
476 501 524 544 τὸ
557 503 786 557 διαγνῶναι
814 500 866 544 τά
907 503 952 544 έν
981 504 1196 559 Χερσῶνι.
1253 505 1298 546 ἐν
1327 504 1373 546 δὲ
1401 505 1461 562 τῷ
1490 503 1748 554 σκοπεύειν5

228 570 363 614 αὐτὸν
391 569 446 612 τὰ
477 567 684 624 περατικιὶ
715 572 838 626 μέρη,
868 567 951 628 ὁρᾷ
979 569 1048 612 τὸν
1092 571 1241 613 στόλον
1272 571 1344 613 ἐπὶ
1371 569 1447 626 την
1476 569 1599 613 πόλιν
1629 570 1709 624 ἆρ-

225 639 463 692 μενιζοντα,
489 639 564 679 καί
588 635 750 691 βρύξας
779 637 837 688 ὥς
858 639 977 694 λέων,
1008 639 1081 680 καί
1110 637 1241 688 αὐτός
1269 637 1342 681 ἐπὶ
1366 636 1444 695 τὴν
1473 636 1591 681 πόλιν
1622 634 1709 693 ὦρ-

224 721 373 761 μησεν.
431 707 511 747 τοῦ
539 706 585 748 δὲ
617 707 879 747 Φιλιππικοῦ
908 703 1208 762 προλαβόντος,
1240 707 1315 748 καί
1343 705 1421 761 τὴν
1448 703 1573 748 πόλιν
1604 723 1708 762 κρα·

223 770 442 827 τήσαντος,
475 771 607 822 αὐτὸς
638 774 710 815 ἐπὶ
740 771 813 815 τὸν
843 771 1087 829 Λαματρύν
1116 772 1256 816 ἐλθών
1285 775 1331 817 ἐν
1363 774 1480 831 αὐτῷ
1506 770 1589 816 σύν
1618 779 1708 823 τοῖς

225 840 362 882 αὐτοῦ
389 842 653 895 η’πλίκευσεν.
715 837 736 882 ὃ
768 841 815 883 δὲ
837 838 1096 891 Φιλιππικὸς
1125 842 1374 883 α’ποστέλλει
1403 841 1568 890 εΰθέως
1595 838 1703 883 κατὰ
1724 863 1768 890 10

183 918 209 951 Β
221 910 301 960 μὲν
327 910 404 950 τοῦ
439 911 637 963 Τιβερίου
670 909 858 963 Μαῦρον
902 906 977 949 τόν
1011 911 1233 962 πατρίκιον
1278 908 1359 951 σύν
1381 904 1553 966 Ἰωάννῃ
1594 925 1704 951 σπα-

220 976 375 1034 θαρίῳ,
404 977 464 1034 τῷ
491 977 663 1032 ἐπίκλην
677 974 897 1035 Στρούθῳ,
929 975 1001 1018 τὸν
1024 977 1070 1018 δὲ
1097 971 1248 1019 Ἠλίαν
1265 976 1423 1030 ὁμοίως
1439 974 1549 1030 μετὰ
1578 977 1704 1029 κούρ-

222 1057 301 1084 σου
333 1041 440 1085 κατὰ
473 1044 772 1086 Ἰουστινιανοῦ
812 1045 874 1094 εἰς
918 1042 993 1086 τόν
1022 1044 1275 1100 Δαματρύν,
1304 1046 1377 1086 καί
1404 1043 1549 1100 ἕτερον
1573 1043 1704 1087 πάλιν

221 1109 324 1152 κατὰ
356 1112 431 1152 τοῦ
448 1114 778 1165 Βασβακουριόυ
810 1112 938 1170 φυγῇ
962 1110 1255 1167 χρησαμένου.
1314 1112 1388 1154 καί
1418 1109 1441 1152 ὅ
1468 1114 1548 1166 μὲν
1566 1115 1702 1155 Μαῦ-

221 1193 294 1232 ρος
323 1174 415 1232 ἅμα
456 1181 535 1221 τοῦ
581 1178 784 1235 ῥηθέντος
815 1178 1039 1232 Στρούθου
1078 1180 1125 1221 ἐν
1161 1181 1433 1234 Βλαχερναῖς
1462 1181 1701 1236 πορευθείς,
1721 1184 1768 1226 ι5

221 1239 347 1300 εὗρεν
375 1244 445 1288 τὸν
477 1248 676 1301 Τιβέριον
704 1249 939 1298 κρατοῦντα
969 1247 1024 1304 τῇ
1055 1247 1137 1304 μιᾷ
1169 1248 1289 1301 χειρί
1310 1244 1358 1289 τὸ
1389 1244 1600 1289 κιονοῖκιον
1629 1248 1701 1302 τῆς

218 1309 344 1367 ἇγιάς
381 1316 593 1370 τραπέζης
618 1316 696 1356 τοῦ
723 1314 1037 1370 θυσιαστηρίου
1067 1316 1140 1370 τῆς
1167 1313 1290 1370 ἁγίας
1319 1313 1600 1371 θεομήτορος,
1630 1311 1705 1358 καὶ

217 1381 271 1438 τῇ
300 1377 422 1439 ἑτέρᾳ
450 1383 571 1435 τίμια
600 1380 709 1433 ξύλα
738 1384 812 1423 καί
839 1384 885 1424 ἐν
914 1383 972 1439 τῷ
1001 1381 1198 1440 τραχήλῳ
1221 1380 1433 1439 φυλακτά,
1461 1380 1621 1435 ἔξωθεν
1653 1384 1702 1426 δὲ

218 1450 295 1489 τοῦ
324 1447 516 1503 βήματος
557 1450 964 1504 παρακαθεζομένην
1004 1449 1287 1492 Ἀναστασιάν
1322 1448 1398 1505 τὴν
1427 1453 1506 1493 τοῦ
1534 1449 1698 1505 πατρὸς

176 1515 354 1567 cathos}
390 1517 578 1571 μητέρα,
621 1513 716 1571 ἥτις
760 1522 847 1567 τοῖς
899 1517 1001 1558 ποσὶ
1042 1518 1118 1558 τοῦ
1155 1515 1350 1572 Μαύρου
1389 1518 1693 1575 κυλινδουμένη
1708 1537 1761 1565 20

213 1581 355 1638 ᾐτεῖτο
387 1582 448 1638 μή
483 1584 801 1638 ἀποκτανθῆναι
829 1581 903 1625 τὸν
933 1579 1069 1639 αὐτῆς
1100 1582 1248 1639 ἔγγονα
1287 1584 1496 1641 Τιβέριον,
1524 1585 1581 1635 ὥς
1610 1603 1694 1641 μη..

214 1651 287 1692 ὁὲν
313 1645 473 1693 ἄτοπον
502 1647 733 1707 πράξαντα.
792 1651 927 1707 αὐτῆς
954 1651 1001 1693 δὲ
1028 1650 1128 1702 τούς
1149 1650 1283 1702 πόδας
1311 1651 1466 1695 τούτου
1488 1650 1695 1708 κατεχού-

313 1786 366 1809 ιι.
395 1778 601 1823 σπαθαρίῳ
639 1775 680 1817 A,
705 1779 892 1831 πτιτριεείςιι
910 1777 1008 1821 vulg.
1112 1776 1164 1822 14.
1187 1780 1435 1827 χρησαμένου
1460 1779 1502 1820 Α,
1525 1790 1690 1828 χρησομ.

306 1824 403 1869 vulg.
530 1827 581 1859 18.
607 1828 713 1873 τίμια
737 1825 779 1866 A,
807 1838 852 1860 τα
877 1828 984 1873 τίμια
1016 1826 1113 1870 vulg.

211 1942 293 1984 sibi,
321 1948 357 1976 et
384 1955 448 1989 pro
472 1943 697 1989 singulorum
732 1945 912 1990 capitibus
938 1956 1124 1978 nummum
1159 1957 1271 1979 unum
1300 1945 1451 1980 concedi
1480 1951 1688 1992 expetente,

210 1990 268 2023 illi
294 2003 430 2024 summa
456 1993 634 2037 pecuniae
660 1994 851 2027 confestim
875 1998 1065 2027 numerata
1090 1993 1334 2039 Philippicurn
1358 1995 1612 2040 imperatorem
1638 1996 1689 2029 si-

207 2038 287 2071 mul
312 2045 539 2084 acceperunt.
588 2041 735 2075 interim
774 2042 887 2075 classe
915 2053 1072 2083 moram,
1104 2047 1144 2076 ut
1174 2042 1388 2084 videbatur,
1420 2041 1689 2078 diuturniorem

209 2092 352 2131 agente,
377 2087 562 2134 nullisque
602 2087 647 2122 de
674 2095 840 2135 suscepta
866 2089 1101 2136 expeditione
1134 2101 1155 2122 a
1180 2089 1333 2123 ducibus
1357 2090 1515 2136 acceptis
1540 2091 1688 2134 litteris,

207 2134 431 2168 lastinianus
455 2147 599 2169 causam
625 2137 851 2171 coniectatus
873 2144 938 2173 est.
990 2137 1130 2171 eductis
1155 2138 1280 2183 itaque
1310 2149 1428 2172 secum
1457 2138 1687 2184 Opsiciorum

206 2193 317 2216 manu
344 2188 382 2215 et
404 2182 666 2217 Thracensium
700 2185 844 2232 aliquot
882 2186 1079 2231 manipulis
1114 2184 1160 2218 de
1199 2197 1315 2219 rerum
1343 2186 1550 2220 Chersonae
1568 2193 1688 2232 gesta-

207 2241 286 2263 rum
322 2242 487 2264 successu
516 2232 769 2277 exploraturus
798 2234 960 2279 Sinopen
1003 2233 1205 2267 contendit.
1266 2234 1375 2279 igitur
1403 2235 1487 2268 dum
1516 2237 1686 2281 superio-

206 2289 263 2311 res
290 2278 398 2312 maris
421 2279 585 2323 regiones
622 2281 841 2325 speculatur,
867 2282 1016 2315 classem
1043 2286 1140 2314 recta
1173 2281 1212 2315 in
1239 2282 1362 2315 urbem
1390 2283 1527 2330 apertis
1552 2295 1686 2318 secun-

206 2326 337 2372 disque
355 2326 445 2360 velis
462 2326 619 2360 delatam
638 2329 889 2374 conspicatur,
918 2330 1112 2375 rugituque
1137 2329 1253 2364 leonis
1270 2330 1383 2364 instar
1405 2332 1543 2376 ingenti
1572 2331 1686 2374 edito,

204 2374 283 2419 ipse
307 2375 444 2420 pariter
469 2375 508 2409 in
533 2375 660 2409 urbem
693 2376 765 2409 iter
803 2382 840 2410 et
867 2377 1042 2422 impetum
1079 2376 1211 2421 dirigit.
1261 2384 1411 2413 conatus
1438 2381 1515 2413 eius
1541 2379 1684 2426 Philip-

202 2422 287 2466 pico
311 2434 374 2456 sua
399 2422 591 2469 diligentia
618 2430 869 2470 praevertente
896 2430 933 2458 et
964 2424 1090 2458 urbem
1116 2433 1418 2471 praeoccupante,
1443 2428 1522 2473 ipse
1546 2428 1683 2462 Dama-

203 2475 295 2513 trym
320 2471 482 2512 accessit,
509 2476 547 2505 et
573 2471 619 2505 ad
652 2483 730 2505 eam
759 2483 839 2505 cum
869 2473 942 2506 suis
968 2478 1082 2506 castra
1117 2474 1306 2519 applicuit.
1334 2475 1557 2522 Philippicus
1583 2488 1682 2510 mora

203 2518 303 2551 omni
337 2519 486 2565 penitus
521 2519 683 2561 abiecta,
715 2520 881 2553 Maurum
919 2520 1109 2566 patricium
1144 2527 1180 2555 et
1215 2524 1401 2564 Ioannem,
1440 2531 1682 2570 cognomento

201 2565 411 2608 Struthum,
437 2567 532 2613 paris
557 2567 745 2613 dignitatis
781 2568 896 2602 virum
916 2593 926 2609 ,
962 2567 1131 2602 adversus
1161 2570 1348 2604 Tiberium
1384 2573 1573 2619 Eliainque
1600 2584 1681 2606 cum

201 2614 456 2658 expeditorum
490 2623 527 2650 et
550 2616 652 2650 velut
677 2615 722 2649 ad
751 2616 920 2662 praedam
948 2622 1153 2662 paratorum
1187 2620 1345 2653 militum
1371 2633 1480 2655 manu
1507 2621 1544 2654 in
1570 2621 1680 2654 Iusti-

199 2661 349 2695 nianum
376 2663 545 2708 Damatry
581 2669 766 2710 receptum
786 2690 795 2705 ,
831 2670 869 2698 et
892 2664 1003 2697 alium
1030 2665 1177 2700 tandem
1213 2667 1384 2702 adversus
1411 2669 1679 2708 Bashacurimu,

199 2709 262 2754 qui
292 2710 363 2743 iam
388 2711 459 2744 sibi
487 2712 572 2757 fuga
609 2712 865 2753 consuluerat,
890 2713 1014 2746 mittit.
1083 2725 1190 2760 porro
1219 2716 1366 2750 Maurus
1391 2729 1470 2750 cum
1494 2717 1679 2764 praedicto

198 2757 349 2792 Strutho
386 2759 604 2794 Blachernas
640 2760 854 2807 appellens,
887 2760 1077 2796 Tiberium
1112 2774 1184 2796 una
1218 2764 1367 2811 quidem
1394 2777 1503 2800 manu
1532 2770 1677 2800 sanctae
