1768 3106
242 143 358 202 336
811 164 1160 208 THEOPHANis

235 266 410 316 τούτους
439 261 710 320 πολεμήσας,
737 262 925 323 ἔτρεψεν,
954 268 1027 309 καί
1053 265 1196 318 δίωξιν
1223 267 1406 324 μεγάλην
1435 268 1714 326 ποιησάμενος

237 331 346 375 πολύ
375 334 535 387 πλῆθος
566 332 743 375 α’νεῖλεν.
804 332 843 374 οἱ
871 335 918 376 δὲ
946 333 1087 376 λοιηοί
1111 334 1170 383 εἰς
1198 333 1275 384 τοὶς
1303 334 1507 390 ἐσχατιὰς
1533 339 1611 391 τῆς
1627 341 1714 380 Λι-

238 399 346 456 βύης
376 398 547 456 ἔφυγον,
579 402 651 442 καί
676 396 813 449 οὕτως
843 402 895 443 τὰ
932 399 1162 457 πράγματα
1190 403 1235 444 ἑν
1255 403 1405 461 Λιβύῃ
1435 401 1602 461 εἰρήνης
1634 408 1716 458 βα·

239 469 363 519 θείας
396 465 559 521 ἔτυχον.

29 548 123 583 AM.
136 547 227 592 6027
348 532 651 590 Ἱεροσολύμων
681 531 912 576 ἐπισκόπου
940 535 1134 579 Ἰωάννου
1167 534 1258 586 ἔτος
1285 536 1336 580 α’.
1727 545 1752 585 5

110 613 146 645 P.
166 612 228 646 183
360 599 506 660 Τούτῳ
539 603 596 658 τῷ
626 599 710 642 ἔτει
735 600 761 662 Ιὁ
792 604 876 644 τῶν
903 602 1074 658 Ἰβήρων
1104 603 1308 656 βασιλεύς
1328 605 1611 661 Ζαμαναρσός
1640 601 1716 662 ἦλ-

101 673 318 727 vam-98¹²
362 668 405 711 ἐν
447 670 892 711 Κωνσταντινουηόλει
933 669 1041 748 πρὸς
1076 669 1151 714 τὸν
1199 672 1499 726 εὐσεβέστατον
1533 675 1714 726 βασιλέα

241 734 538 781 Ἰουστινιανὸν
567 734 673 789 μετὰ
706 738 780 790 τῆς
804 736 1000 790 γυναικὸς
1033 755 1103 780 και
1140 741 1225 782 τῶν
1253 742 1540 796 συγκλητικων
1569 742 1716 796 αὐτοῦ,

240 805 496 860 παρακαλῶν
525 801 657 845 αύτὸν
695 805 772 844 τοῦ
802 806 912 846 εἰναι
955 805 1082 848 αὐτὸν
1123 806 1353 862 σύμμαχον
1379 807 1607 860 Ῥωμαίοις
1646 825 1716 849 και

242 873 366 927 φιλον
393 871 573 925 γνήσιον.
632 868 733 911 οὸὲ
761 870 961 924 βασιλεὺς
1006 871 1082 928 την
1110 874 1311 930 τοιαύτην
1336 877 1582 929 προαίρεσιν
1613 871 1714 917 ‹272⁰-
1737 892 1768 917 ι(

201 936 480 994 Βδεξοέμενος,
511 935 646 979 πολλοὶ
681 937 813 979 αὐτὸν
843 939 1284 995 ἐφιλοτιμήσατοκαί
1309 940 1410 991 τούς
1453 943 1588 985 αὐτοῦ
1616 959 1716 997 συγ-

239 1004 484 1062 κλητικούς·
531 1004 688 1058 ὁμοίως
731 1006 778 1046 δὲ
806 1004 831 1061 ἡ
870 1002 1088 1061 αὖγοῦστα
1126 1009 1176 1064 τῇ
1207 1008 1341 1050 αὐτοῦ
1365 1010 1537 1063 γυναικὶ
1561 1009 1718 1064 κόσμια

239 1079 414 1116 παντοῖα
447 1070 518 1115 διὰ
547 1074 821 1127 μαργαριτῶν
851 1073 1095 1130 ἐχαρίσατο.
1152 1076 1227 1118 καί
1250 1075 1459 1119 ἀπέλυσεν
1486 1075 1644 1126 αὐτούς
1675 1078 1719 1119 ἐν

241 1141 385 1199 εἰρήνῃ
414 1142 474 1190 εἰς
506 1138 581 1196 τὴν
610 1140 724 1182 iota»
749 1143 984 1194 βασιλείαν.

30 1224 228 1261 A,M‚6023
348 1208 515 1264 Ῥώμης
546 1205 778 1249 ἐπισκόπου
805 1208 1047 1264 Ἀγαπητοῦ
1075 1207 1170 1259 ἔτος
1198 1208 1250 1252 α’.
1735 1211 1768 1252 1!

361 1274 506 1334 Τούτῳ
549 1276 606 1333 τῷ
646 1273 729 1317 ἔτει
767 1273 926 1318 ἔπαθεν
965 1275 1049 1318 ὑπὸ
1093 1279 1322 1333 θεομηνιάς
1362 1275 1720 1334 Πομπηϊούπολις

203 1347 317 1400 στῆς
345 1345 539 1393 Μυσίας.
570 1345 752 1398 ἐσχίσθη
781 1343 861 1398 γὰρ
890 1343 916 1399 ἡ
946 1345 1001 1398 γῆ
1035 1341 1116 1386 ὑπὸ
1147 1347 1226 1386 τοῦ
1254 1348 1443 1402 σεισμοῦ,
1476 1347 1550 1388 καί
1580 1343 1719 1400 ἐχαιό-

242 1415 301 1468 θη
330 1411 374 1454 τὸ
407 1408 539 1467 ἥμισυ
567 1412 639 1466 τῆς
660 1408 820 1459 πόλεως
849 1409 957 1463 μετὰ
990 1414 1074 1453 τῶν
1103 1410 1343 1468 οἰκητόρων.
1401 1412 1473 1455 καί
1498 1409 1607 1468 ἦσαν
1636 1412 1716 1454 ὑπὸ

243 1478 320 1535 την
349 1480 445 1535 γῆν,
472 1478 546 1521 καί
574 1479 719 1535 φωναί
748 1478 894 1520 αότῶν
920 1476 1123 1534 ἠκούοντο
1157 1478 1354 1533 βοώντων
1383 1482 1620 1537 ἐλεηθῆναι.
1647 1481 1720 1522 καὶ

346 1670 372 1691 ι.
400 1658 438 1693 ἔτ
441 1662 556 1704 ρεψεν
598 1656 644 1697 A,
682 1656 882 1710 ἔστρεψεν
900 1656 996 1701 vulg
1140 1659 1204 1691 καὶ
1239 1657 1368 1699 δίωξιν
1407 1678 1454 1684 -
1489 1678 1536 1683 -
1571 1657 1717 1693 ἀνεῖλεν

337 1718 406 1739 om.
430 1706 472 1740 A.
594 1705 628 1738 6.
655 1698 949 1751 ΖαμαναρζόςΑ
977 1704 1001 1736 Γ.
1125 1703 1287 1748 ἀνῆλθεν
1310 1718 1341 1739 a.
1462 1716 1497 1749 9.
1520 1704 1718 1753 Ῥωμαίοις

335 1756 364 1788 Α
391 1766 422 1794 e,
447 1752 640 1802 Ῥωμαίων
667 1753 763 1796 vulg.
867 1763 919 1785 ιο.
948 1751 1152 1799 δεξάμενος
1175 1765 1206 1786 a.
1333 1764 1385 1788 ια.
1412 1752 1528 1790 αὐτοῦ
1559 1754 1602 1796 A,
1629 1754 1718 1789 ἑαυ-

333 1801 402 1838 τοῦ
427 1802 524 1847 vulg.
652 1810 703 1844 19.
727 1797 906 1846 βοώντων
930 1799 1015 1833 add.
1043 1810 1086 1833 ex
1112 1801 1151 1833 A.

242 1970 311 2006 tur,
337 1964 375 1998 in
402 1963 578 1997 auxilium
605 1963 740 2004 accitis,
766 1974 846 1996 acre
872 1962 1011 1996 bellum
1031 1963 1070 1996 in
1101 1973 1161 1996 eos
1186 1962 1310 2003 movit,
1339 1961 1486 2006 fugavit,
1509 1967 1546 1995 et
1570 1962 1714 2006 longius

242 2013 455 2058 diutiusque
481 2012 660 2056 fugientes
685 2012 922 2056 insequutus,
949 2022 1112 2055 magnam
1143 2022 1269 2043 eorum
1296 2010 1415 2044 edidit
1438 2015 1602 2054 stragem.
1655 2022 1715 2043 re·-

232 2060 335 2106 liqui
360 2071 446 2094 vero
476 2060 515 2092 in
540 2060 708 2092 extremis
747 2059 880 2102 Libyae
918 2059 1051 2091 finibus
1094 2058 1258 2103 palantes
1293 2069 1331 2091 se
1367 2063 1594 2102 receperunt.
1644 2058 1715 2091 hoc

239 2114 345 2154 pacto
370 2106 518 2141 tandem
542 2119 597 2140 res
610 2106 763 2150 Libycae
789 2107 1025 2152 tranquillam
1054 2117 1179 2151 pacem
1205 2112 1451 2151 consequutae
1478 2111 1575 2139 sunt.

334 2155 501 2189 Ilierosol
528 2166 664 2187 morum
693 2167 711 2187 e
742 2157 812 2188 isco
842 2155 852 2187 i
878 2155 1023 2187 Ioannis
1061 2165 1176 2187 annus
1231 2154 1351 2186 rimus.

53 2166 224 2218 Αἀ527
336 2203 414 2236 Hoc
439 2166 534 2235 annyo
564 2214 626 2236 rex
660 2167 847 2237 lbefiwruiii
886 2203 1115 2235 Zamanarsus
1153 2165 1422 2246 adppiissimum
1456 2202 1713 2248 imperatorem

239 2251 479 2286 lastinianum
517 2261 597 2283 cum
623 2261 734 2283 uxore
772 2256 809 2284 et
833 2251 961 2283 aulicis
996 2249 1134 2283 eunctis
1163 2249 1303 2293 Cpolim
1332 2250 1493 2292 accessit,
1518 2250 1556 2284 in
1581 2251 1712 2284 Roma-

239 2311 366 2334 norum
391 2298 599 2332 societatem
630 2303 667 2331 et
694 2298 801 2331 fidam
839 2298 1034 2331 amicitiam
1065 2296 1207 2330 admitti
1241 2296 1465 2343 deprecatus.
1516 2298 1713 2344 imperator

239 2347 392 2394 probato
432 2346 510 2379 eius
544 2346 751 2390 proposito,
787 2347 904 2392 ipsum
937 2352 974 2379 et
1002 2345 1138 2379 aulicos
1172 2345 1288 2388 dignis
1319 2344 1520 2379 honoribus
1546 2347 1711 2392 excepit:

238 2396 407 2430 similiter
429 2399 581 2438 augusta
614 2394 749 2426 varium
777 2394 952 2427 mundum
988 2398 1025 2426 et
1048 2403 1092 2425 ex
1122 2394 1269 2437 gemmis
1295 2399 1460 2427 ornatum
1494 2395 1570 2427 eius
1608 2394 1712 2427 uxori

240 2444 367 2487 largita
404 2447 475 2475 est:
511 2446 619 2487 atque
645 2441 697 2474 ita
741 2440 884 2474 demum
921 2442 1116 2487 imperator
1150 2441 1248 2486 ipsos
1279 2442 1318 2475 in
1351 2453 1500 2487 regnum
1522 2443 1710 2488 proprium

240 2492 389 2526 remisit.

56 2557 85 2591 A
109 2557 135 2591 C
159 2556 227 2591 528
333 2540 465 2572 Romae
490 2536 651 2582 episcopi
681 2535 831 2581 Agapeti
861 2547 976 2569 annus
1001 2535 1148 2580 primus.

89 2581 97 2590 ⁵
138 2582 145 2589 “
333 2587 412 2620 Hoc
436 2596 531 2618 anno
555 2583 694 2628 Mysiae
719 2584 843 2618 civitas
862 2583 1129 2638 Pompeiopolis
1155 2583 1260 2629 plaga
1285 2583 1431 2617 caelesti
1457 2595 1625 2630 percussa
1655 2585 1713 2618 iu-

241 2646 327 2678 gens
350 2634 519 2668 damnum
545 2643 649 2679 passa
676 2637 741 2665 est.
793 2632 902 2665 scissa
929 2631 1025 2665 euim
1054 2643 1181 2676 magna
1209 2633 1444 2665 concussione
1469 2638 1564 2666 terra
1589 2633 1712 2666 civita-

242 2683 288 2716 tis
314 2694 395 2728 pars
420 2680 539 2714 media
567 2680 654 2725 ipsis
681 2691 761 2713 cum
787 2679 925 2712 civibus
956 2678 1126 2724 absorpta
1152 2684 1227 2713 est:
1258 2685 1434 2726 erantque
1462 2680 1519 2714 illi
1544 2681 1711 2713 miserum

239 2731 278 2764 in
304 2730 452 2764 modum
478 2727 667 2762 ruderibus
693 2726 825 2767 obruti,
851 2733 888 2761 et
912 2732 951 2762 ut
973 2727 1036 2760 alii
1061 2728 1328 2768 misererentur,
1357 2727 1500 2772 lugubri
1528 2739 1616 2762 voce
1643 2727 1713 2760 im-

241 2779 384 2824 plorare
410 2776 664 2811 audiebantur.
716 2754 932 2810 estodiendis
970 2781 1090 2810 autem
1118 2781 1155 2810 et
1190 2775 1360 2810 eruendis
1387 2776 1461 2809 illis
1486 2776 1599 2809 multa
1625 2786 1713 2810 con·
