1786 3204
262 186 279 222 1
296 165 370 243 74
802 185 1153 229 THEOPHANJS

250 302 355 340 σιος.
432 286 505 330 καί
532 285 591 345 τῷ
633 285 749 345 αὐτῷ
789 286 930 347 χρόνῳ
974 287 1182 346 ἐκοιμήθη
1222 287 1296 331 καί
1324 288 1513 344 Συμεών
1543 292 1566 334 ὁ
1594 295 1728 349 μέγας

249 355 480 411 Στυλίτης,
512 352 535 395 ὅ
571 353 662 410 τῆς
683 351 879 412 μάνδρας
909 358 1102 412 πρῶτος,
1139 358 1394 409 καταδείξας
1425 359 1500 415 την
1527 360 1728 418 τοιαύτην

250 421 408 482 α’ρετὴν
434 423 509 465 κατ’
533 422 824 479 σημειοφόρος
847 423 1088 478 γενόμενος.

37 502 132 538 AM.
145 502 239 550 5954
369 489 510 550 Τούτῳ
539 492 599 547 τῷ
631 487 717 532 ἔτει
746 490 996 548 ἐμπρησμὸς
1024 495 1158 547 μέγας
1186 492 1353 547 γέγονεν
1382 493 1427 536 ἔν
1457 497 1728 539 Κωνσταντι-

140 569 176 603 P.
190 580 234 616 97
249 557 446 605 νουπόλει
477 559 529 616 τῇ
573 559 753 615 δευτέρᾳ
796 562 876 601 τοῦ
909 562 1199 615 Σεπτεμβρίου
1229 558 1363 615 μηνός
1390 562 1646 613 ἰνδικτιῶνος
1678 562 1764 611 ιε’5

248 626 479 685 ἀρξάμενος
512 624 594 668 α’πὸ
634 627 710 668 τοῦ
734 626 939 682 νεωρίου,
968 629 1042 669 καί
1071 627 1247 685 φθάσας
1283 625 1362 679 ἕως
1389 632 1468 672 τοῦ
1503 633 1612 673 ναοῦ
1651 634 1728 674 τοῦ

247 696 373 752 ἁγίου
408 695 547 748 Θωμοῖ
571 694 653 736 τῶν
682 694 922 747 Ἀμαντίου.
983 694 1238 751 Μαρκιανός
1268 697 1316 738 δὲ
1353 696 1569 751 οἰκονόμος
1602 698 1725 743 ἄνελ-

246 763 339 807 θών
364 765 425 814 εἰς
467 760 567 811 τούς
599 759 812 815 κεράμους
859 764 932 817 τῆς
976 762 1100 817 ἁγίας
1133 761 1423 815 Ἀναστασίας
1463 767 1650 821 κατέχων
1677 767 1722 810 τὸ

248 828 494 887 εὐαγγέλιον
538 830 690 884 εὐχαῖς
730 830 806 871 καί
846 827 1027 887 δάκρυσι
1079 832 1250 886 ἀβλαβῆ
1292 830 1367 875 τὸν
1414 829 1527 877 οἶκον
1572 835 1724 892 διεφύ-

247 904 380 953 λαξεν.
1422 932 1427 941 -
1743 919 1786 946 10

34 985 232 1034 A‚M‚5955
362 965 510 1024 Τούτῳ
555 970 611 1024 τῷ
651 962 737 1007 ἔτει
767 963 935 1023 ἐσφάγη
972 969 1229 1022 Μαιωρῖνος
1268 969 1330 1017 εἰς
1374 966 1606 1024 Ταρτίωνα,
1642 967 1724 1013 ὑπὸ

239 1034 460 1090 Tantalo„
493 1035 742 1088 πατρικίου,
780 1036 856 1076 καί
896 1034 1064 1091 ἐπήρθη
1105 1036 1167 1084 εἰς
1207 1038 1388 1090 βασιλέα
1423 1038 1613 1094 ,Σευῆρος
1651 1037 1725 1081 καὶ

201 1100 204 1103 ’
245 1103 494 1160 Σερπέντιος
520 1099 674 1150 νώναις
699 1101 911 1151 Ἰουλίαις.

206 1190 231 1224 B
363 1171 432 1228 Τῷ
466 1171 505 1212 δ’
534 1170 653 1227 αὐτῷ
694 1167 780 1211 ἔτει
811 1168 1041 1226 ζωγράφου
1082 1168 1197 1220 τινὸς
1232 1170 1307 1214 τὸν
1349 1173 1525 1229 σωτῆρα
1556 1173 1722 1230 γράψαι

245 1235 534 1294 τολμήσαντος
570 1237 669 1280 καθ’
698 1234 927 1292 ὁμοιότητα
968 1239 1047 1279 τοῦ
1074 1239 1205 1290 Διός,
1236 1238 1452 1296 ἐξηράνθη
1482 1239 1507 1295 ἦ
1534 1244 1647 1298 χείρ,
1677 1240 1786 1290 ὃνι5

242 1304 580 1362 ἐξαγορεύσαντα
622 1306 675 1347 δι’
716 1305 848 1360 ευ’χῆς
887 1303 1036 1348 ἰάσατο
1076 1308 1117 1348 Γ
1115 1306 1319 1357 εννάδιος.
1394 1310 1507 1365 φασί
1535 1311 1583 1351 δὲ
1613 1326 1720 1360 τινες

123 1383 228 1429 V.78
241 1376 324 1417 τῶν
353 1372 589 1428 ἱστορικῶν,
621 1369 689 1414 δ’τι
730 1370 777 1415 τὸ
808 1367 933 1415 οὖλον
962 1374 1037 1415 καί
1078 1372 1342 1431 ὄλιγότριχον
1369 1378 1515 1433 σχῆμα
1544 1378 1617 1419 ἑπί
1643 1380 1721 1420 τοῦ

238 1443 432 1498 σωτῆρος
459 1438 710 1497 οἰκειότερόν
742 1441 871 1483 ἐστιν.
927 1442 1004 1483 τοῦ
1035 1442 1083 1484 δὲ
1105 1444 1146 1484 Γ
1144 1442 1338 1485 ενναδίου
1367 1446 1420 1501 τῇ
1448 1443 1567 1487 νυκτὶ
1593 1447 1718 1500 εὖχο-

238 1513 369 1565 μὲνου
399 1508 517 1560 ε’ντὸς
543 1510 618 1552 τοῦ
644 1511 990 1565 θυσιαστηρίου,
1030 1511 1135 1552 ἰδεῖν
1174 1511 1336 1565 λέγεται
1369 1509 1597 1568 φάντασμα
1623 1513 1718 1555 dat·

236 1578 403 1632 μονίου,
435 1572 469 1637 ᾧ
498 1579 574 1619 καί
602 1575 860 1632 ἐπιτιμήσας
884 1571 1064 1632 ἤκουσεν
1095 1579 1236 1620 αὐτοῦ’
1263 1576 1516 1635 κράζοντος,
1548 1580 1604 1630 ὥς
1635 1581 1717 1623 αὖ..
1731 1605 1782 1632 20

236 1647 317 1689 τοῦ
356 1649 437 1701 μὲν
464 1646 622 1699 ζῶντος
649 1645 867 1701 ἐνδίδωσι,
896 1643 1002 1700 μετὰ
1034 1647 1082 1689 δὲ
1123 1642 1310 1688 θάνατον
1341 1647 1480 1689 αὐτοῦ
1511 1647 1715 1705 κρατήσει

335 1807 390 1841 ι6.
416 1805 726 1855 ἐξαγορεύσαντα
746 1804 789 1848 Α,
814 1805 958 1853 ἐξηγορ.
988 1806 1085 1850 vulg.
1168 1817 1226 1840 20.
1253 1798 1284 1854 ᾧ
1307 1788 1373 1843 καὶ
1396 1808 1447 1851 Α,
1479 1805 1499 1844 ὃ
1526 1810 1593 1844 καὶ
1616 1808 1712 1855 vulg.

234 1959 403 1994 ultimum
433 1958 554 1999 obiit,
582 1957 623 1991 in
649 1957 752 1990 cuius
786 1957 906 1995 locum
945 1968 1044 1990 sacro
1077 1957 1147 1990 ritu
1186 1958 1396 1992 Anastasius
1435 1961 1605 1994 suffectus
1643 1965 1709 1994 est.

235 2007 364 2042 eodem
391 2018 538 2053 quoque
571 2017 668 2039 anno
708 2005 848 2051 quievit
877 2005 1035 2048 Symeon
1060 2016 1209 2050 magnus
1236 2006 1387 2050 stylita,
1423 2013 1550 2041 coetus
1582 2019 1711 2042 mona-

233 2056 315 2090 stici
343 2054 647 2089 celebratissimus
665 2079 674 2096 ,
700 2053 764 2099 qui
791 2053 968 2087 eiusmodi
996 2054 1139 2087 virtutis
1166 2054 1370 2101 exemplum
1393 2055 1510 2089 factus
1539 2068 1627 2103 prae
1653 2069 1712 2091 re-

231 2104 344 2151 liquis
369 2105 624 2148 antesignanus
650 2101 829 2135 exhibuit.

44 2153 87 2188 Α.
101 2152 220 2200 (3.454
327 2152 405 2185 Hoc
441 2163 536 2184 anno
574 2149 796 2196 Septembris
833 2149 966 2183 mensis
1002 2148 1060 2183 die
1093 2149 1272 2190 secundo,
1320 2151 1522 2186 indictione
1570 2152 1710 2188 decima

233 2201 373 2248 quinta,
399 2199 503 2245 Cpoli
539 2210 705 2243 magnum
742 2198 897 2242 contigit
937 2197 1167 2238 incendium,
1210 2198 1310 2232 cuius
1343 2200 1564 2247 principium
1598 2214 1619 2236 a
1645 2216 1711 2238 na-

231 2250 316 2290 vali,
347 2253 383 2281 et
408 2246 454 2280 ad
480 2247 594 2281 sancti
619 2246 782 2280 Thomae
805 2247 964 2279 Amantii
992 2246 1063 2280 fnit
1089 2256 1306 2291 progressus
1356 2248 1560 2284 Marcianus
1585 2258 1708 2286 autem

234 2307 478 2336 oeconomus,
515 2306 712 2328 conscenso
746 2300 893 2328 sarctae
928 2295 1139 2328 Anastasiae
1172 2295 1337 2339 templo,
1372 2297 1539 2332 manibus
1576 2305 1707 2336 tenens

234 2345 480 2389 evangelium,
505 2342 673 2389 precibus
700 2347 737 2376 et
763 2342 928 2386 lacrymis
953 2348 1111 2376 sanctam
1138 2341 1263 2375 aedem
1300 2343 1657 2382 illaesam>servavit.

42 2400 219 2446 A‚C,455
327 2393 406 2427 Hoc
429 2403 526 2425 anno
552 2391 754 2424 Maiorinus
780 2389 827 2424 ad
850 2391 1049 2424 Dertonam
1081 2401 1101 2422 a
1124 2390 1309 2425 Reeimere
1337 2394 1490 2435 patricio
1528 2396 1706 2431 interem-

231 2447 316 2488 ptus
341 2446 418 2474 est:
461 2445 499 2473 et
523 2439 630 2472 nonis
664 2438 769 2472 Iuliis
811 2439 961 2472 Severus
999 2443 1036 2472 et
1061 2438 1272 2484 Serpentius
1301 2439 1348 2474 ad
1383 2441 1530 2488 imperii
1560 2445 1706 2480 culmen

231 2490 406 2525 elevatus.

324 2538 402 2571 Hoc
427 2534 556 2570 eodem
581 2546 677 2568 anno
702 2533 852 2580 pictoris
878 2533 1061 2568 cuiusdam
1082 2535 1177 2568 Iovis
1207 2535 1328 2581 specie
1360 2538 1548 2573 salvatoris
1572 2540 1704 2576 faciem

230 2587 365 2620 referre
390 2585 471 2619 ausi
493 2595 619 2618 manus
649 2582 811 2617 exaruit:
847 2581 986 2616 facinus
1018 2594 1103 2616 vero
1135 2583 1338 2618 confessum
1367 2586 1551 2625 Gennadii
1576 2601 1702 2635 preces

230 2639 459 2669 sanaverunt.
522 2631 777 2666 historicorum
810 2641 895 2664 vero
920 2631 1089 2664 nonnulli
1128 2632 1262 2677 crispos
1301 2639 1338 2667 et
1376 2646 1473 2669 raros
1511 2637 1627 2672 crines
1652 2639 1700 2672 ad

230 2682 468 2729 effingendam
506 2680 692 2715 salvatoris
722 2678 851 2712 faciem
893 2679 1005 2724 magis
1044 2678 1215 2714 decentes
1253 2686 1453 2717 autumant.
1515 2691 1698 2721 caeterum

229 2731 444 2765 Gennadius
477 2728 524 2763 ad
549 2728 664 2762 altare
693 2738 799 2760 orans
835 2726 1022 2761 daemonis
1049 2733 1229 2772 spectrum
1253 2735 1363 2763 noctu
1404 2731 1539 2766 vidisse
1563 2734 1698 2777 fertur,

229 2792 337 2825 quem
360 2791 442 2813 cum
470 2778 703 2822 increpasset,
722 2776 937 2809 clamantem
963 2774 1123 2809 audivit:
1156 2787 1199 2811 eo
1226 2776 1375 2823 quidem
1399 2780 1544 2815 vivente
1567 2793 1605 2816 se
1637 2794 1697 2816 ce-

228 2827 327 2871 dere,
352 2826 499 2862 sublato
524 2837 634 2867 vero,
660 2823 814 2859 ecclesia
841 2834 986 2871 quaqua
1018 2834 1138 2859 versus
1163 2836 1201 2859 se
1227 2826 1441 2872 potiturum.
1487 2827 1577 2864 haec
1601 2831 1698 2866 veri-
