1768 3106
227 120 344 189 614
783 136 1130 180 THEOPHANJS

184 239 299 285 ῦκαὶ
337 234 463 296 ἄφνω
506 238 692 293 ἐπῆλθεν
731 238 875 288 αὐτοῖς
911 240 1120 294 θεομηνιά
1148 237 1342 295 φοβεροί·
1410 236 1582 295 χάλαζα
1611 240 1692 296 γὰρ

222 309 400 362 πύρινος
427 306 695 348 κατελθοῦσα
724 306 788 346 ἐπ’
816 305 973 356 αὐτούς
1014 305 1060 348 τὸ
1091 303 1211 361 ὕδωρ
1247 308 1321 362 τῆς
1360 308 1578 363 θαλάσσης
1620 324 1695 350 κα-

194 379 198 384 ’
219 374 381 431 χλάσαι
406 373 639 429 πεποίηκεν,
669 374 742 414 καί
760 373 832 429 τῆς
858 373 1010 428 πίσσης
1027 373 1240 431 λυθείσης,
1270 370 1501 431 αὔτανδροι
1529 373 1574 416 αἱ
1601 378 1696 429 νῆες

221 444 282 492 εἰς
311 439 451 496 βυθὸν
480 442 829 496 κατηνέχθησαν·
904 441 1004 483 δέκα
1036 441 1083 483 δὲ
1109 441 1238 493 μόναι
1267 442 1340 484 καί
1367 437 1493 485 αὗται
1521 443 1696 501 προνοίᾳ

219 509 327 552 θεοῦ
355 510 690 563 περισωσθεῖσαι
732 508 777 558 ἐξ
811 508 980 564 αὔταῖν,
1011 507 1118 563 πρὸς
1156 506 1203 550 τὸ
1236 509 1490 564 ἀπαγγεῖλαι
1521 506 1623 563 ἡμῖν
1651 523 1733 564 τε5

218 576 294 619 καί
318 580 407 626 τοῖς
437 569 608 629 ’Ἄραψι
648 572 699 617 τὰ
733 579 936 629 μεγαλεῖα
958 577 1034 618 τοῦ
1070 577 1180 618 θεοῦ
1207 574 1260 618 τοὶ
1290 577 1485 631 γεγονότα
1515 577 1575 626 εἰς
1607 575 1693 618 αυ’-

218 644 343 694 τούς·
412 640 465 692 ἃς
505 642 578 682 καί
603 640 900 696 περιτυχόντες
929 640 968 684 οἱ
1008 643 1093 685 τῶν
1123 642 1338 699 ἡμετέρων
1365 641 1440 692 τὰς
1467 644 1545 697 μὲν
1573 644 1693 685 πέντε

216 709 371 754 πιάσαι
398 707 678 767 ἠδυνήθησαν
695 744 707 765 ‚
743 707 789 751 αἱ
820 710 866 752 δὲ
895 703 1022 752 ἄλλαι
1050 712 1172 753 πέντε
1204 708 1490 768 α’πεσιόθησαν
1519 711 1579 761 εἰς
1606 712 1693 752 Συ-

218 779 317 834 ρίαν
344 775 422 832 τὴν
453 775 526 818 τοῦ
551 776 656 818 θεοῦ
686 777 940 819 δυναστείαν
966 776 1312 832 α’ναγγέλλουσαι.

338 846 406 901 Τῷ
435 844 475 885 ‹5'
511 843 629 901 αὐτῷ
673 840 759 885 ἔτει
789 845 967 897 σεισμοῦ
994 843 1181 899 μεγάλου
1205 845 1429 899 γενομένου
1455 845 1501 887 ἐν
1530 844 1690 903 Συρίᾳ,
1712 875 1757 902 ,ο

172 908 428 958 Βέκώλυσεν
444 905 645 965 Οἷὲμαρος
674 909 747 953 τὸν
776 906 889 952 οἶνον
918 909 1002 953 dud
1033 913 1119 954 τῶν
1146 911 1322 969 πόλεων,
1351 913 1424 954 καί
1439 914 1692 967 μαγαρίζειν

216 977 318 1028 τούς
358 976 648 1032 Χριστιανοὺς
701 976 955 1034 ἠνάγκαζεν·
1031 978 1107 1021 καί
1140 979 1239 1029 τούς
1269 982 1349 1033 μὲν
1383 981 1692 1035 μαγαρίζοντας

216 1047 381 1097 ἀτελεῖς
406 1048 553 1102 ἐποίει,
582 1044 681 1095 τούς
722 1047 768 1089 δὲ
801 1044 860 1100 ,αὴ
899 1047 1263 1101 καταδεχομένους
1302 1045 1458 1104 ἀνῄρει,
1489 1048 1563 1089 καί
1592 1051 1692 1090 πολ.

216 1112 318 1164 λούς
345 1113 569 1170 μάρτυρας
587 1111 887 1170 ἀπειργάσατο,
917 1112 990 1155 καί
1013 1112 1074 1170 μὴ
1098 1116 1420 1172 παραδέχεσθαι
1447 1113 1692 1171 μαρτυρίαν

217 1183 487 1237 Χριστιανοῦ
513 1178 617 1223 κατά
638 1182 891 1236 Σαρακηνοῦ
917 1182 1160 1225 ἐθέσπισεν.
1218 1184 1390 1238 ἐποιήσε
1420 1184 1466 1226 δὲ
1496 1182 1570 1225 καί
1595 1184 1692 1224 ἐπι-
1711 1195 1758 1237 ,5

215 1247 372 1304 στολὴν
403 1245 661 1303 δογματικῆν
699 1247 806 1303 πρὸς
845 1248 1020 1291 Λέοντα
1049 1247 1123 1292 τὸν
1150 1251 1350 1307 βασιλέα,
1380 1248 1570 1304 οἰόμενος
1597 1251 1692 1292 πεί-

215 1331 306 1358 σειν
335 1312 468 1357 αὕτὸν
493 1315 570 1357 τοῦ
597 1316 848 1370 μαγαρίσαι.

7 1389 199 1425 A.M.62n
266 1403 271 1406 ·
331 1380 479 1441 Τούτῳ
520 1384 581 1440 regi
620 1380 706 1424 ἔτει
749 1383 904 1436 ἐτέχθη
945 1384 1005 1439 τῷ
1041 1384 1246 1438 δυσσεβεῖ
1275 1387 1450 1438 βασιλεῖ
1472 1386 1632 1428 Λέοντι
1667 1383 1692 1428 ὅ

85 1455 124 1490 Ρ.
137 1455 205 1490 335
217 1450 548 1505 δυσσεβέστερος
579 1445 713 1492 αὐτοῦ
740 1449 833 1500 υἱός
853 1452 1170 1502 Κωνσταντΐνος
1198 1453 1272 1494 καί
1295 1452 1375 1494 τοῦ
1400 1452 1691 1508 Ἀντιχρίστου

321 1595 350 1618 ι.
377 1577 524 1631 φοβεροὶ
571 1583 653 1618 add.
683 1596 727 1618 ex
750 1585 792 1619 A.
901 1585 933 1631 4.
963 1578 1076 1620 αὗται
1101 1585 1141 1627 Α,
1168 1584 1278 1621 αὗταὶ
1307 1586 1402 1631 vulg.
1522 1587 1556 1620 5.
1581 1597 1692 1633 περι-

317 1636 505 1667 σωθεῐσαι
529 1631 558 1665 A
584 1633 612 1675 f,
637 1633 739 1668 διασ.
775 1632 870 1677 vulg.
1032 1646 1065 1679 7.
1091 1637 1202 1671 πέντε
1241 1634 1326 1668 add.
1365 1646 1409 1668 ex
1449 1634 1487 1668 A.
1639 1636 1689 1668 15.

313 1679 487 1762 ζΞὶΑᾱάιΙ.
513 1691 557 1714 ex
581 1681 624 1715 A.
750 1683 800 1717 18.
830 1680 849 1716 ὁ
876 1679 958 1714 add.
986 1691 1030 1715 ex
1048 1683 1087 1716 A.
1212 1695 1263 1730 ¹9·
1289 1686 1583 1723 Κωνσταντῖνος
1604 1682 1689 1717 add.

221 1845 332 1891 nique
356 1843 403 1878 ad
421 1843 560 1878 diversa
579 1844 686 1878 maris
702 1844 825 1878 littora
841 1844 948 1879 illisit
969 1855 1010 1878 ac
1029 1844 1231 1880 submersit.
1259 1846 1298 1879 in
1324 1845 1484 1880 residuas
1509 1846 1691 1890 Aegaeum

219 1903 319 1927 mare
355 1893 710 1938 praeternavigantes
754 1893 943 1938 repentina
980 1893 1025 1926 de
1058 1894 1168 1927 caelis
1212 1894 1304 1927 ultio
1345 1894 1524 1927 incubuit.
1575 1894 1691 1938 ignita

219 1941 358 1986 quippe
385 1939 520 1985 grando
547 1941 586 1974 in
614 1952 672 1974 eas
689 1940 828 1987 dilapsa
854 1942 960 1974 maris
987 1953 1118 1987 aquam
1144 1941 1298 1975 ebullire
1324 1941 1420 1982 feeit,
1449 1953 1492 1975 ex
1515 1953 1588 1988 quo
1611 1942 1691 1986 pice

219 1988 360 2033 liquata
394 1999 502 2022 naves
537 2000 616 2022 cum
650 1989 738 2034 ipsis
779 1988 984 2022 vectoribus
1019 1990 1140 2035 pelagi
1169 1989 1352 2035 profundo
1378 1989 1568 2035 absorptae
1594 1994 1690 2022 sunt.

220 2036 320 2069 solae
356 2035 480 2069 decem
518 2047 562 2070 ex
601 2037 672 2078 eis,
708 2036 777 2070 deo
804 2037 855 2070 ita
893 2036 1136 2082 disponente,
1165 2038 1367 2072 incolumes
1397 2042 1558 2072 servatae
1583 2042 1692 2077 sunt,

220 2094 316 2129 quae
356 2083 461 2117 nobis
496 2085 632 2128 pariter
667 2089 777 2129 atque
802 2084 980 2118 Arabibus
1014 2086 1188 2119 miracula
1221 2087 1315 2119 circa
1354 2096 1415 2119 eos
1453 2085 1598 2131 potenti
1631 2084 1693 2118 dei

221 2142 331 2163 manu
348 2131 445 2164 edita
461 2131 649 2166 referrent.
677 2144 770 2178 quae
793 2144 873 2166 cum
899 2133 935 2166 in
956 2139 1159 2167 nostrorum
1176 2145 1301 2167 manus
1328 2132 1554 2174 incidissent,
1581 2134 1691 2178 quin-

220 2189 292 2224 que
321 2188 366 2212 ex
390 2179 441 2212 eis
482 2185 633 2225 captae,
671 2181 837 2226 quinque
862 2180 1028 2215 residuae
1055 2181 1115 2215 dei
1147 2182 1316 2217 virtutem
1344 2182 1628 2215 annunciaturae
1654 2180 1693 2217 in

219 2225 360 2270 Syriam
385 2226 493 2259 latae.

315 2273 395 2307 Hoc
419 2285 515 2307 anno
541 2278 658 2307 terrae
684 2279 785 2308 motu
810 2287 876 2320 per
901 2276 1038 2320 Syriam
1063 2281 1200 2317 exorto,
1231 2278 1381 2310 Umarus
1405 2275 1614 2311 civitatibus
1637 2277 1694 2310 vi—

220 2332 308 2355 num
334 2320 523 2362 inhibuit,
550 2321 846 2368 Christianosque
879 2323 926 2356 ad
965 2324 1072 2358 {idem
1112 2324 1398 2371 religionemque
1433 2324 1542 2358 foeda
1569 2325 1693 2357 deser-

220 2371 325 2403 tione
354 2368 664 2414 conspurcandam
690 2369 822 2415 adegit.
874 2382 935 2405 eos
962 2383 1045 2406 vero
1071 2373 1134 2418 qui
1158 2378 1290 2416 negato
1320 2372 1450 2405 Christi
1475 2373 1623 2406 nomine
1648 2371 1695 2405 ad

222 2419 330 2451 ritum
358 2417 519 2451 alienum
546 2416 765 2451 defecissent
783 2418 959 2452 immunes
986 2431 1006 2452 a
1025 2419 1261 2464 vectigalibus
1287 2420 1496 2460 declaravit,
1525 2421 1589 2466 qui
1617 2421 1695 2465 pia-

221 2466 342 2498 culum
367 2477 442 2499 non
468 2464 706 2498 admitterent
729 2465 928 2500 crudeliter
951 2468 1106 2507 necavit,
1137 2478 1180 2501 ex
1207 2480 1279 2514 quo
1308 2469 1429 2514 plures
1455 2468 1573 2501 effecti
1599 2479 1695 2501 mar-

221 2517 332 2555 tyres,
357 2525 404 2546 ne
430 2512 627 2547 Christiani
652 2518 840 2558 praeterea
875 2514 1044 2547 adversus
1082 2515 1297 2550 Saracenum
1332 2517 1576 2551 testimonium
1604 2516 1696 2548 reci-

218 2561 344 2605 piatur
379 2561 454 2595 lata
490 2561 572 2605 lege
605 2560 738 2594 sanxit.
790 2561 982 2605 epistolam
1010 2562 1169 2608 denique
1202 2564 1286 2597 fidei
1317 2576 1402 2597 suae
1430 2563 1695 2609 expositionem

219 2607 516 2642 manifestantem
552 2608 598 2642 ad
629 2619 777 2654 spurcos
814 2608 893 2642 eius
918 2620 1044 2643 sensus
1079 2611 1194 2646 virum
1230 2612 1408 2646 deducere
1432 2611 1625 2645 arbitratus
1649 2610 1696 2644 ad

219 2655 378 2690 Leonem
406 2657 658 2701 imperatorem
684 2655 803 2690 datam
831 2658 1038 2691 transmisit.

26 2709 197 2758 A.C,711
316 2704 395 2738 Hoc
424 2716 519 2737 anno
546 2705 662 2738 Leoni
686 2704 886 2748 irreligioso
923 2705 1134 2751 imperatori
1166 2706 1263 2739 filius
1296 2706 1486 2751 impietate
1511 2710 1549 2739 et
1573 2702 1694 2739 irreli-

216 2750 324 2797 gione
359 2753 558 2799 ¹superior,
585 2763 688 2787 verus
711 2751 924 2786 Antichristi
955 2765 1182 2799 praecursor,
1210 2754 1471 2788 Constantinus
1494 2759 1602 2788 natus
1627 2758 1693 2789 est.
