1708 3172
461 138 808 184 THEOPHANIS
847 137 1126 185 officium·
1431 140 1527 187 uu

53 242 287 298 α’λγηδόνας
330 236 505 297 ἤνεγκας
534 241 776 295 καρτερῶς,
812 239 1065 295 εὕχάριστον
1107 236 1166 297 τῷ
1202 238 1378 298 δεσπότῃ
1419 255 1523 284 σου·

50 312 331 365 εὐλογημένος
359 310 400 352 εἰ
423 311 469 352 ὲν
496 307 555 365 τῷ
583 308 670 365 ναῷ
699 309 812 360 βοῶν
838 310 913 362 τῆς
947 304 1072 362 δόξης
1097 321 1191 362 σου,
1217 306 1355 363 κύριε.

692 434 798 498 '9316-
821 432 875 491 η’.

469 533 631 587 Χεῖρας
659 529 892 580 ἐκπετάσας
919 528 1102 586 Δανιῆλ.

163 632 411 688 Θεώμενος,
436 630 607 687 μάκαρ,
645 630 692 674 τὸ
724 631 899 687 στερρὸν
926 634 1002 687 τῆς
1029 632 1107 687 σῆς
1130 630 1367 683 ἐνστάσεως
1394 635 1524 676 Λέων

46 699 70 743 o‘
103 701 330 756 τύραννος,
352 699 560 758 ὑπερορίᾳ
585 714 635 742 σε
663 696 800 753 ἔκρινε
833 698 1061 757 πικροτάτῃ
1085 697 1109 741 ὅ
1126 699 1421 757 παμπόνηρος·
1478 702 1525 744 ἐν

45 765 290 825 εὐφροσύνῃ
339 768 388 813 δὲ
426 769 538 822 βοῶν
583 768 742 823 ταύτην
768 766 1032 823 ὖπήνεγκας,
1060 768 1273 823 ετῖλογεῖτε
1302 767 1443 810 πάντα
1469 768 1520 811 ui

45 834 150 891 ἔργα
177 837 251 877 τοῦ
277 838 427 889 κυρίου
457 832 532 876 τὸν
559 831 719 888 κύριον.

154 910 246 952 'Eut
270 906 317 950 τὸ
351 905 625 963 πρωτότυπον
666 907 792 959 εἰδώς
826 906 906 963 τήν
933 908 1008 962 τῆς
1041 907 1198 957 εἰκόνος
1225 906 1351 964 τιμὴν
1380 910 1523 963 διαβι-

43 972 270 1032 βάζεσθαι,
301 976 375 1018 ἐπὶ
403 973 452 1017 τὸ
482 974 656 1018 στάδιον
696 973 881 1030 ἔδραμες
912 974 1104 1031 ἀθλητής
1131 973 1189 1025 ὦς
1213 976 1522 1030 ἐννομώτατος·

43 1043 119 1084 καί
142 1041 310 1099 νικητὴς
328 1043 601 1097 ἀναδειχθεὶς
617 1044 828 1099 στέφανον
850 1040 1032 1099 εἴληφας
1058 1042 1341 1097 α’ναμέλπων·
1384 1042 1522 1086 πάντα

43 1107 99 1151 τὰ
130 1107 235 1166 ἔργα
263 1110 489 1164 α’νυμνεῖτε
516 1107 589 1151 τὸν
614 1109 774 1163 κύριον.

159 1181 373 1237 Οὐράνιον
399 1181 497 1224 α’ντί
522 1183 599 1236 τῆς
630 1184 677 1229 ἐν
703 1185 757 1239 γῇ
770 1183 927 1238 σκηνήν
957 1196 1026 1224 σοι
1054 1183 1214 1224 δέδωκε
1247 1183 1417 1226 πάντων
1446 1183 1522 1225 κό-

41 1264 163 1305 ριος·
220 1246 319 1291 α’ντί
353 1249 594 1300 στενώσεως
624 1244 749 1305 εὗρες
778 1251 824 1291 δὲ
858 1248 1109 1302 πλατυσμὸν
1138 1250 1445 1305 ἀγαλλιάσεως,
1476 1253 1523 1293 ὲν

39 1315 288 1375 παραδείσῳ
331 1319 499 1374 τρυφῆς
535 1316 640 1371 μετὰ
669 1315 904 1373 μαρτύρων
934 1319 1072 1371 βοῶν·
1143 1316 1353 1372 εὐλογεῖτε
1381 1317 1522 1360 πάντα

42 1382 95 1427 τὰ
122 1382 227 1439 ἔργα
258 1386 408 1438 κυρίου
437 1383 512 1427 τὸν
538 1382 696 1440 κύριον.

155 1456 278 1499 (Dani
303 1455 531 1515 ἐλάμφθης
566 1459 699 1516 νοητῷ
734 1457 810 1499 καί
836 1460 939 1516 θείῳ
984 1458 1206 1513 πνεύματι,
1233 1457 1377 1513 μα’καρ
1411 1457 1519 1501 Θεό-

40 1540 188 1581 φανες,
216 1521 318 1567 ὅθεν
345 1523 507 1578 ἰάματα
536 1526 684 1581 βρύεις
714 1523 836 1583 [γάρ]
865 1530 951 1575 τοῖς
978 1526 1023 1567 ἐν
1053 1526 1190 1567 πίστει
1218 1542 1287 1568 σοι
1314 1527 1518 1581 προστρέ-

36 1608 180 1648 χουσι,
207 1593 283 1634 καί
310 1591 386 1647 τήν
411 1591 538 1648 ἁγίαν
567 1608 646 1636 σου
672 1590 804 1648 σορὸν
832 1594 950 1652 πόθῳ
980 1594 1232 1649 γεραίρουσι
1261 1595 1335 1635 καί
1361 1594 1513 1648 βοῶσι·

39 1656 177 1703 πάντα
205 1657 256 1705 τὰ
285 1657 391 1716 ἔργα
419 1659 585 1715 ὑμνεῖτε
623 1659 697 1703 τὸν
739 1658 897 1717 κύριον.

41 1818 129 1851 titer
153 1817 358 1863 pertulisti,
383 1817 453 1852 deo
477 1819 609 1865 gratias
633 1829 764 1864 agens3
804 1819 974 1862 clamans,
996 1818 1215 1855 benedictus
1239 1831 1277 1855 es
1303 1819 1450 1855 domine
1476 1820 1517 1855 in

39 1865 179 1914 templo
206 1866 344 1911 gloriae
367 1871 463 1900 tuae.

709 1965 790 1999 Ode
804 1966 838 2000 8.

506 2051 680 2087 Manibus
706 2053 875 2100 expansis
901 2053 1048 2088 Daniel.

137 2138 289 2177 Videns.
315 2139 370 2172 vir
396 2138 529 2181 beate,
571 2141 644 2174 Leo
670 2145 843 2184 tyrannus
883 2141 988 2175 firmo
1015 2146 1053 2175 te
1088 2142 1277 2188 proposito
1303 2141 1360 2175 ini
1386 2142 1515 2176 obniti,

40 2188 250 2233 gravissimo
274 2187 519 2233 nequissimus
538 2187 722 2222 damnavit
745 2190 877 2223 exilio:
906 2195 944 2223 tu
963 2201 1048 2223 vero
1076 2190 1193 2224 laetus
1216 2190 1414 2237 pertulisti,
1439 2191 1516 2224 cla-

36 2248 160 2276 mans,
186 2234 395 2269 benedicite
420 2237 543 2268 omnia
566 2248 676 2282 opera
711 2236 852 2271 domini
879 2237 1077 2271 dominnm.

130 2283 221 2317 Cum
248 2283 474 2328 intelligeres
501 2282 675 2320 honorem
699 2286 866 2330 imaginis
893 2286 938 2320 ad
966 2287 1150 2332 exemplar
1176 2287 1340 2327 transire,
1367 2285 1415 2319 ad
1439 2290 1517 2319 sta-

42 2329 140 2364 dium
161 2336 202 2365 ut
226 2342 334 2377 quam
355 2331 540 2376 legitimus
569 2331 709 2366 athleta
735 2334 938 2375 cucurristi,
964 2335 1153 2380 victorque
1173 2334 1390 2367 acclamatus
1415 2345 1518 2368 coro·

40 2389 124 2412 nam
147 2378 331 2424 accepisti,
359 2378 501 2415 dulcius
527 2380 739 2422 concinens,
764 2382 886 2415 omnia
911 2394 1022 2428 opera
1046 2383 1195 2416 laudate
1222 2382 1421 2416 (lominum.

135 2426 302 2460 caeleste
326 2426 398 2460 tibi
423 2439 489 2474 pro
515 2439 558 2461 eo
586 2428 685 2474 quod
710 2429 748 2462 in
772 2436 869 2463 terra
888 2437 944 2464 est
972 2429 1244 2464 tabernaculum
1270 2431 1516 2463 universorum

42 2472 211 2508 dominus
238 2475 414 2509 contulit:
441 2482 636 2522 arctaeque
661 2478 848 2512 custodiae
868 2479 948 2511 loco
964 2478 1195 2512 latitudinem
1222 2478 1457 2512 exultationis
1477 2477 1517 2511 in

39 2521 209 2567 paradiso
246 2523 446 2568 voluptatis
481 2535 560 2557 cum
591 2525 813 2568 martyribus
857 2526 1059 2568 invenisti,
1094 2527 1275 2568 clamans,
1310 2525 1517 2560 benedicite

41 2569 166 2603 omnia
193 2581 304 2615 opera
332 2570 470 2605 domini
497 2571 695 2605 dominum.

136 2617 299 2663 Spiritali
326 2618 407 2652 luce
434 2619 637 2654 illustratus
665 2631 715 2661 es,
741 2633 782 2654 ac
821 2620 945 2655 divino
970 2622 1099 2667 spiritu
1125 2622 1306 2668 perfusus,
1334 2620 1387 2653 vir
1408 2619 1517 2654 beate

41 2662 309 2710 Theophanes:
336 2667 496 2712 indeque
533 2668 707 2702 sanitates
743 2670 894 2703 scaturis
926 2669 1096 2703 fidelibus
1131 2669 1177 2703 ad
1210 2675 1245 2703 te
1271 2668 1518 2712 confugienti-

39 2710 108 2747 bus
128 2736 138 2750 ‚
162 2718 339 2759 tuumque
374 2721 534 2748 sanctum
561 2715 722 2750 loculum
750 2729 870 2752 amore
906 2717 1174 2760 venerantibus,
1198 2729 1238 2751 ac
1266 2715 1518 2756 clamantibus,

41 2760 163 2794 omnia
192 2771 301 2806 opera
326 2761 475 2797 laudate
502 2763 701 2798 dominum.
