1768 3106
247 141 365 198 566
766 161 1117 203 THEOPHAle

240 262 376 318 τῆρα,
426 262 502 304 καί
537 260 733 318 φωνῆσαι
776 259 940 312 ου’τως·
1015 258 1123 318 αὕτη
1150 260 1175 317 ἦ
1206 261 1357 320 ἡμέρα,
1385 260 1438 317 ἣν
1468 262 1663 318 έποιησεν
1693 259 1715 305 ὃ

241 327 400 383 κύριος.
469 323 585 371 α’παν
623 330 670 371 δὲ
699 328 744 371 τό
787 331 948 384 πλῆθος
987 322 1096 383 ἦραν
1134 327 1305 385 φωνήν·
1362 331 1629 385 α’νασκαφείη
1659 329 1712 372 τοὶ

239 397 366 439 ὀστέα
394 396 708 438 Ἰουστινιανοῦ.
765 398 840 438 καί
867 392 1004 446 ου’τως
1031 397 1075 438 έν
1103 390 1160 453 τῶ
1190 394 1478 455 ιπποδρομειίι)
1507 399 1714 450 ἐξέδραμε

239 466 322 514 ποῒς
351 460 374 506 ὅ
403 463 520 513 λαός.
577 459 738 518 ἡμέρας
766 464 812 504 δὲ
840 465 1064 519 γενομένης
1092 461 1292 519 ἐξάγουσι
1317 463 1391 506 τὸν
1422 463 1715 508 Ἰουστινιανὸν

239 533 301 581 εἰς
331 532 376 574 τὸ
408 529 712 586 ἱπποδρομεΐον
739 530 811 572 διὰ
842 532 915 586 τῆς
942 529 1186 587 σφενδόνης.
1258 531 1333 574 καί
1363 527 1753 587 ῥινοκοπήσαντεςξῇ

192 596 330 653 ὓᾶμα
360 599 435 641 καί
458 597 882 654 γλωσσοκοπήσαντες
910 597 1118 654 ἐξώρισαν
1146 601 1192 642 ἑν
1210 599 1430 655 Χερσῶνι·
1460 597 1483 640 ὁ
1515 599 1562 640 δὲ
1590 592 1716 652 ὄχλος

98 670 141 706 V.
155 674 224 718 246
237 666 548 720 συλλαβόμενοι
587 663 661 708 τόν
690 681 736 709 τε
764 665 970 708 Θεόδοτον
1000 664 1075 708 τὸν
1104 664 1296 720 μοναχὸν
1335 665 1410 708 καί
1435 665 1596 721 γενικὸν
1642 669 1713 707 λο-

234 736 412 789 γοθέτην
439 734 512 774 καί
538 734 758 789 Στέφανον
793 730 867 775 τόν
896 734 1176 786 σακελλάριον
1206 732 1281 776 τὸν
1310 735 1500 790 Πέρσην,
1526 736 1715 787 σχοίνοις

234 815 281 843 τε
310 800 357 842 ἐκ
389 802 531 843 ποδοῖν
568 799 744 852 τούτους
780 798 1007 857 δήσαντες,
1038 801 1218 855 σύρουσι
1249 798 1319 842 διὰ
1349 802 1422 855 τῆς
1450 803 1583 854 μέσης
1609 803 1714 842 λεω-

235 867 387 925 φόρου,
413 869 488 910 καί
514 868 574 919 εἷς
603 867 678 910 τὸν
706 870 824 910 Βοῦν
858 866 1147 924 ἀπαγαγόντες
1175 869 1466 911 κατέκαυσαν·
1498 869 1573 911 καί
1599 864 1712 909 οὕτω
1732 891 1768 918 ,ς

233 935 441 979 Λεόντιον
472 938 654 990 βασιλέα
679 934 951 992 εὐφήμησαν.

23 1013 221 1048 Λ.Μ.6ι88
340 1002 564 1056 Ῥωμαίων
594 1005 805 1058 βασιλέως
834 1004 1045 1045 Λεοντιόυ
1086 999 1177 1052 ἔτος
1205 1001 1261 1045 α’.

103 1078 224 1122 P.309
352 1068 494 1129 Τούτῳ
522 1072 581 1128 τῷ
610 1068 697 1113 ἔτει
726 1070 935 1120 Λεόντιος
979 1072 1229 1125 ἐβασίλευσε
1259 1088 1330 1114 και
1359 1068 1568 1114 πάντοθεν
1598 1071 1715 1127 εἰρη-

237 1135 353 1188 νικός
379 1139 604 1192 διέμεινεν.

23 1214 226 1259 Α“.Μ.6ι89
354 1203 498 1264 Τούτῳ
526 1207 583 1263 τῶ
611 1202 697 1247 ἔτει
718 1206 1050 1260 ἐπεστράτευσεν
1066 1200 1244 1257 ’Ἄλιδος
1271 1207 1325 1265 τῇ
1345 1203 1584 1264 Ῥωμανίᾳ·
1643 1207 1717 1248 καί
1732 1215 1768 1257 15

198 1271 417 1323 Βπολλούς
447 1273 805 1327 αἰχμαλωτεύσας
834 1271 1114 1327 ὑπέστρεψεν.
1181 1277 1258 1316 καί
1283 1277 1510 1318 ἐστασίασε
1540 1275 1715 1331 Σέργιος

236 1339 259 1382 ὃ
289 1339 509 1396 πατρίκιος
523 1340 598 1395 τῆς
617 1341 813 1395 Λαζικῆς
842 1341 919 1381 καί
945 1341 1022 1382 τοῦ
1039 1340 1325 1398 Βαρνουκίου,
1353 1344 1427 1384 καὶ
1443 1341 1600 1397 ταύτην
1628 1346 1716 1391 τοῖς

225 1403 418 1465 ’Ἀραψιν
447 1406 668 1458 ὑπέταξεν.

26 1487 226 1533 A.M.6190
354 1472 501 1533 Τούτῳ
539 1477 599 1532 τῷ
638 1472 727 1517 ἔτει
756 1475 1094 1530 ἐπεστράτευσαν
1136 1474 1175 1518 οἱ
1201 1469 1390 1532 ’Ἄραβες
1424 1477 1474 1535 τῇ
1508 1477 1714 1535 Ἀφρικῇ,

238 1545 313 1586 καί
336 1542 494 1598 ταύτην
525 1544 781 1599 παρέλαβον,
814 1541 888 1585 καί
905 1544 951 1585 ἐκ
978 1547 1054 1585 τοῦ
1079 1544 1234 1586 οἰκείου
1263 1547 1449 1600 στρατοῦ
1477 1546 1713 1593 ταξατιῶνα
1728 1565 1768 1592 2<

238 1613 284 1655 έν
311 1607 424 1670 αὐτῇ
452 1611 726 1667 κατέστησαν.
784 1606 806 1653 ὁ
833 1612 879 1653 δὲ
911 1608 1112 1661 Λεόντιος
1147 1613 1287 1654 ταῦτα
1323 1610 1481 1666 μαθών
1512 1608 1715 1655 ἀποστέλ-

333 1755 368 1778 2.
394 1741 637 1790 ανασκαφείη
654 1744 694 1783 Α,
722 1742 932 1802 ἄνασκαᾳῇ
957 1743 1054 1787 vulg.
1152 1756 1185 1790 7
1214 1742 1492 1791 συλλαβόμενος
1514 1744 1711 1777 A.15.

334 1792 376 1840 τῇ
393 1791 582 1850 Ῥωμανίςι
598 1793 638 1833 Α,
663 1785 729 1834 τὴν
746 1791 960 1837 Ῥωιιανίαν
985 1792 1077 1836 vulg
1182 1793 1234 1826 16.
1261 1790 1710 1872 Σέργιος]1ΓεώργιοςΑ.

338 1851 392 1886 ι’]
423 1839 443 1875 ὃ
471 1839 536 1875 τοῦ
562 1817 777 1887 Βαρνοκίου
802 1824 844 1873 A.
981 1850 1038 1873 21.
1063 1838 1157 1888 αὐτῇ
1181 1841 1222 1882 A,
1253 1840 1364 1888 ταύτῃ
1389 1840 1486 1886 vulg.

239 1968 420 2002 lavacrum
444 1967 665 2008 descendat,
702 1973 740 2001 et
768 1979 853 2001 voce
878 1978 1005 2013 magna
1033 1967 1228 2002 exclamet:
1254 1966 1344 2001 haec
1369 1967 1460 2008 dies,
1493 1977 1600 2012 quam
1626 1965 1717 2001 fecit

240 2017 420 2050 dominus.
469 2021 546 2049 tum
575 2015 733 2061 populus
759 2016 916 2050 clamore
945 2015 1091 2049 sublato
1119 2015 1355 2049 vociferatur:
1407 2014 1627 2049 effodiantur
1650 2015 1716 2047 Iu·-

238 2063 390 2098 stiniani
414 2074 505 2096 ossa.
564 2062 621 2097 his
655 2064 803 2098 vocibus
830 2063 987 2105 auditis,
1022 2063 1061 2097 in
1086 2064 1218 2097 circum
1253 2063 1357 2108 plebs
1382 2063 1546 2096 universa
1574 2062 1716 2096 tumul-

239 2118 347 2146 tuans
373 2111 565 2145 concurrit.
614 2123 698 2144 mox
727 2111 948 2146 adventante
974 2111 1034 2145 die
1062 2112 1303 2145 lastinianum
1332 2122 1398 2156 per
1421 2116 1552 2144 metam
1577 2110 1614 2143 in
1641 2110 1716 2143 cir-

239 2171 320 2194 cum
343 2157 569 2204 producunt,
595 2165 632 2192 et
654 2171 742 2193 naso
771 2160 970 2205 linguaque
995 2165 1200 2193 truncatum
1229 2158 1452 2192 Chersonam
1480 2158 1631 2202 relegari
1651 2157 1717 2191 de-

239 2212 405 2242 cernunt.
468 2212 552 2251 post
593 2206 682 2240 haec
706 2207 810 2253 plebs
838 2207 1072 2241 Theodotum
1094 2207 1312 2241 monachum
1341 2207 1622 2251 generalemque
1658 2207 1716 2239 lo·

240 2254 427 2301 gothetam
469 2260 506 2288 et
531 2254 758 2300 Stephanum
793 2256 1022 2289 sacellarium
1063 2255 1202 2300 origine
1241 2255 1382 2288 Persam
1421 2253 1718 2299 comprehendit,

241 2314 377 2349 eosque
403 2301 552 2335 funibus
578 2301 624 2335 ad
650 2302 761 2348 pedes
788 2303 945 2348 alligatis
970 2315 1034 2349 per
1049 2303 1144 2337 viam
1169 2301 1353 2348 publicam
1380 2301 1425 2335 ad
1439 2303 1571 2335 Bovem
1599 2302 1718 2336 locum

241 2353 295 2386 ita
321 2350 458 2384 dictum
483 2355 684 2396 pertractos
718 2351 802 2395 igne
830 2351 1033 2391 damnavit,
1060 2356 1169 2397 atque
1198 2351 1248 2384 ita
1275 2350 1419 2383 demum
1447 2350 1620 2384 Leontius
1647 2361 1718 2396 po·

242 2401 323 2447 puli
350 2398 563 2432 felicitatem
580 2399 761 2444 precantis
784 2399 934 2432 vocibus
962 2400 1158 2444 imperator
1181 2404 1235 2432 est
1261 2399 1449 2432 salutatus.

53 2449 93 2483 Λ.
109 2448 230 2481 0688
333 2449 578 2481 Romanorum
603 2446 831 2491 imperatoris
850 2448 993 2481 Leontii
1024 2458 1138 2479 annus
1162 2447 1308 2491 primus.

333 2495 412 2528 Hoc
440 2505 537 2528 anno
561 2494 739 2528 Leontius
765 2495 968 2539 imperavit,
997 2500 1034 2528 et
1060 2506 1184 2539 pacem
1213 2494 1457 2550 undequaque
1485 2493 1627 2526 habuit.

51 2542 231 2587 A.C.689
339 2542 419 2576 Hoc
453 2553 550 2576 anno
586 2542 716 2576 Alidus
750 2548 883 2574 armata
916 2554 1026 2575 manu
1066 2544 1262 2575 Romanum
1298 2543 1487 2588 imperium
1514 2540 1658 2579 invasit
1683 2545 1721 2573 et

244 2590 399 2624 collecta
425 2591 650 2636 captivorum
681 2590 918 2624 multitudine
951 2590 1119 2630 recessit,
1159 2590 1302 2634 Sergius
1327 2602 1476 2636 quoque
1505 2589 1653 2623 Lazicae
1683 2594 1720 2621 et

243 2638 411 2672 Βπῑιυείἱ
434 2638 608 2683 patricius
634 2637 833 2685 perduellis
856 2638 895 2671 in
922 2638 1178 2683 imperatorem
1203 2639 1335 2679 extitit,
1360 2644 1396 2672 et
1423 2649 1464 2671 ea
1485 2637 1566 2670 loca
1589 2635 1722 2670 Arabi-

244 2685 311 2720 bus
342 2685 519 2732 prodidit.

52 2736 91 2768 A.
107 2733 230 2779 C.690
337 2734 416 2768 Hoc
440 2746 534 2768 anno
560 2733 694 2768 Arabes
723 2733 956 2780 impressione
990 2734 1027 2766 in
1061 2733 1215 2766 Africam
1243 2733 1350 2774 sacta,
1377 2743 1557 2765 armorum
1579 2732 1616 2765 vi
1642 2741 1721 2763 eam

248 2786 438 2829 ceperunt,
460 2787 498 2817 et
523 2794 566 2816 ex
593 2782 741 2829 proprio
769 2781 839 2816 sibi
873 2782 1033 2816 exercitu
1057 2780 1316 2828 praesidiarios
1340 2781 1475 2815 milites
1497 2781 1536 2814 in
1562 2791 1605 2814 ea
1629 2790 1722 2813 con-
