1768 3106
267 170 381 229 538
830 191 1179 235 THEOPHAle

125 300 167 336 V.
181 303 248 337 233
262 295 353 346 τοῦ,
382 293 456 333 καί
477 289 578 342 τούς
605 287 684 333 δύο
709 291 1016 344 Ἀναστασίους
1043 293 1249 350 μαθητὰς
1265 293 1536 351 ὑπάρχοντας
1553 298 1629 339 τοῦ
1647 294 1746 353 ὃμο-

259 362 443 416 λογητοῦ
483 362 553 402 καὶ
596 358 819 415 μάρτυρος
849 363 1062 415 Μαξίμου
1091 363 1277 418 ἐξοριάις
1308 364 1384 411 καί
1418 352 1624 418 βασάνοις
1649 367 1746 407 ἐπέ-

260 429 406 470 δωκεν.
436 452 439 455 -
466 427 538 470 διά
567 443 632 470 τοι
662 428 801 470 ταῦτα
831 427 1018 485 ἐμισήθη
1045 432 1248 487 σφοδρῶς
1272 429 1390 487 παρὰ
1421 429 1600 479 πάντων.
1659 433 1745 474 δἐι-

259 495 414 546 λιάσας
457 497 507 538 δὲ
543 494 767 551 ἠβουλήθη
805 498 1056 552 μετενέγκαι
1099 496 1145 540 τὸ
1189 501 1410 553 βασίλειον
1464 500 1525 551 εἰς
1555 498 1743 555 “Ρώμην.

257 559 362 606 ὅθεν
388 564 463 605 καί
488 562 564 619 τήν
590 565 848 617 βασίλισσαν
875 566 950 606 καί
989 564 1092 615 τούς
1120 572 1238 622 τρεῖς
1265 564 1388 618 ὐἱοὺς
1417 568 1555 610 αὖτοῧ
1583 568 1768 624 ἒπᾶραιξ

254 632 479 687 ἠθέλησεν,
509 633 550 673 εἰ
571 630 630 687 μὴ
674 631 876 687 Ἀνδρέας
912 630 933 675 ὃ
971 632 1324 691 κουβικουλάριος
1360 634 1435 677 καί
1466 632 1693 693 Θεόδωρος
1724 633 1746 678 ὃ

255 700 482 748 κολωνείας
502 697 578 754 τὴν
605 696 757 741 τούτου
777 699 936 755 βουλὴν
967 699 1242 746 διεκώλυσαν,
1302 702 1500 760 ἐποίησεν
1530 705 1579 746 δὲ
1609 705 1656 748 ἐν
1670 705 1745 746 Σι-

254 767 371 825 κελίᾳ
398 764 470 822 ἔτη
499 764 550 815 ς’.
606 765 847 811 εἰσελθόντι
879 769 929 811 δὲ
958 769 1071 827 αὐτῷ
1098 771 1144 812 ἐν
1186 771 1244 828 τῷ
1286 766 1491 830 εἰρημένῳ
1532 773 1744 829 βαλανείῳ

252 836 534 890 συνεισῆλθεν
574 835 694 893 αύτῷ
721 851 788 886 τις
813 837 1018 892 Ἀνδρέας
1061 836 1156 888 υἱὸς
1188 838 1384 895 Τρωΐλον
1412 838 1639 895 ὑπουργῶν
1664 840 1744 881 0:11²-

208 905 325 960 Βτῷ.
384 899 441 951 ὥς
484 903 534 944 δὲ
571 897 728 958 ἤρξατο
755 905 941 963 γαλλικῷ
967 902 1243 962 σμήχεσθαι,
1282 904 1427 961 λαβών
1463 907 1668 962 Ἀνδρέας
1693 905 1768 949 τόι

251 969 399 1013 κάὸιον
428 972 582 1012 δίδωσι
612 969 721 1014 κατὰ
753 974 950 1029 κορυφῆς
977 974 1056 1015 τοῦ
1092 976 1316 1030 βασιλέως,
1346 975 1421 1017 καί
1447 974 1612 1024 εὐθέως
1638 974 1742 1016 α’πὲ-

250 1039 347 1093 ὸρα.
404 1039 479 1081 τοῦ
508 1040 556 1080 δὲ
591 1039 805 1093 βασιλέως
845 1039 1135 1096 χρονὴσαντος
1176 1043 1222 1084 ἓν
1251 1043 1312 1101 τῷ
1337 1044 1565 1101 βαλανείῳ,
1595 1043 1743 1099 εἰσπη-

249 1107 382 1148 ὃῶσιν
412 1105 451 1148 οἱ
482 1104 587 1163 ἔξω,
628 1105 702 1149 καί
739 1107 990 1164 εὑρίσκουσι
1036 1110 1112 1152 τὸν
1148 1111 1331 1165 βασιλέα
1367 1107 1628 1168 τεθνηκότα,
1671 1111 1745 1151 καί

247 1174 399 1216 τοῦτον
427 1172 676 1230 θάψαντες,
718 1175 930 1229 Μιζίζιόν
960 1193 1060 1220 τινα
1093 1179 1318 1234 Ἀρμένιον
1355 1181 1537 1233 βασιλέα
1566 1178 1742 1234 πεποίη-

249 1258 327 1285 καν
354 1241 607 1298 βιασάμενοι
636 1246 803 1287 τοῦτον.
861 1239 913 1301 ἦν
945 1245 1029 1301 γὰρ
1051 1244 1147 1288 λίαν
1177 1244 1394 1303 εὐπρεπὴς
1421 1245 1497 1288 καί
1525 1244 1768 1303 &pacata-1

247 1325 332 1360 τος.
405 1309 591 1360 οἰκούσας
637 1313 687 1354 δὲ
719 1315 1043 1363 Κωνσταντῖνος
1088 1312 1165 1368 τήν
1201 1314 1280 1356 τοῦ
1309 1312 1474 1370 πατρὸς
1502 1312 1743 1368 α’ποβίωσιν

247 1375 356 1431 μετὰ
389 1377 589 1434 πλείστης
623 1379 878 1430 ναυστολιάς
931 1381 1010 1437 τήν
1049 1381 1247 1424 Σικελίαν
1283 1380 1630 1436 καταλαμβάνει,
1668 1383 1745 1424 καί

245 1444 567 1502 χειρωσάμενος
580 1448 788 1500 Μιζίζιον
815 1450 971 1490 τοῦτον
1000 1449 1177 1505 α’ναιρεῖ
1189 1446 1271 1492 συν
1298 1450 1357 1506 τῷ
1385 1453 1514 1505 φονεῖ
1533 1449 1610 1491 τοῦ
1628 1449 1740 1490 ἰδίου

250 1512 421 1570 πατρὸς.
479 1514 555 1558 καί
580 1514 850 1571 καταστήσας
877 1514 930 1558 τοὶ
966 1513 1146 1572 ἑσπέρια
1183 1515 1258 1560 ἑπί
1287 1515 1364 1573 τήν
1390 1517 1744 1560 Κωνσταντινού-

119 1591 155 1627 Ρ.
171 1591 238 1635 293
253 1585 377 1624 πολιν
408 1578 628 1640 ὥρμησεν,
659 1585 734 1626 καί
766 1581 987 1638 βασιλεύει
1028 1585 1112 1627 τῶν
1136 1584 1371 1639 ιΡωμαίων
1398 1583 1509 1639 μετὰ
1543 1586 1768 1640 Τιβεριόυε

349 1733 385 1766 6.
408 1730 594 1780 ’Λνδρέας
618 1734 665 1775 Α,
691 1732 711 1768 ὁ
742 1732 865 1780 Ἀνδρ.
891 1734 987 1779 vulg.
1122 1748 1156 1781 9.
1179 1733 1335 1769 Ῥωΐλου
1364 1735 1392 1767 Α
1423 1733 1458 1767 b.
1595 1744 1644 1767 ιο.
1669 1745 1740 1779 γα-

347 1782 436 1829 λίκῳ
468 1783 507 1815 A.
614 1782 663 1815 ιζ).
693 1783 779 1818 λίαν
805 1781 888 1815 add.
916 1793 961 1815 ex
985 1783 1025 1816 A.
1149 1794 1201 1828 ¹7·
1228 1783 1427 1828 κατέλαβεν
1449 1781 1479 1815 A
1507 1792 1528 1816 a
1555 1781 1579 1815 f.
1633 1812 1635 1814 .
1686 1782 1739 1814 13.

347 1830 398 1877 τῷ
428 1835 545 1877 φονεῖ
562 1831 604 1872 A,
620 1831 697 1868 τῶν
718 1833 872 1877 φονέων
899 1831 998 1875 vulg.

253 1970 371 2004 exiliis
397 1975 507 2016 atque
534 1970 862 2017 proscriptionibus
893 1971 1091 2005 insectatus
1116 1975 1182 2011 est,
1210 1971 1445 2016 geminosque
1471 1968 1615 2003 tandem
1639 1967 1737 2001 Ana-

252 2019 382 2052 stasius
419 2019 636 2052 confessoris
673 2025 711 2054 et
745 2020 912 2063 martyris
947 2019 1096 2052 Maximi
1138 2019 1310 2064 probatos
1337 2018 1537 2062 discipulos
1563 2016 1676 2049 exilio
1703 2020 1740 2049 et

250 2066 473 2100 cruciatibus
511 2067 681 2101 subiecit.
745 2074 896 2114 propter
928 2066 1030 2109 haec,
1056 2068 1232 2113 inquam,
1268 2072 1397 2099 cuncta
1425 2065 1549 2098 odium
1575 2064 1736 2097 omnium

251 2115 290 2147 in
317 2126 355 2148 se
391 2115 587 2149 concitavit
623 2116 968 2161 flagrantissimum,
1007 2127 1080 2161 quo
1120 2115 1339 2155 deterritus,
1366 2113 1556 2158 imperium
1589 2113 1738 2146 Romam

251 2162 446 2196 transferre
475 2162 658 2204 decrevit,
695 2175 737 2197 ac
760 2164 831 2197 nisi
858 2164 1018 2198 Andreas
1057 2163 1302 2196 cubicularius
1329 2167 1367 2195 et
1390 2161 1609 2195 Theodorus
1636 2160 1739 2193 colo-

250 2210 388 2245 niensis
430 2211 507 2244 eius
545 2212 710 2245 consiliis
748 2212 1000 2253 obstitissent,
1051 2211 1318 2257 imperatricem
1358 2220 1398 2242 ac
1438 2214 1508 2242 tres
1551 2208 1647 2241 filios
1691 2207 1738 2240 ad

249 2269 287 2291 se
334 2259 560 2292 transfretari
598 2261 715 2293 iussos
751 2260 856 2305 Cpoli
895 2260 1119 2293 abduxisset.
1181 2269 1247 2304 per
1279 2269 1393 2290 annos
1428 2269 1491 2290 sex
1526 2255 1660 2290 deinde
1698 2255 1738 2288 in

247 2307 372 2340 Sicilia
395 2318 532 2340 moram
558 2309 679 2340 traxit.
731 2319 773 2341 eo
798 2309 908 2354 igitur
933 2309 971 2341 in
992 2312 1230 2341 memoratum
1256 2305 1428 2339 balneum
1459 2306 1635 2350 ingresso,
1660 2305 1736 2337 Au-

249 2354 355 2389 (ΙΙ-035
379 2354 529 2401 quidam
557 2355 675 2388 Troili
703 2356 810 2397 filius,
836 2363 877 2389 ut
901 2355 1056 2390 officinm
1084 2355 1152 2401 ipsi
1182 2359 1395 2399 praestaret,
1423 2366 1494 2386 una
1519 2351 1733 2397 ingreditur.

247 2415 329 2437 cum
354 2415 439 2437 vero
464 2415 600 2448 sapone
613 2403 756 2437 Gallico
783 2415 821 2437 se
847 2404 1035 2449 detergere
1056 2403 1249 2448 coepisset,
1272 2402 1405 2435 elatum
1432 2402 1469 2434 in
1497 2413 1581 2434 aera
1606 2399 1735 2433 cadum

246 2452 287 2485 iu
324 2458 433 2497 caput
459 2452 689 2495 imperatoris
723 2451 887 2485 Andreas
926 2452 1101 2497 impegit,
1139 2456 1176 2484 et
1210 2451 1330 2495 sugam
1370 2449 1564 2483 confestim
1597 2448 1734 2493 arripit.

246 2500 467 2545 imperatore
493 2500 638 2533 demum
663 2499 702 2532 in
728 2499 861 2533 balneo
898 2500 1125 2540 demorante,
1160 2499 1224 2545 qui
1251 2498 1340 2531 soris
1366 2497 1546 2538 astabant,
1573 2497 1671 2529 intus
1697 2507 1735 2528 se

247 2549 460 2589 mittentes,
492 2547 714 2582 trucidatum
756 2548 974 2589 inveniunt,
1013 2547 1193 2592 iustisque
1222 2547 1254 2580 ei
1285 2547 1498 2593 parentatis,
1530 2544 1735 2578 Armenium

247 2596 428 2642 quendam
454 2596 635 2630 Mizizium
662 2595 708 2628 ad
736 2596 955 2641 capessenda
998 2600 1139 2640 sceptra
1163 2595 1198 2628 vi
1220 2595 1444 2640 compulsum
1477 2594 1735 2639 imperatorem

247 2650 383 2678 creant.
418 2650 495 2678 erat
524 2645 620 2678 enim
646 2644 793 2677 liberali
822 2644 914 2678 sacie
944 2655 986 2676 ae
1018 2655 1125 2689 supra
1151 2643 1300 2676 modum
1330 2643 1522 2676 formosus.
1549 2646 1736 2674 caeterum

247 2693 510 2726 Constantinus
549 2692 673 2726 audita
704 2692 816 2738 patris
859 2693 912 2726 sui
939 2697 1054 2725 morte
1081 2703 1162 2725 cum
1192 2691 1333 2736 ingenti
1359 2690 1474 2723 classe
1500 2689 1544 2722 ad
1572 2688 1735 2722 Siciliam

246 2740 449 2786 appellens,
479 2740 784 2786 comprehensum
801 2740 984 2774 Mi‘zizium
1012 2752 1083 2773 una
1114 2751 1192 2772 cum
1220 2739 1331 2785 patris
1350 2737 1648 2772 interfectoribus
1675 2735 1734 2767 ul-

247 2789 404 2823 ciscitur.
432 2794 509 2822 tum
532 2801 617 2824 vero
639 2789 746 2823 rebus
772 2790 810 2822 in
836 2788 1027 2822 occidente
1056 2788 1266 2834 compositis
1293 2787 1446 2820 festinus
1462 2786 1603 2831 Cpolim
1629 2794 1734 2827 repe-

247 2836 312 2879 tit,
341 2842 378 2873 et
406 2837 578 2874 fratribus
603 2837 752 2873 Tiberio
780 2843 817 2873 et
845 2836 1015 2873 Heraclio
1046 2837 1191 2885 imperii
1214 2835 1363 2882 collegis
1391 2834 1510 2869 ascitis
1537 2834 1735 2867 Romanam
