1768 3106
267 126 386 203 498
838 120 1199 190 THEOPI-IAle‘

268 249 523 304 κτανθῆναι,
554 245 629 290 καί
658 248 824 298 ἐπιθείς
868 250 1046 306 εὐφυῶς
1091 248 1167 305 τήν
1195 249 1437 307 σφραγῖδα,
1478 247 1756 305 συναθροίζει

265 315 368 366 τούς
396 315 616 373 ἡγεμόνας,
647 318 720 359 καί
748 313 880 358 αὐτὸν
911 315 986 358 τὸν
1007 316 1309 373 Καρδαρίγαν,
1344 318 1418 359 καί
1445 316 1654 372 ἀναγνοὺς
1680 314 1756 372 τήν

264 383 492 441 ἐπιστολήν
530 381 615 440 ἔφη
655 382 764 439 πρὸς
791 381 865 426 τὸν
899 385 1208 440 Καρδαρίγαν·
1282 385 1466 442 συνορᾷς
1502 386 1632 427 τοῦτο
1659 401 1755 426 ποι-

265 458 357 506 stu
390 450 430 494 οἱ
466 453 514 494 δὲ
543 447 749 508 ἄρχοντες
783 452 931 505 θυμοῦ
960 454 1229 509 πλησθέντες,
1258 451 1333 495 τὸν
1359 449 1563 509 Χοσρόην
1594 447 1754 507 ἀπεκή-

264 537 430 578 ρυττον,
456 520 532 563 καί
548 519 655 575 πρὸς
669 518 744 562 τὸν
759 520 941 574 βασιλέα
959 519 1178 576 συνθήκας
1202 518 1417 577 εἰρηνικὰς
1438 518 1656 576 ἐποίησαν,
1683 521 1755 562 καί

132 600 251 648 Ρ.2·;ο
264 591 385 648 κοινῇ
414 585 752 643 βουλευσάμενοι
779 585 935 645 ἔδοξεν,
968 589 1040 630 ἵνα
1061 589 1107 630 ἐκ
1127 586 1402 645 Χαλκηδόνος
1424 587 1754 644 ἀναχωρήσωσι,

264 658 340 700 καί
366 658 441 700 ἑπί
476 653 530 699 τὰ
565 653 658 698 ἴδια
689 656 913 698 α’πέλθωσι
954 656 1092 711 μηδὲν
1125 654 1445 710 λυμαινόμενοι.
1487 654 1509 697 ὅ
1550 656 1598 698 δὲ
1618 652 1755 711 ‘flovi-

264 729 400 774 κλειος
427 721 619 780 ἔγραψεν
653 725 713 780 τῷ
742 723 949 781 Χοσρόῃ·
1022 722 1103 778 ἐγώ
1137 723 1302 779 διώκω,
1339 725 1416 766 καί
1448 721 1555 781 πρὸς
1584 722 1755 779 εἰρήνην

263 794 418 849 τρέχω.
477 790 527 833 οὐ
567 789 648 846 γὰρ
680 788 788 833 ἑκών
827 792 1036 845 πυρπολῶ
1058 788 1133 846 τήν
1163 792 1380 847 Περσίδα,
1413 789 1522 834 α’λλοὶ
1553 790 1755 845 βιασθείς

261 858 347 902 ὑπὸ
378 862 474 903 σοῦ’.
533 857 735 916 ῥίψωμεν
764 853 933 901 οὖνκαὶ
962 861 1041 901 νῦν
1069 857 1123 901 τὰ
1155 855 1279 915 ὅπλα,
1311 860 1387 901 καί
1412 858 1583 915 εἰρήνην
1613 853 1752 901 α’σπα-

262 925 467 982 σώμεθα·
525 928 749 981 σβέσωμεν
777 923 825 969 τὸ
858 927 970 982 πῦρ,
1009 927 1110 982 πρίν
1137 924 1183 970 τὰ
1216 929 1301 969 πᾶν
1341 928 1598 985 καταφλέξῃ.
1655 925 1756 968 τού..

261 1011 339 1039 του
373 997 422 1038 δὲ
449 992 508 1050 μή
542 994 889 1048 καταδεξαμένου
909 1029 920 1050 ,
959 992 1156 1049 μεγάλως
1198 992 1246 1037 τὸ
1290 1000 1416 1050 μῖσος
1442 996 1516 1037 τοῦ
1545 994 1653 1038 λαοῢ
1681 996 1756 1050 τῆς

264 1065 483 1120 Περσίδος
524 1061 694 1119 ηυῖξήθη
753 1064 840 1104 κατ’
897 1059 1033 1105 αὐτοῦ
1049 1095 1060 1116 ,
1108 1060 1183 1105 καὶ
1230 1060 1511 1119 ἐστράτευσεν
1555 1060 1756 1118 Χοσρόης

262 1130 425 1183 πάντας
453 1130 552 1181 τοὺς
582 1129 841 1187 α’νθρώπους
870 1132 955 1173 τῶν
989 1127 1212 1187 α’ρχόντων
1241 1127 1382 1173 αὐτοῦ’
1409 1130 1484 1174 καὶ
1511 1134 1656 1174 πᾶσαν
1682 1130 1756 1187 τήν

263 1199 505 1256 ὑπουργίαν
540 1199 680 1241 αὐτοῦ
704 1214 749 1241 τε
797 1200 988 1242 καὶτῶν
1028 1201 1241 1254 γυναικῶν
1281 1199 1436 1257 αὐτοῦ,
1474 1201 1549 1242 καί
1580 1199 1755 1249 τούτους

125 1272 250 1309 V.215
265 1268 444 1318 ὁπλίσας
472 1264 635 1317 πάντας
666 1267 879 1310 α’πέλυσεν
922 1264 1137 1324 ἑνωθῆναι
1170 1269 1229 1325 τῷ
1258 1269 1422 1328 στρατῷ
1455 1268 1534 1310 τοῦ
1558 1264 1757 1321 Ῥαζατᾶ,

265 1339 339 1379 καί
377 1336 529 1393 στῆναι
572 1336 633 1385 εἰς
674 1332 748 1378 τὸν
782 1330 924 1391 Ἀρβᾶ
956 1333 1149 1390 ποταμὸν
1194 1335 1279 1377 ἀπὸ
1311 1338 1364 1391 ιβ’
1409 1339 1564 1392 μιλίων
1592 1338 1756 1392 Κτησι-

227 1407 460 1462 Βφῶντος·
532 1403 607 1446 καί
632 1404 853 1446 ἐκέλευσεν
882 1402 1051 1461 αὐτούς,
1092 1406 1161 1446 ἵνα
1190 1401 1295 1446 ὅταν
1327 1405 1493 1464 περάσῃ
1526 1404 1598 1448 τὸν
1626 1420 1759 1446 ποτα-

264 1471 348 1527 μόν
379 1469 399 1514 ὃ
426 1468 659 1528 βασιλεύς,
700 1469 871 1526 κόψωσι
913 1471 987 1530 τήν
1025 1474 1220 1530 γέφυραν
1257 1471 1352 1531 [καὶ
1393 1471 1469 1531 τήν
1495 1474 1759 1530 ποντογέφυ-

367 1625 396 1648 1.
426 1610 550 1660 εὐφυῆ
574 1611 614 1654 Α,
643 1610 782 1659 εὐᾳιεῖ
807 1611 833 1646 f.
931 1612 964 1656 4.
990 1612 1119 1662 θυμοῦ
1144 1614 1187 1654 Α,
1210 1613 1331 1668 θυμῷ·
1357 1612 1455 1658 vulg.
1579 1610 1646 1648 τὸν
1670 1610 1755 1644 add.

364 1672 408 1694 ex
435 1663 476 1695 A.
600 1672 632 1706 7.
657 1661 779 1709 μηδὲν
806 1662 890 1708 λυιι.
917 1660 1000 1695 add.
1026 1674 1070 1694 ex
1095 1662 1124 1696 A
1151 1674 1170 1695 e
1199 1661 1224 1695 l.
1331 1673 1382 1695 ιο.
1411 1663 1476 1697 καὶ
1501 1659 1572 1696 νῦν
1599 1659 1758 1693 01111.οκ

360 1709 402 1743 A.
535 1708 586 1742 13.
615 1711 696 1744 κατ
740 1709 857 1744 αὐτοῦ
884 1709 925 1750 Α,
954 1722 1049 1745 κατα
1075 1709 1260 1756 Χοσρόου
1283 1711 1382 1755 vulg.
1530 1709 1758 1755 ἐκράτευσεν

361 1757 458 1812 vulg.
564 1758 613 1791 18.
641 1756 744 1805 ὅταν]
774 1756 885 1803 ἡνίκα
908 1758 950 1793 A.
1056 1769 1106 1804 19.
1135 1758 1154 1795 ὃ
1179 1735 1369 1806 fiscanni?
1378 1757 1462 1793 add.
1490 1768 1535 1791 ex
1554 1759 1595 1792 A.
1691 1759 1758 1791 καὶ

359 1800 428 1850 τὴν
459 1817 568 1842 novt.
598 1817 668 1840 om.
694 1806 725 1839 A
751 1805 778 1840 f

267 1927 440 1968 satrapas,
465 1922 672 1968 optimates,
709 1923 879 1958 tribunos
920 1928 959 1958 et
996 1923 1227 1958 centuriones
1266 1922 1368 1969 quasi
1405 1920 1626 1955 certissimae
1650 1922 1758 1956 morti

268 1971 439 2012 dev‚0tos
466 1971 662 2018 sigilloque
688 1971 788 2005 belle
814 1972 1006 2018 adaptato,
1046 1971 1155 2005 duces
1191 1977 1229 2005 et
1252 1971 1370 2017 ipsum
1400 1969 1639 2015 Cardaregam
1668 1982 1758 2003 con-

268 2024 384 2060 vocat,
415 2019 584 2066 lectaque
612 2020 650 2053 in
687 2021 847 2053 omnium
881 2021 1008 2054 auditu
1038 2021 1206 2067 epistola,
1244 2019 1469 2074 compellans
1496 2017 1757 2063 Cardaregam:

269 2067 375 2109 istuc,
404 2067 543 2113 inquit,
573 2067 752 2101 facturum
777 2074 813 2102 te
841 2069 1053 2114 polliceris?
1106 2069 1300 2114 optimates
1329 2068 1452 2112 itaque
1481 2065 1553 2099 iam
1578 2066 1629 2099 ira
1651 2077 1760 2100 exae-

270 2120 447 2156 stuantes,
473 2115 669 2149 Chosro'cm
693 2118 789 2161 regia
816 2116 992 2161 dignitate
1028 2116 1204 2150 excidisse
1232 2115 1446 2162 publicant,
1474 2115 1760 2162 compositisque

270 2174 352 2196 cum
378 2163 598 2208 imperatore
641 2166 740 2211 pacis
781 2165 1012 2206 foederibus,
1050 2165 1233 2198 communi
1260 2163 1422 2197 omnium
1449 2163 1603 2196 consilio
1631 2163 1759 2196 decre-

271 2217 361 2253 tum,
388 2210 629 2244 Chalcedone
646 2213 897 2254 abscederent,
925 2219 962 2247 et
988 2215 1027 2246 in
1051 2213 1204 2259 patriam
1227 2216 1507 2245 reverterentur.
1536 2212 1679 2257 scripsit
1694 2223 1761 2244 au-

274 2266 346 2293 tem
373 2259 564 2292 Heraclius
595 2259 770 2295 Chosioi:
805 2262 982 2307 insequor
1007 2268 1055 2302 te,
1084 2267 1120 2294 ct
1154 2260 1201 2293 ad
1228 2260 1425 2293 ineundam
1453 2270 1578 2305 pacem
1604 2266 1759 2294 conteu-

276 2308 323 2341 do
344 2333 353 2348 ‚
379 2318 455 2340 non
485 2308 580 2340 enim
610 2308 739 2342 lubens
781 2311 962 2343 Persidem
987 2310 1148 2348 devasto,
1174 2319 1296 2341 verum
1334 2320 1355 2341 a
1382 2314 1418 2342 te
1444 2313 1601 2341 coactus.
1653 2309 1761 2341 armis

275 2356 463 2402 proiectis,
491 2366 615 2401 pacem
642 2357 916 2401 amplexemur,
955 2364 992 2391 et
1014 2356 1224 2391 incendium
1259 2356 1522 2401 extinguamus,
1547 2356 1761 2402 priusquam

275 2410 352 2438 tota
380 2404 493 2436 moles
519 2403 726 2448 conflagret.
779 2407 919 2451 respuit
939 2405 1114 2439 Chosro'es
1133 2406 1229 2450 pacis
1259 2404 1515 2446 conditiones,
1545 2416 1588 2437 ex
1617 2416 1690 2450 quo
1721 2405 1760 2438 in

276 2464 358 2486 eum
387 2451 519 2485 Persici
546 2451 657 2484 totius
698 2453 825 2497 populi
853 2453 980 2486 odium
1017 2455 1218 2487 incensum.
1278 2464 1373 2486 novo
1400 2452 1557 2486 subinde
1585 2453 1761 2487 exercitui

275 2499 468 2534 conflando
497 2498 658 2534 studium
684 2500 853 2534 adhibet:
883 2513 994 2546 quare
1023 2502 1240 2547 optimatum
1277 2513 1421 2535 suorum
1449 2501 1680 2542 domesticos,
1703 2502 1761 2534 vi-

275 2549 423 2595 lemque
456 2549 567 2582 etiam
588 2548 835 2582 ministrorum
866 2560 1010 2583 suorum
1038 2556 1075 2583 et
1099 2550 1273 2595 pellicum
1301 2560 1444 2594 gregem
1467 2550 1572 2582 armis
1600 2549 1761 2589 instruit,

276 2603 314 2630 et
343 2603 383 2630 ut
407 2596 574 2630 Rhazatis
599 2597 773 2630 exercitui
813 2608 850 2630 se
877 2597 1143 2642 adiungerent,
1179 2599 1352 2643 imperat3
1389 2599 1508 2631 locum
1537 2598 1659 2638 etiam,
1688 2609 1761 2642 quo

276 2646 506 2686 conveniant,
529 2643 574 2678 ad
603 2644 733 2677 Arbam
760 2645 933 2679 videlicet
955 2646 1101 2679 fluvium
1132 2647 1255 2692 lapide
1284 2646 1503 2679 duodecimo
1522 2645 1763 2691 Ctesiphonte

277 2694 444 2726 ‹lissimm
470 2692 646 2738 praefigit,
673 2694 852 2739 simulque
880 2694 993 2734 iubet,
1024 2701 1062 2728 ut
1093 2695 1240 2728 flumine
1270 2695 1315 2727 ab
1342 2696 1393 2728 eis
1418 2695 1585 2734 traiecto,
1610 2700 1762 2739 pontem

278 2753 296 2774 e
323 2741 445 2786 lapide
476 2742 532 2775 vel
563 2741 661 2785 ligno
689 2742 894 2787 quemlibet
931 2743 1076 2776 solvant
1114 2748 1151 2776 et
1180 2742 1420 2789 disrumpant.
1474 2742 1670 2787 imperator
1698 2754 1763 2774 au-

278 2795 349 2823 tem
374 2790 507 2823 mensis
545 2790 702 2822 Ianuarii
728 2789 787 2824 die
824 2791 977 2837 septimo
1012 2803 1030 2825 e
1067 2791 1268 2838 Daslagerd
1303 2802 1426 2837 gressu
1453 2796 1567 2832 moto,
1593 2795 1631 2824 et
1654 2790 1762 2823 trium
