1786 3204
230 367 256 399 Β

56 434 94 468 Α.
105 431 150 466 Μ.
160 431 250 465 60οι

227 704 256 738 C

228 1310 260 1344 D

89 2133 131 2171 A.
145 2134 182 2169 C.
197 2133 261 2169 501

275 168 385 226 232
843 184 1192 253 THEOPHANIS

269 289 407 334 ἔκτισε
437 292 485 335 δὲ
515 293 589 334 καὶ
619 291 695 334 δύο
718 290 911 348 ’δημόσια
955 289 1142 345 λουτρά,
1181 287 1254 331 καί
1282 286 1438 332 ἔδωκεν
1463 283 1573 348 αὖτῇ
1604 289 1747 332 δίκαια

270 356 446 408 πόλεως.

387 427 535 484 Τούτῳ
574 428 631 484 τῷ
673 424 760 468 ἔτει
790 424 1072 475 Ἀναστάσιος
1101 423 1123 467 ὅ
1153 423 1358 479 βασιλεῦς
1396 423 1644 478 Φλαβιανὸν
1676 425 1751 468 τ’ὀν

267 494 542 549 Ἀντιοχείας
577 495 804 536 ἐπίσκοπον
836 493 1070 550 ἠνάγκασεν
1099 495 1159 552 τῷ
1205 489 1392 551 ἑνωτικῷ
1420 492 1618 549 Ζήνωνος
1647 492 1750 534 ὑπο-

266 561 455 618 γράψαι,
485 559 534 612 ὃς
564 561 748 617 ποιήσας
775 560 954 604 σύνοδον
982 562 1067 603 τῶν
1093 559 1162 602 ὑπ’
1192 558 1327 603 αὐτόν
1356 557 1597 604 ἐπισκόπων
1619 556 1786 602 πολύ-5

267 644 414 683 στιχον
440 627 669 683 ἐπιστολὴν
697 626 900 685 ἔγραψεν,
927 626 1005 684 τὴν
1034 629 1080 670 ἐν
1110 630 1271 685 Νικαίᾳ
1296 626 1372 671 καί
1404 630 1751 671 Κωνσταντινου·

270 694 390 738 πόλει
422 695 496 738 καί
516 692 679 754 Ἐφέσῳ
713 693 926 750 ὁμολογῶν
952 695 1179 749 συνόδους,
1207 693 1285 750 τήν
1314 696 1360 738 ἐν
1389 696 1634 751 Χαλκηδόνι
1665 714 1751 737 πα-

268 764 567 819 ρασιωπήσας.
639 762 876 820 ἀπεκήρυξε
923 764 971 805 δὲ
1012 764 1087 805 καί
1115 760 1347 819 Διόδωρον,
1377 761 1589 815 ὑποτάξας
1619 763 1752 819 κεφά-

268 834 372 873 λαια
403 829 453 886 δ’,
483 832 538 873 δι’
568 824 629 872 οἷν
654 829 716 886 μή
745 827 943 888 συνᾴδων
970 831 1024 888 τῇ
1054 830 1098 872 ἑν
1131 828 1377 886 Χαλκηδόνι
1406 831 1600 887 φαίνεται
1630 829 1754 872 συνό-

270 900 347 957 δῳ,
376 895 566 952 μάλιστα
609 899 658 940 δὲ
683 900 735 954 τῇ
773 898 897 954 φωνῇ
942 898 1013 955 τῇ,
1057 898 1103 940 ἐν
1132 897 1211 938 δύο
1240 896 1415 954 φύσεσι,
1445 896 1785 952 ἅπομοὶχονται.ι

272 965 384 1022 φασὶ
414 968 462 1008 δὲ
492 981 602 1017 τινες
630 961 744 1008 αὕτα
770 961 983 1009 Ἀκακίου
1013 967 1092 1008 τοῦ
1111 964 1604 1015 Κωνσταντινουπόλεως
1631 960 1753 1007 εἶναι.

271 1030 302 1074 ὅ
336 1034 383 1075 δὲ
419 1032 668 1087 Φλαβιανός
709 1033 966 1085 ἰδιάζουσαν
1007 1030 1232 1088 ἐπιστολὴν
1264 1030 1452 1088 ἔγραψεν
1480 1032 1754 1092 Ἀναστασίῳ

269 1101 328 1159 τῷ
357 1102 499 1158 σκοπῷ
530 1100 667 1142 αὐτοῦ
695 1097 921 1154 ἑπόμενος·
982 1097 1139 1154 ὁμοίως
1169 1102 1242 1143 καί
1265 1098 1449 1151 Ξεναῖοις
1478 1100 1501 1141 ὃ
1531 1099 1755 1155 δυσσεβής,

272 1166 391 1218 ὅστις
418 1171 492 1210 καί
520 1167 755 1218 adamam
783 1168 1022 1224 προσέθηκε
1051 1165 1218 1216 τούτοις
1248 1173 1337 1217 τοῖς
1361 1167 1624 1226 κεφαλαίοις,
1651 1166 1756 1211 α’νοὶ-

271 1238 388 1289 θεμα
417 1233 524 1278 κατὰ
563 1237 642 1278 τοῦ
680 1235 906 1279 θειοτάτου
940 1237 1126 1285 Λέοντος
1156 1232 1331 1292 εΡώμης
1369 1234 1445 1277 καὶ
1468 1237 1544 1292 τῆς
1571 1235 1786 1279 συνόδουΙ

274 1304 348 1344 καί
376 1305 460 1345 τῶν
489 1300 744 1360 ὁμοφρόνων
781 1302 933 1345 αὐτοῦ’.
1001 1305 1324 1353 Κωνσταντῖνος
1356 1304 1396 1345 δ’
1425 1305 1649 1353 ἐπίσκοπος
1679 1306 1758 1346 Σε-

272 1372 442 1420 λευκίας
476 1370 554 1425 τὴν
579 1372 626 1413 ἑν
658 1369 905 1426 Χαλκηδόνι
949 1370 1075 1425 ἁγίαν
1105 1368 1279 1413 σύνοδον
1317 1369 1625 1425 οἷνεθεμάτισεν
1651 1371 1759 1427 γρά-

271 1449 360 1491 ψας
384 1436 429 1482 τὸ
464 1436 582 1482 αὐτὸ,
601 1439 675 1480 καί
687 1435 859 1496 Ξεναῖζι.
890 1435 1138 1493 Φλαβιανός
1167 1439 1214 1482 δὲ
1242 1438 1301 1489 ὥς
1328 1439 1573 1494 διαβάλλων
1601 1438 1760 1491 αὐτούς

370 1604 404 1637 5.
434 1602 498 1639 ὑπ’
523 1600 638 1641 αὐτὸν
663 1604 705 1644 Λ,
732 1603 795 1640 ὑπ’
823 1602 924 1652 αὐτῷ
939 1604 974 1646 b,
1002 1603 1062 1640 ὑπ’
1089 1600 1206 1639 αὗτοῦ
1229 1605 1325 1649 vulg.
1464 1606 1498 1640 8.
1524 1606 1589 1639 καὶ
1612 1605 1758 1642 Διόδω-

373 1663 443 1698 ρον
468 1652 496 1684 Α
523 1651 569 1693 b,
610 1652 810 1700 Διόδωρον
834 1656 900 1688 καὶ
926 1652 1129 1699 Θεόδωρον
1152 1654 1247 1698 vulg.
1414 1666 1450 1699 9.
1477 1652 1509 1687 δ’
1535 1652 1619 1687 add.
1647 1666 1690 1687 ex
1715 1655 1756 1687 A.

379 1711 434 1732 io.
460 1699 502 1734 δὲ
526 1700 569 1747 τῇ
595 1700 636 1741 Α,
665 1702 708 1736 ἐν
732 1701 775 1749 τῇ
798 1701 894 1747 vulg.
997 1713 1048 1735 ιι.
1077 1704 1179 1748 φασὶ
1209 1723 1251 1728 -
1268 1721 1315 1727 -
1339 1701 1441 1738 εἶναι
1464 1712 1536 1735 om.
1560 1701 1601 1735 A.
1706 1703 1756 1735 13.

370 1746 512 1794 ὁμοίως
544 1751 609 1783 καὶ
632 1750 674 1789 Α,
715 1748 857 1796 ὁμοίως
883 1748 924 1785 δὲ
948 1750 1044 1794 vulg.
1172 1751 1221 1793 ¹4·
1248 1750 1451 1789 αὐθεντίας
1477 1753 1692 1796 προσέθηκε
1718 1751 1759 1791 A,

372 1795 622 1839 αὐθενῐήσας,
651 1807 766 1843 προσ.
791 1797 890 1843 vulg.
1018 1809 1070 1843 ¹7·
1098 1795 1374 1845 α’νεθεμάιισεν
1402 1799 1445 1840 A,
1471 1797 1634 1847 ἄναθεμ.
1660 1798 1756 1842 vulg.

377 1845 432 1897 st}-
457 1840 502 1878 ιὰ
521 1837 628 1925 lauto}
653 1845 691 1887 b,
727 1844 865 1890 ταύτην
892 1846 922 1880 Α
951 1855 998 1888 a,
1036 1840 1079 1882 τὸ
1104 1840 1195 1883 αὐτὸ
1215 1846 1314 1894 vulg.
1457 1841 1598 1889 αὐτοὺς
1622 1847 1664 1889 Α,
1691 1845 1759 1882 αὔ-

371 1904 443 1932 ·ιας
471 1903 517 1927 vu
536 1903 568 1938 g.

279 2042 429 2087 cupavit
451 2042 782 2089 Anastasiopolim:
809 2044 875 2078 sed
902 2049 940 2078 et
963 2044 1134 2090 publicae
1160 2044 1412 2078 commoditati
1442 2044 1516 2080 duo
1541 2045 1676 2080 balnea
1703 2046 1762 2081 di-

279 2091 388 2130 cavit,
413 2095 450 2123 et
475 2091 558 2123 loco
586 2093 744 2125 civitatis
770 2093 950 2126 concessit
975 2093 1066 2126 iura.

378 2138 455 2171 Hoc
481 2150 576 2172 anno
600 2140 811 2173 Anastasius
838 2141 1037 2186 imperator
1067 2139 1278 2173 Flavianum
1306 2140 1522 2175 Antiochiae
1552 2143 1762 2187 episcopum

281 2184 501 2219 concordiae
528 2188 708 2221 sanctioni
738 2199 759 2220 a
789 2189 933 2222 Zenone
966 2187 1086 2222 editae
1117 2187 1346 2221 subscribere
1371 2189 1502 2234 coegit,
1527 2189 1589 2236 qui
1618 2190 1762 2235 episeo-

279 2245 368 2279 pum
396 2232 469 2266 sibi
495 2233 725 2268 subditorum
752 2242 966 2280 congregata
995 2235 1152 2280 syuodo,
1186 2235 1363 2280 prolixam
1390 2237 1535 2283 scripsit
1559 2238 1762 2283 epistolam,

278 2280 501 2321 Nicaeum,
526 2282 758 2327 Cpolitanam
796 2290 833 2318 et
857 2284 1075 2329 Ephesinam
1100 2283 1296 2317 admittens
1333 2284 1505 2328 synodos,
1531 2285 1765 2320 Chalcedone

279 2340 367 2363 vero
391 2334 505 2362 actam
540 2329 690 2363 silentio
715 2332 915 2375 praeteriit.
966 2331 1028 2365 sed
1056 2336 1092 2364 et
1126 2330 1325 2365 Diodorum
1349 2338 1386 2366 et
1410 2332 1646 2367 Theodorum
1675 2334 1764 2367 sub-

280 2377 367 2412 inde
394 2375 602 2419 damnavit,
639 2383 800 2424 quatuor
824 2378 1024 2413 subiiciens
1053 2378 1171 2424 capita
1187 2405 1196 2420 ‚
1232 2379 1269 2412 in
1295 2379 1428 2425 quibus
1455 2393 1537 2415 cum
1560 2381 1764 2416 Chalcedo-

279 2425 386 2459 neusi
410 2424 549 2469 synodo
575 2425 725 2459 minime
761 2427 970 2460 consentire
998 2427 1161 2460 videtur:
1208 2428 1358 2462 maxime
1382 2440 1469 2462 vero
1494 2430 1643 2463 vocibus
1672 2430 1765 2471 istis,

279 2474 320 2507 in
345 2472 487 2507 duabus
513 2474 664 2514 naturis,
690 2480 930 2519 opponuntur
953 2475 1022 2508 ista
1047 2474 1219 2520 capitula.
1269 2477 1579 2511 nonnulli-Aeacii
1607 2478 1766 2523 Cpoleos

280 2521 460 2566 praesulis
497 2532 540 2554 ea
575 2522 696 2566 capita
738 2522 880 2555 foetum
925 2533 1004 2556 esse
1033 2522 1172 2556 dicunt.
1233 2535 1340 2569 porro
1367 2525 1562 2559 Flavianus
1586 2526 1767 2572 privatam

280 2569 470 2604 Anastasio
487 2567 591 2602 dedit
605 2569 812 2614 epistolam,
837 2570 961 2616 quain
985 2576 1144 2604 mentem
1165 2571 1240 2605 eius
1255 2573 1404 2607 omnino
1427 2574 1609 2615 coneedit,
1635 2585 1765 2619 quem-

281 2616 479 2651 admodum
509 2618 617 2651 etiam
646 2617 780 2662 impius
794 2617 964 2660 Xenasts,
989 2619 1054 2664 qui
1082 2630 1126 2652 eo
1159 2630 1366 2664 progressus
1393 2627 1449 2655 est
1473 2622 1700 2665 temeritatis,
1725 2628 1767 2656 ut

279 2665 451 2699 adversus
480 2664 746 2698 divinissimum
774 2666 933 2699 Leonem
966 2668 1100 2701 Romae
1129 2668 1353 2713 episcopum,
1382 2668 1563 2713 synodum
1589 2670 1705 2715 ipsam
1730 2676 1767 2704 et

279 2714 470 2758 utriusque
495 2714 650 2748 asseclas
696 2714 946 2748 execrationes
979 2715 1203 2749 immitteret.
1256 2717 1346 2762 quin
1370 2717 1477 2751 etiam
1506 2717 1767 2752 Constantinus

280 2762 469 2795 Seleuciae
494 2761 686 2807 episcopus
704 2767 865 2795 sanctam
879 2761 1213 2796 Chalcedonensem
1241 2765 1419 2806 synodum
1437 2765 1668 2799 anathemate
1684 2777 1767 2810 per«

280 2809 404 2851 cussit,
429 2808 556 2845 eadem
581 2821 728 2858 prorsus
751 2821 793 2845 ac
807 2809 965 2846 xenaias
991 2810 1165 2847 scribens.
1192 2811 1386 2849 Flavianus
1405 2819 1530 2850 autem
1554 2825 1597 2848 ac
1615 2815 1645 2849 si
1669 2814 1767 2864 ipsos
