1768 3106
243 124 360 193 644·
815 146 1164 190 THEOPHANts

242 243 556 305 Κωνσταντίνῳ
593 247 654 296 εἰς
684 245 867 301 πόλεμον
894 248 1003 303 πρὸς
1039 251 1095 307 τῇ
1123 249 1329 306 Μοὸρινῇ
1358 247 1506 306 φεύγει
1533 251 1721 305 τραπείς,

242 312 317 356 καὶ
344 312 419 356 τὸν
449 316 530 367 μὲν
563 315 781 369 πατρίκιον
822 313 1063 371 Τηριὸιίτην
1098 314 1170 358 τὸν
1205 317 1428 371 Ἀρμένιον
1458 316 1721 372 στρατιώτην

239 386 430 435 γενναῖον
476 379 722 437 ὑπάρχοντα
760 384 834 423 καί
871 381 1103 439 ἐξαδελφον
1145 383 1441 438 Ἀρταβάσδου
1471 382 1551 426 σὺν
1575 379 1720 433 ἄλλοις

239 449 473 497 ἐπιλέκτοις
503 443 712 503 ἄρχουσιν
742 448 916 491 ἀνεῖλεν.
974 447 1187 505 ἑκατέρων
1211 451 1257 492 δὲ
1285 451 1368 492 τῶν
1395 451 1540 506 μερῶν
1557 451 1719 498 πτῶσις

238 517 290 557 ου’
316 515 448 570 μικρὰ
478 518 644 570 γέγονεν
668 517 900 570 Ἀρμενίων
917 531 961 558 τε
990 519 1065 559 καί
1086 517 1377 574 Ἀρμενιακῶν
1403 519 1757 572 μαχησαμένωνό

237 582 347 639 πρὸς
385 580 660 633 ἁνατολικούς
679 583 754 625 καὶ
779 584 1046 642 Θρᾳκησιόυς
1074 583 1174 634 τούς
1203 582 1481 641 ὖπερμοὶχους
1498 586 1573 626 τοῦ
1592 587 1719 626 Κων-

237 652 473 693 σταντίνου.
549 648 570 693 ὃ
613 651 660 694 δὲ
719 652 956 705 α’ρχέκακος
1009 649 1207 706 διάβολος
1249 650 1448 708 τοιαύτην
1481 649 1595 694 ’κατὰ
1636 654 1720 694 τῶν

238 719 512 773 Χριστιανῶν
542 712 709 774 ἤγειρεν
749 721 909 773 μανίαν
949 717 1056 761 κατὰ
1097 717 1200 769 τούς
1230 719 1415 774 χρόνους
1440 717 1618 770 τούτους
1647 720 1722 760 καί

101 796 137 829 Ρ.
154 794 217 828 351
236 785 595 842 α’λληλοσφαγιάς,
627 783 734 828 ὥστε
777 786 902 828 τέκνα
947 787 1054 829 κατὰ
1085 790 1238 842 γονέων
1262 790 1334 830 καί
1361 785 1578 844 ἅδελφούς
1608 783 1716 828 κατὰ

236 853 436 908 ἀδελφῶν
472 857 767 908 συγκινεῖσθαι
797 855 988 910 ἀφειδῶς
1018 858 1077 905 εἰς
1118 856 1299 910 σφαγήν,
1325 857 1398 897 καί
1427 856 1613 911 α’νηλεῶς
1639 855 1715 908 ὲμ-
1735 871 1768 898 ι(

235 922 431 976 πυρίζειν
459 919 535 971 τὰς
566 922 766 976 α’λλήλοις
795 919 1078 977 ὑπαρχούσας
1108 922 1279 972 στάσεις
1309 938 1352 965 τε
1386 923 1461 964 καί
1489 923 1641 973 οἰκίας.

22 995 222 1030 A.M.6235
343 987 543 1043 Ἀράβων
573 989 766 1043 α’ρχηγοῦ
804 984 972 1031 Οὗαλι“ὸ“
1010 987 1101 1039 ἔτος
1132 987 1187 1031 α’.

355 1052 496 1114 Τούτῳ
535 1058 594 1114 τῷ
635 1054 717 1098 ἔτει
757 1054 865 1098 κατὰ
894 1058 1059 1111 βορρᾶν
1100 1056 1238 1114 ἐφάνη
1276 1062 1465 1114 σημεῖον,
1503 1059 1578 1100 καί
1603 1055 1718 1107 κόνις

195 1125 442 1178 Βκατῆλθεν
472 1125 532 1173 εἰς
559 1123 727 1173 τόπους.
784 1126 926 1178 γέγονε
953 1125 1001 1166 δὲ
1028 1126 1102 1166 καί
1128 1122 1301 1178 σεισμὸς
1330 1126 1390 1175 εἰς
1410 1123 1489 1176 τοὶς
1511 1127 1717 1173 Κασπίας

232 1190 392 1240 πύλας·
452 1192 526 1232 καί
555 1192 747 1249 α’νῃρέθη
775 1193 942 1234 Ουάλίδ
971 1190 1055 1234 ὑπὸ
1081 1194 1164 1234 τῶν
1186 1188 1385 1248 Ἀράβων
1410 1194 1518 1248 μηνί
1542 1193 1715 1247 Ἀπριλ-
1734 1193 1768 1234 ιέ

232 1260 307 1317 λίῳ
350 1257 414 1316 ις’,
451 1255 589 1316 ἧμὲρα
619 1259 662 1316 ε’,
703 1253 836 1314 ἄρξας
864 1257 957 1310 ἔτος
986 1257 1037 1313 α’,
1077 1262 1149 1302 καί
1177 1266 1330 1316 κρατεῖ
1349 1261 1425 1316 τῆς
1453 1261 1592 1315 α’ρχῆς
1615 1256 1721 1312 'lgm‘

232 1325 256 1367 ὅ
288 1325 472 1381 Λειψός.
544 1321 667 1376 οὗτος
705 1325 914 1382 χρήματα
955 1326 1090 1369 πολλὰ
1130 1329 1363 1382 σκορπίσας
1409 1327 1611 1383 ἐκράτησε
1640 1326 1719 1382 τήν

232 1394 493 1449 Δαμασκόν,
535 1394 610 1436 καί
637 1393 780 1445 δεξιὰς
812 1393 962 1448 ἐλαβεν
1005 1397 1082 1438 τοῦ
1123 1391 1274 1451 ἄρχειν
1317 1397 1364 1437 ἐκ
1390 1398 1474 1438 ταῖν
1501 1393 1608 1437 κατὰ
1640 1394 1719 1449 τήν

234 1460 471 1516 Δαμασκὸν
501 1461 575 1503 καί
604 1463 808 1517 Περσίδα
846 1461 918 1504 καί
945 1460 1167 1517 Αἴγυπτον
1201 1460 1411 1518 Ἀράβων.
1484 1463 1717 1519 Μαρουᾰμ

232 1527 327 1578 υἱὸς
357 1531 577 1583 ῙΠουαμὲδ
619 1527 696 1585 τὴν
722 1529 953 1586 Ἀρμενίαν
997 1531 1155 1572 διέπων
1196 1530 1382 1580 οἰκούσας
1408 1532 1555 1586 ταῦτα,
1585 1547 1711 1572 κατα·
1728 1542 1768 1569 2(

230 1595 441 1652 λαμβάνει
478 1596 554 1654 τήν
598 1598 964 1653 Μεσοποταμίαν,
997 1597 1260 1655 ὑπερμαχῶν
1287 1600 1344 1657 τῷ
1372 1601 1509 1642 δοκεῖν
1540 1601 1624 1641 τῶν
1651 1601 1716 1642 τέ-

328 1723 361 1745 2.
389 1711 465 1750 τῶν
487 1711 701 1760 Ἀρμενίων
725 1711 768 1747 Α.
889 1712 923 1756 4.
954 1712 1100 1750 ἀνεῖλεν
1127 1713 1168 1755 Α,
1195 1713 1345 1750 ἀνεῖλον
1366 1714 1462 1758 vulg.
1560 1714 1601 1750 δὲ
1629 1713 1712 1747 add.

327 1772 371 1794 ex
388 1761 429 1794 A.
549 1772 583 1805 9.
613 1760 897 1808 ἀλληλοφαγίας
925 1772 956 1794 a.
1099 1773 1151 1797 ιι.
1181 1773 1220 1797 τε
1245 1762 1327 1796 add.
1357 1774 1400 1797 ex
1424 1763 1467 1796 A.
1597 1764 1647 1798 18.
1674 1764 1715 1799 ἐκ

325 1808 402 1845 τῶν
425 1820 495 1855 mg.
520 1809 618 1852 Par„
644 1811 684 1845 ἐκ
711 1809 776 1845 τοῦ
803 1810 902 1854 vulg.

229 1912 402 1958 patricius
420 1913 609 1947 Armenius
632 1914 735 1947 miles
762 1924 968 1959 generosus,
987 1913 1179 1947 Artabasdi
1195 1912 1442 1956 consobrinus,
1467 1924 1546 1947 cum
1571 1914 1715 1948 selectis

230 1961 311 1993 aliis
336 1961 548 2006 proceribus
573 1962 691 2004 cadit,
720 1963 971 1995 Armeniorum
998 1968 1034 1995 et
1048 1963 1338 1995 Armeniacorum
1359 1961 1528 1995 adversus
1554 1963 1715 1995 orienta-

228 2009 282 2041 les
310 2015 346 2042 et
374 2009 598 2043 Thracenses
627 2010 858 2044 Constantini
882 2011 953 2046 ,ius
986 2010 1227 2043 defendentes
1265 2009 1551 2055 depugnantium
1585 2010 1714 2043 caedes

233 2057 415 2102 utrimque
440 2056 540 2090 haud
568 2058 716 2091 minima
745 2058 850 2091 sacta.
879 2057 1094 2092 calamitatis
1122 2059 1236 2091 omnis
1261 2064 1386 2091 auctor
1411 2056 1577 2090 diabolus
1603 2058 1715 2091 talem

227 2104 325 2137 inter
357 2103 583 2139 Christianos
613 2105 922 2140 dementationem
962 2112 999 2139 et
1024 2105 1152 2139 caedes
1182 2105 1382 2150 reciprocas
1409 2105 1476 2138 sub
1504 2104 1594 2139 haec
1619 2111 1713 2139 tem—

226 2163 317 2198 pora
345 2152 529 2194 excitavit,
572 2159 612 2186 ut
638 2154 706 2186 filii
731 2153 899 2187 adversus
926 2161 1106 2198 parentes,
1143 2159 1179 2186 et
1212 2153 1341 2186 fratres
1367 2153 1406 2186 in
1432 2154 1559 2186 fratres
1587 2165 1713 2187 necem

226 2200 332 2233 nullo
357 2200 543 2244 sanguinis
570 2207 633 2235 aut
654 2201 904 2246 indulgentiae
933 2201 1139 2234 discrimine
1161 2201 1352 2241 irruerent,
1378 2211 1533 2247 suasque
1558 2202 1714 2235 invicem

228 2248 391 2293 ipsorum
429 2248 556 2281 domus
591 2255 703 2295 atque
738 2250 931 2283 facultates
967 2250 1057 2283 citra
1089 2249 1182 2282 illati
1223 2248 1345 2283 damni
1383 2260 1528 2283 sensum
1563 2249 1714 2283 flammis

228 2295 435 2342 perderent.

41 2354 215 2390 A.C.··35
326 2343 482 2376 Arabum
512 2341 613 2376 ducis
643 2343 754 2376 Valid
782 2356 897 2378 annus
925 2346 1075 2390 primus.

150 2378 163 2400 ³
321 2391 398 2425 Hoc
417 2401 512 2424 anno
532 2391 567 2423 in
584 2390 723 2424 boreali
753 2393 845 2424 caeli
869 2398 971 2438 parte
997 2393 1136 2436 signum
1163 2391 1345 2437 apparuit,
1368 2392 1563 2438 pulvisque
1589 2393 1713 2427 imbris

230 2439 346 2472 instar
374 2440 414 2472 in
446 2438 587 2472 diversa
618 2439 695 2472 loca
727 2438 873 2472 decidit.
925 2440 970 2473 ad
995 2440 1140 2484 Caspias
1168 2440 1276 2472 etiam
1303 2447 1426 2486 portas
1453 2446 1568 2474 terrae
1597 2447 1712 2474 motus

231 2487 396 2532 contigit.
462 2486 595 2520 mensis
621 2486 752 2532 Aprilis
783 2487 842 2519 die
869 2486 1010 2520 decimo
1048 2492 1163 2528 sexto,
1190 2487 1430 2521 hebdomadis
1458 2489 1545 2522 feria
1572 2490 1714 2534 quinta,

230 2535 340 2568 Valid
360 2534 518 2568 Arabum
544 2534 704 2568 factione
733 2534 896 2567 sublatus
919 2541 1003 2580 post
1027 2536 1169 2580 imperii
1191 2547 1326 2568 annum
1351 2537 1511 2577 unicum,
1533 2538 1592 2569 cui
1617 2537 1713 2570 filius

230 2583 307 2616 Izid
335 2587 571 2628 cognomento
597 2583 761 2627 Leipsus,
787 2582 826 2615 id
852 2588 906 2616 est
932 2582 1151 2624 diminutus,
1180 2584 1363 2618 successit.
1407 2584 1441 2617 vis
1467 2584 1619 2617 maxima
1646 2597 1713 2630 pe·
1756 2603 1758 2608 =

232 2631 420 2664 cuniarum
443 2631 480 2663 vi
507 2635 666 2675 erogata,
686 2631 896 2663 Damascum
927 2630 1102 2671 obtinui-t,
1130 2637 1240 2677 atque
1266 2632 1311 2664 ab
1337 2631 1530 2673 Arabibus‚
1557 2633 1620 2677 qui
1640 2633 1714 2665 Da-

230 2690 401 2718 mascum,
428 2679 610 2712 Persidem
639 2684 675 2711 et
702 2680 901 2723 Aegyptum
931 2678 1153 2719 incolebant,
1181 2679 1324 2712 dextras
1347 2680 1383 2712 in
1410 2680 1552 2725 imperii
1578 2680 1712 2713 confir-

229 2727 427 2760 mationem
458 2726 611 2771 accepit.
676 2726 836 2761 Marvam
871 2732 990 2760 autem
1019 2727 1113 2759 lilius
1144 2727 1327 2769 Muamed,
1364 2727 1553 2760 Armeniae
1583 2734 1712 2769 rector,
1755 2759 1757 2761 .

230 2772 287 2808 his
316 2774 450 2809 auditis
469 2775 770 2822 Mesopotamiam
799 2780 963 2821 occupat,
988 2774 1083 2813 filios
1099 2775 1220 2819 Valid,
1248 2781 1288 2810 ut
1315 2774 1518 2819 videbatur,
1545 2776 1582 2809 in
1609 2781 1709 2810 tute-
