1820 3120
312 173 423 251 740
863 155 1218 234 mmmmm

264 297 471 351 Βζεσθαι,
500 292 578 349 τήν
605 294 915 351 παρελθοῦσαν
943 292 1180 349 εὐημερίαν
1209 290 1482 348 ἐμακάριζον,
1513 289 1588 334 καί
1603 289 1680 347 τήν
1696 292 1801 346 μέλ-

301 368 463 406 λουσαν
494 361 671 405 ἔσεσθαι
693 363 930 416 δυστυχίαν
965 361 1037 402 διά
1070 360 1145 416 τῆς
1173 361 1426 417 τυραννίδος
1455 359 1681 416 ἐθρήνουν,
1711 355 1800 413 μά-

302 436 429 475 λιστα
464 432 512 474 δὲ
542 426 637 474 ὅσοι
662 433 739 486 τῆς
760 430 948 486 πονηρᾶς
981 426 1151 485 γνώμης
1181 430 1260 470 τοῦ
1287 425 1501 483 τυράννου
1530 426 1685 484 πεῖράν
1701 443 1799 470 τινα

300 499 606 556 προειλήφασι.
663 496 780 554 κοινη
815 500 862 541 δὲ
892 496 1054 547 πάντας
1086 502 1279 551 κατεῖχεν
1309 495 1501 553 ζόφωσις
1529 498 1602 538 καί
1629 492 1799 549 οἶπαριέ-

300 573 453 623 κλητος
484 567 684 622 ἀθυμία,
713 567 783 610 ἵνα
820 564 880 620 μὴ
914 564 1026 607 κατὰ
1065 567 1198 620 μέρος
1227 567 1302 620 τῆς
1330 566 1517 620 ἐλεεινῆς
1546 562 1599 607 τὰ
1632 563 1820 619 ἀκαλλῆὲ

301 637 470 694 ῥήματα
495 634 674 694 γράφων
700 633 877 692 μηκύνω
908 633 978 677 τὸν
1008 630 1145 688 λόγον.
1219 629 1271 690 ἦν
1299 632 1381 691 γὰρ
1412 632 1531 688 παρὰ
1562 630 1698 691 φύσιν
1725 634 1800 676 καί

298 707 377 749 τοῦ
406 706 530 760 ἀέρος
560 706 649 747 κατ’
671 702 808 760 αύτην
838 701 1004 758 ἀθρόον
1034 701 1081 744 τὸ
1113 699 1364 759 κατάστημα
1393 698 1569 757 συμβὰν
1597 703 1798 757 σκυθρω·

299 772 382 816 πόν
424 772 500 815 καί
538 771 805 829 ἀφώτιστον,
846 773 922 814 καί
962 769 1093 827 κρύος
1134 768 1456 814 ἅκατάλλακτον
1497 771 1798 827 φθινοπωρινῇ

299 837 393 899 ὥρᾳ
420 839 646 896 γενόμενον
675 841 882 896 δηλοῦντα
915 840 1069 898 σαφῶς
1096 837 1173 895 την
1204 840 1408 895 ἐσομένην
1441 837 1578 882 αὐτοῦ
1610 838 1796 893 δυστρο-

297 909 400 952 πιάν
428 908 504 952 καί
541 908 803 952 α’νύποιστον
844 905 1056 965 κάκωσιν,
1097 906 1173 951 καί
1196 908 1387 963 μάλιστα
1416 913 1506 959 τοῖς
1533 908 1820 966 ψηφισαμὲ-ι

257 986 398 1027 Ονοις.
431 978 484 1036 τῇ
513 975 596 1032 γὰρ
626 974 808 1036 ἐπιούσῃ
837 977 1104 1034 παραλαβών
1133 993 1252 1027 τινας
1283 978 1370 1019 τῶν
1398 976 1632 1033 πατρικίων
1660 975 1791 1032 α’νῆλ-

293 1049 372 1088 θεν
398 1044 507 1101 πρὸς
530 1045 609 1101 τὴν
637 1047 843 1100 βασιλίδα
864 1046 1209 1103 φρουρουμένην,
1239 1042 1576 1103 ὑποκρινόμενος
1603 1045 1684 1099 μὲν
1711 1043 1793 1100 τὴν

292 1113 410 1173 αύτῷ
436 1112 605 1170 συνήθη
633 1111 1058 1171 ψευδοχρηστότητα,
1089 1115 1146 1156 δι’
1174 1108 1225 1170 ἧς
1246 1116 1321 1156 καί
1336 1111 1556 1171 ἠπάτησεν
1583 1111 1686 1163 τούς
1717 1130 1792 1155 πι-

290 1178 443 1232 στούς·
476 1182 819 1237 ἀπολογούμενος
859 1183 908 1224 δὲ
948 1183 1070 1240 αύτῇ,
1099 1181 1158 1233 ὥς
1185 1182 1401 1234 ἀκουσίως
1441 1182 1515 1225 ε’πί
1541 1181 1621 1238 τὴν
1651 1180 1793 1238 α’ρχην

290 1249 629 1306 οἷναβιβασθείς,
659 1252 734 1292 καί
769 1249 828 1300 ὥς
869 1245 923 1307 ἧν
951 1249 1110 1308 ταύτης
1152 1249 1387 1307 α’νὸρεκτος,
1415 1247 1715 1307 καταρώμενος
1743 1251 1820 1295 δὲ]

289 1318 391 1369 τούς
417 1319 769 1374 προβιβάσαντας
797 1321 880 1374 μὲν
910 1318 1053 1377 αὐτόν,
1084 1317 1474 1374 ἐπιβουλεύσαντας
1502 1320 1550 1362 δὲ
1581 1317 1704 1378 αὖτῇ,
1732 1318 1792 1369 ὥς

288 1386 313 1428 ὅ
343 1385 550 1444 προδότης
580 1386 743 1438 Ἰούδας
783 1386 853 1431 τὸν
897 1385 1046 1444 κύριον
1075 1385 1184 1443 μετὰ
1225 1386 1271 1431 τὸ
1304 1389 1627 1445 συνδειπνῆσαι,
1654 1404 1791 1444 μιμη-

286 1453 363 1506 τὰς
393 1457 442 1498 δὲ
471 1456 635 1499 ἐκείνου
663 1454 769 1500 κατὰ
794 1456 936 1499 πάντα
964 1457 1199 1513 μαρτυρῶν
1240 1454 1401 1508 αὐτοὺς
1432 1451 1557 1499 εἶναι·
1614 1455 1791 1498 ὑποδει-

289 1522 391 1574 κνύς
422 1526 470 1567 δὲ
497 1525 571 1566 καί
589 1527 758 1579 μέλανα
787 1522 1049 1581 ὑποδήματα
1079 1528 1355 1582 περικεῖσθαι
1385 1528 1524 1581 φιλεῖν
1539 1523 1658 1582 παρὰ
1686 1522 1791 1574 τούς

289 1590 538 1644 βασιλικούς
582 1591 774 1648 θεσμοὺς
819 1591 1216 1648 διαβεβαιούμενος.
1283 1596 1467 1651 θαρσεῖν
1514 1594 1563 1636 δὲ
1606 1592 1820 1652 παρῄνειπ

386 1737 420 1782 4.
449 1736 555 1782 κοινὴ
584 1739 627 1780 Α,
649 1738 760 1788 κοινῇ
785 1738 881 1785 vulg.
978 1740 1013 1775 8.
1028 1740 1168 1784 κρύους
1193 1738 1474 1776 ἅκαταλλάκτου
1497 1738 1596 1784 vulg.
1694 1741 1790 1787 ‹pm-

385 1786 581 1837 νοπωρινῇ
607 1785 690 1835 ὥρᾳ
728 1791 778 1843 Q,
818 1783 1093 1835 φθινοπωρινὴ
1133 1786 1214 1835 ὥρα
1250 1789 1348 1834 vulg.
1496 1801 1531 1835 9.
1560 1785 1679 1823 αὐτοῦ
1703 1786 1787 1821 add.

385 1847 427 1868 ex
458 1836 500 1869 A.
633 1848 686 1871 ια.
711 1849 779 1880 την
803 1836 908 1884 αὐτῷ
937 1837 1083 1882 συνήθη
1111 1835 1222 1884 ψευδ.
1255 1837 1294 1880 Α,
1335 1834 1385 1877 ὥς
1409 1831 1455 1880 ἦν
1483 1833 1587 1884 αὐτῷ
1612 1836 1789 1880 σύνηθες,

383 1884 620 1930 ψευδ.,νιιίς.
726 1885 778 1920 13.
803 1880 964 1925 πιστοῦς
986 1888 1037 1928 A,
1069 1886 1270 1926 πλείστους
1292 1886 1389 1930 vulg.
1497 1885 1549 1919 15.
1577 1887 1643 1920 καὶ
1669 1884 1720 1925 ὥς
1743 1880 1790 1930 ἦν

388 1934 431 1974 Α,
458 1933 510 1973 ὥς
535 1929 581 1978 ἦν
609 1933 706 1980 vulg.
837 1934 889 1969 16.
917 1928 1008 1975 τοὺς
1033 1939 1146 1982 προβ.
1171 1955 1217 1961 --
1244 1954 1294 1962 --
1319 1935 1416 1982 ἐπιβ,
1447 1934 1488 1971 δὲ
1515 1933 1599 1968 add.
1628 1944 1674 1968 ex
1697 1934 1739 1968 A.

293 2078 587 2122 arbitrabantur3
625 2080 691 2114 alii
727 2092 785 2116 res
826 2081 968 2116 suturas
1005 2082 1178 2117 solertius
1213 2081 1397 2116 coniicere
1437 2080 1551 2121 docti,
1588 2078 1789 2126 praeterita

292 2128 537 2174 prosperitate
564 2129 725 2171 laudata,
752 2131 1005 2165 imminentem
1042 2130 1109 2164 sub
1134 2129 1343 2164 inducenda
1371 2128 1566 2174 tyrannide
1595 2128 1787 2163 calamita-

293 2182 394 2217 tem,
425 2177 487 2223 qui
526 2178 683 2211 maxime
717 2189 865 2224 pravam
896 2180 1043 2223 tyranni
1069 2179 1290 2213 seutentiam
1323 2178 1470 2212 fuerant
1496 2177 1649 2223 experti,
1673 2176 1789 2210 defle-

291 2225 396 2258 bant.
448 2226 646 2269 generatim
675 2225 792 2260 (licam
818 2238 945 2261 omnes
971 2229 1104 2262 mentis
1128 2228 1246 2272 caligo
1274 2227 1474 2272 solatiique
1499 2236 1629 2271 expers
1653 2225 1787 2271 despe-

294 2273 387 2307 ratio
415 2273 621 2314 invaserat,
651 2285 718 2316 ne,
747 2276 777 2308 si
817 2276 1081 2323 incompositos
1121 2275 1349 2321 singulorum
1397 2284 1580 2307 sermones
1618 2274 1787 2315 referam,

294 2321 496 2366 longiorem
523 2322 673 2357 efficiam
700 2323 915 2359 orationem.
966 2326 1055 2372 quin
1083 2325 1192 2358 etiam
1218 2324 1297 2369 ipsa
1325 2328 1471 2369 praeter
1499 2328 1664 2356 naturam
1693 2323 1787 2356 aeris

294 2371 522 2412 constitutio,
549 2382 645 2416 quae
670 2371 736 2404 illa
762 2371 824 2406 die
849 2373 927 2407 visa
950 2371 1134 2408 horrenda
1162 2378 1199 2406 et
1225 2372 1337 2418 plane
1367 2371 1519 2405 obscura
1548 2371 1629 2412 fuit,
1654 2371 1788 2417 frigus-

294 2431 366 2465 que
396 2419 654 2460 intolerabile,
691 2419 791 2466 quod
817 2426 906 2463 tum,
941 2422 1106 2468 quamvis
1134 2427 1330 2454 autumnus
1356 2425 1465 2460 esset,
1492 2419 1699 2465 ingruebat,
1726 2420 1788 2453 su-

293 2473 412 2501 turam
438 2468 546 2501 huius
585 2467 790 2501 vecordiam
823 2470 1076 2516 malitiamque
1111 2470 1259 2503 minime
1293 2468 1522 2503 tolerandam
1552 2469 1668 2514 ipsius
1706 2480 1787 2501 ma-

293 2517 391 2549 xime
419 2516 625 2550 fautoribus
663 2517 860 2551 manifesto
892 2518 1150 2564 portendebat.
1212 2517 1391 2563 postridie
1430 2518 1570 2563 quippe
1596 2517 1786 2550 nonnullis

293 2565 458 2610 patriciis
498 2565 690 2599 comitatus
713 2565 761 2599 ad
783 2566 1047 2612 imperatricem
1084 2565 1153 2599 sub
1180 2565 1347 2599 custodia
1373 2565 1562 2600 detentam
1587 2576 1626 2599 se
1652 2571 1788 2599 contu-

295 2612 350 2653 lit,
375 2612 637 2660 familiarisque
664 2613 736 2647 sibi
765 2614 1051 2650 benevolentiae
1077 2614 1246 2648 fallacem
1264 2615 1436 2660 speciem,
1463 2625 1536 2660 qua
1558 2613 1694 2647 multos
1721 2613 1788 2647 ‹le-

295 2661 403 2706 cepit‚
425 2673 512 2708 prae
538 2673 576 2696 se
602 2662 735 2704 ferens,
763 2663 919 2697 invitum
939 2664 1088 2697 omnino
1112 2662 1378 2710 adimperium,
1405 2661 1466 2710 (ab
1481 2662 1571 2703 eius,
1601 2661 1786 2708 siquidem

295 2709 430 2751 aiebat,
461 2710 635 2755 cupidine
664 2712 807 2745 alienus
828 2713 933 2760 erat‚)
960 2717 1126 2745 evectum
1153 2723 1191 2745 se
1221 2711 1429 2753 excusabat,
1456 2710 1655 2756 proditoris
1672 2709 1784 2744 Iudae

294 2758 411 2791 instar
439 2758 627 2793 dominum
664 2771 778 2794 coena
805 2771 843 2793 se
883 2761 1126 2807 excipientem
1162 2759 1353 2802 tradentis,
1387 2760 1433 2793 iis
1457 2758 1694 2800 maledicens,
1721 2760 1786 2804 qui

296 2806 440 2850 reginae
469 2808 632 2842 insidiati
659 2809 729 2854 ipsi
754 2811 1032 2854 persuasissent,
1059 2809 1160 2842 cuins
1188 2810 1240 2842 rei
1268 2814 1380 2842 testes
1406 2809 1484 2854 ipse
1513 2808 1680 2853 proprios
1705 2819 1784 2841 mo-

296 2866 372 2888 rum
398 2855 600 2891 imitatores
625 2857 849 2903 proferebat.
899 2858 1007 2893 simul
1032 2864 1152 2892 autem
1178 2858 1280 2903 nigra
1307 2857 1553 2891 calceamenta
1584 2861 1784 2898 ostentans,
