1768 3106
228 99 347 168 646
757 127 761 131 ¹
777 120 1126 164 THEOPHANIS

224 236 294 274 χει
329 219 720 274 παρακαθίσαντος.
789 224 866 264 καί
904 223 1046 266 ἐλθών
1090 221 1163 266 ἐπὶ
1202 222 1279 280 τήν
1309 226 1509 279 Χαρσίου
1553 226 1714 282 πόρταν

227 289 459 343 διέδραμεν
490 288 568 337 ἕως
597 291 671 343 τῆς
692 291 873 345 Χρυσῆς
902 290 1060 346 πόρτης
1085 287 1238 333 ἑαυτὸν
1265 297 1351 342 τοῖς
1380 287 1525 347 ὄχλοις
1553 294 1712 336 ἐπιδει-

226 354 387 410 κνύων,
421 354 495 398 καί
530 354 658 398 πάλιν
697 355 990 413 ὑπέστρεψεν,
1019 359 1093 399 καί
1123 360 1373 413 η’πλίκευσεν
1401 362 1461 410 εἰς
1489 359 1559 404 τὸν
1591 358 1712 416 ἅγιον

97 419 459 477 P.352Mcip1m1ra.
520 421 558 465 οἱ
592 424 639 465 δὲ
669 426 742 477 τῆς
761 423 924 473 πόλεως
952 419 1134 480 ἤρξαντο
1153 427 1410 470 στενοῦσθαι
1438 428 1499 478 εἰς
1526 426 1614 478 τὰς
1631 431 1712 470 δα-

225 484 379 547 πάναςζ
403 492 479 532 καί
505 491 755 540 α’ποστείλας
778 489 1042 534 Ἀθανὰσιον
1070 492 1145 534 τὸν
1180 491 1416 549 ἆσηκρήτις
1448 497 1523 538 καί
1559 495 1750 550 Ἀραὶ-5

89 560 389 613 v.280ssao‹50v
419 558 497 601 τόν
523 560 774 613 δομὲστικον
817 561 956 602 αὐτοῦ
984 558 1092 615 πρὸς
1119 558 1165 603 τὸ
1209 563 1380 615 κομίσαι
1414 561 1613 614 δαπάνας
1639 562 1710 605 διὰ

223 628 403 681 σκαφῶν
431 620 558 682 εὗρεν
585 624 763 676 τούτους
792 626 815 668 ὅ
845 625 995 675 στόλος
1031 629 1118 669 τῶν
1148 630 1497 684 Κιβυρραιωταῖν
1521 629 1607 683 ἔξω
1635 634 1713 687 τῆς

221 692 431 748 Ἀβύδου,
470 691 547 736 καὶ
572 694 751 743 τούτους
792 692 1019 749 κατασχών
1051 693 1161 750 πρὸς
1193 694 1266 739 τὸν
1291 698 1473 750 βασιλέα
1502 693 1711 756 ἀνήγαγε,

223 761 298 802 καί
328 758 404 803 τόν
427 762 508 814 μὲν
550 765 670 804 σῖτον
699 766 788 812 τοῖς
827 762 952 812 ἰδίοις
989 765 1107 812 λαοῖς
1145 763 1416 820 ἐδωρήσατο,
1455 763 1714 809 Ἀθανὸσιον

225 829 273 871 δὲ
300 826 375 870 καί
399 826 693 881 Ἀρτάβασδον
716 827 918 885 παραυτά
947 827 1213 887 ἐτύφλωσεν.
1269 826 1378 886 μετὰ
1408 834 1546 876 ταῦτα
1577 834 1713 877 ἐδοκί-
1731 855 1768 882 it

222 910 361 948 μασεν
385 893 678 951 Ἀρτάβασὸος
697 897 867 949 α’νοῖξαι
896 896 975 947 τὰς
1001 901 1078 940 τοῦ
1096 900 1306 955 χερσαίου
1333 901 1502 955 τείχους
1530 901 1715 957 πόρτας,

223 964 300 1005 καί
327 966 566 1018 συμβαλεῖν
594 961 783 1019 πόλεμον
810 963 915 1019 μετὰ
943 967 1022 1008 τοῦ
1041 965 1382 1010 Κωνσταντίνου.
1440 968 1516 1011 καί
1539 970 1714 1024 γενομέ-

222 1046 297 1086 νης
326 1032 568 1089 συμβολῆς,
605 1028 856 1089 ἐτράπησαν
898 1031 937 1075 οἱ
978 1035 1055 1076 τοῦ
1093 1033 1410 1093 Ἀρταβάσδου,
1448 1035 1526 1079 καί
1566 1037 1719 1080 πολλοὶ

186 1099 457 1155 Βοῖπέθανον,
492 1100 538 1142 ἐν
565 1094 629 1150 οἷς
658 1101 734 1143 καί
764 1097 787 1141 ὅ
808 1101 1038 1158 Μονούτης
1055 1118 1067 1130 ·
1129 1102 1453 1154 κατασκευάσας
1483 1106 1530 1147 δὲ
1558 1103 1712 1160 Ἀρτά-

223 1168 383 1221 βασὸος
409 1165 851 1226 κακκαβοπυρφόρους
881 1169 1126 1212 α’πὲστειλεν
1152 1170 1214 1219 εἰς
1243 1167 1319 1212 τὸν
1349 1167 1469 1226 ἅγιον
1488 1170 1712 1226 Μοίμαντα
1732 1177 1768 1218 ιξ

224 1234 333 1277 κατὰ
365 1236 441 1276 τοῦ
478 1233 630 1278 στόλου
670 1237 754 1278 τῶν
792 1239 1154 1293 Κιβυρραιωταῖν,
1188 1238 1264 1279 καί
1292 1238 1514 1295 α’πήλαοεν
1543 1238 1713 1289 αὐτούς.

224 1304 388 1360 ἐγένετο
431 1303 480 1344 δὲ
510 1300 635 1357 λιμός
676 1303 855 1360 ἰσχυρὸς
900 1305 946 1346 ἐν
987 1305 1042 1363 τῇ
1070 1305 1210 1363 πόλει,
1242 1301 1354 1349 ὥστε
1383 1310 1606 1363 πραθῆναι
1638 1305 1715 1350 τὸν

224 1368 379 1424 μόδιον
406 1372 481 1426 τῆς
522 1371 678 1427 κριθῆς
704 1373 980 1426 νομισμάτων
1017 1369 1198 1430 δώδεκα,
1242 1376 1319 1416 τοῦ
1348 1376 1396 1417 δὲ
1427 1373 1612 1429 ὀσπρίου
1644 1377 1714 1417 ἐν..

226 1436 506 1495 νεακαάῖεκα,
538 1440 618 1481 τοῦ
656 1439 705 1482 δὲ
746 1440 928 1496 κέγχρου
969 1438 1046 1482 καὶ
1082 1443 1163 1483 τοῦ
1201 1440 1405 1485 λουπίνου
1438 1440 1713 1497 νομισμάτων

223 1502 348 1563 ὀκτώ,
376 1505 422 1549 τό
446 1506 495 1549 δὲ
523 1502 667 1549 ἔλαιον
690 1507 812 1550 πέντε
837 1509 983 1565 λίτρας
1011 1509 1089 1550 τοῦ
1108 1508 1382 1566 νομίσματος,
1411 1509 1488 1553 καί
1513 1509 1535 1551 ὅ
1567 1512 1768 1567 ξέστηςα(

327 1644 355 1665 1.
381 1632 530 1680 πόρταν
551 1632 594 1674 A,
618 1632 764 1680 πόρτην
791 1634 887 1679 vulg.
1011 1647 1045 1681 7.
1068 1634 1326 1682 Κυβερεωτῶν
1351 1635 1392 1670 Α.
1498 1636 1550 1679 14.
1579 1635 1599 1671 ὃ
1626 1635 1710 1669 add.

321 1691 366 1713 ex
392 1682 434 1715 A.
539 1682 591 1715 15.
620 1681 1019 1729 κακκαβοπορφύρους
1051 1683 1093 1717 Α.
1198 1685 1249 1718 16.
1277 1683 1474 1728 ἀπήλασεν
1501 1685 1542 1726 Α,
1567 1684 1713 1728 ἀπήλα-

321 1738 398 1765 σαν
420 1729 518 1773 vulg.
624 1741 675 1775 ¹7-
710 1731 807 1777 ἐγέν.
835 1731 876 1765 δὲ
900 1732 943 1772 A,
967 1733 1033 1767 καὶ
1057 1732 1113 1779 ἐγ.
1143 1730 1184 1766 δὲ
1207 1732 1303 1777 vulg.
1386 1734 1436 1766 18.
1463 1732 1716 1781 νομισμάτων

319 1778 616 1858 Α,υνομίσματα
642 1778 738 1824 vulg.
776 1778 985 1826 utrobique.
1145 1781 1213 1816 τοῦ
1250 1780 1292 1816 δὲ
1325 1777 1490 1828 ὀσπρίου
1518 1793 1607 1829 νομ.
1634 1782 1710 1819 ἐνν·

322 1825 369 1859 ad
400 1850 408 1858 .
432 1837 477 1859 ex
498 1828 540 1859 Α.

224 1939 357 1984 attigit,
384 1940 516 1975 exinde
548 1941 595 1975 ad
620 1942 743 1985 aliam,
772 1954 866 1989 quae
885 1944 1003 1978 Aurea
1028 1946 1249 1986 nominatur,
1273 1943 1374 1991 plebi
1394 1945 1567 1989 seipsum
1592 1942 1714 1989 palam

224 1988 420 2022 ostendens
448 1991 617 2032 excurrit,
644 2002 685 2024 ac
721 1991 915 2025 confestim
943 2004 1105 2026 reversus
1142 1993 1189 2026 ad
1214 1998 1376 2026 sanctum
1403 1993 1623 2026 Mamantem
1648 2004 1715 2037 ap-

223 2035 367 2082 plicuit.
430 2037 525 2071 cives
552 2039 690 2072 interea
731 2051 899 2073 annonae
921 2041 1094 2085 ,penuria
1131 2041 1246 2087 premi
1271 2051 1435 2086 coepere,
1477 2039 1713 2086 quamobrem

225 2083 463 2117 Athanasium
490 2097 510 2117 a
537 2088 686 2120 secretis
715 2093 754 2121 et
771 2088 1014 2122 Artabasdum
1041 2089 1279 2122 domesticum
1305 2088 1351 2121 ad
1377 2094 1617 2121 commeatum
1644 2100 1713 2121 na-

225 2132 355 2166 viculis
380 2132 419 2165 in
446 2133 574 2167 urbem
600 2134 855 2170 advehendum
876 2137 1100 2171 Artabasdus
1120 2137 1231 2178 misit,
1261 2148 1351 2182 quos
1376 2147 1456 2170 cum
1470 2135 1714 2180 Cibyrrhaeo-

225 2185 345 2213 tarum
375 2180 497 2214 classis
542 2187 643 2215 extra
679 2183 800 2228 Abydi
835 2185 1019 2229 angustias
1052 2185 1195 2219 obviam
1229 2184 1433 2226 habuisset,
1474 2184 1644 2218 detentos
1669 2184 1717 2218 ad

226 2228 485 2273 imperatorem
509 2229 697 2272 conduxit,
722 2232 787 2277 qui
810 2233 970 2278 propriis
998 2233 1147 2279 quidem
1171 2233 1286 2278 copiis
1312 2238 1554 2278 comparatam
1573 2232 1618 2266 ab
1640 2232 1716 2266 illis

226 2287 409 2309 annonam
446 2276 658 2319 distribuit,
687 2279 924 2313 Athanasium
961 2292 1047 2315 vero
1075 2286 1113 2314 et
1136 2280 1376 2316 Artabasdum
1411 2281 1595 2327 extemplo
1623 2281 1715 2314 lucis

227 2324 405 2357 iacturam
430 2324 534 2357 luere
569 2325 687 2359 iussit.
747 2328 979 2372 postmodum
1006 2328 1228 2363 Artabasdus
1267 2329 1448 2363 terrestris
1472 2330 1565 2362 muri
1591 2334 1716 2374 portas

230 2373 383 2419 eiusque
410 2372 488 2406 vias
513 2372 584 2406 sibi
612 2374 747 2407 liberas
773 2375 950 2418 reddere,
983 2382 1022 2410 et
1057 2389 1138 2410 cum
1165 2377 1407 2411 Constantino
1433 2389 1560 2410 manus
1589 2388 1718 2411 conse-

230 2431 309 2453 rere
335 2419 508 2454 decrevit.
559 2433 671 2467 quare
699 2422 792 2455 inito
818 2425 973 2469 praelio,
999 2424 1101 2458 fusus
1125 2430 1180 2459 est
1203 2425 1393 2459 Artabasdi
1421 2426 1609 2465 exercitus,
1633 2426 1718 2470 plu-

230 2469 398 2514 rimique,
428 2469 525 2502 inter
551 2480 643 2515 quos
674 2470 855 2512 Mouutes,
881 2472 1088 2506 desiderati.
1147 2478 1223 2507 tum
1251 2473 1475 2507 Artabasdus
1499 2473 1654 2506 biremes
1678 2474 1719 2506 in

231 2516 376 2550 cacabis
403 2516 580 2550 Graecum
618 2517 739 2562 ignem
777 2518 936 2553 serentes
970 2521 1175 2563 instruens,
1214 2521 1260 2555 ad
1289 2527 1455 2555 sanctum
1495 2521 1719 2555 Mamantem

232 2563 406 2598 adversus
433 2564 776 2610 Cibyrrhaeotarum
802 2567 950 2602 classem
979 2569 1168 2611 summisit,
1204 2581 1298 2616 quae
1326 2570 1524 2603 etiamnum
1549 2569 1719 2615 repulsae

232 2618 331 2653 sunt,
359 2618 396 2645 et
425 2618 603 2646 retorsum
637 2620 752 2648 actae.
808 2627 918 2661 porro
946 2616 1058 2650 fames
1087 2618 1214 2662 ingens
1252 2618 1380 2652 urbem
1406 2617 1601 2664 oppressit,
1626 2616 1719 2650 adeo

233 2665 275 2693 ut
301 2659 429 2693 hordei
457 2661 600 2695 modius
639 2663 795 2696 nummis
835 2663 1041 2706 duodecim,
1070 2664 1295 2710 leguminum
1323 2665 1585 2706 novemdecim,
1612 2665 1720 2698 millii

233 2707 522 2754 lul-vinorumque
552 2715 635 2742 octo
661 2712 923 2753 aestimaretur,
953 2713 1025 2746 olei
1051 2715 1215 2759 quinque
1246 2714 1362 2747 librae
1386 2725 1536 2748 nummo
1565 2714 1720 2757 integro,

232 2755 308 2790 vini
334 2758 511 2791 sextarius
550 2757 702 2792 dimidio
727 2761 880 2795 veniret.
932 2761 1069 2808 populo
1096 2762 1220 2809 itaque
1245 2762 1401 2809 penuria
1427 2762 1496 2796 cibi
1529 2767 1720 2808 pereunte,
