1768 3106
243 166 361 236 634
805 189 1155 232 THEOPHAle

242 288 321 344 κῆν
350 288 500 332 πολλοὶ
524 294 626 346 παρ’
655 291 799 335 αΰτῶν
827 286 986 336 ὤλοντο
1023 291 1105 335 miv
1136 293 1197 351 τῷ
1226 293 1529 350 στρατηγοῦντι
1559 293 1729 347 ὀνόματι

245 358 531 417 Δαμασκηνῷ.

31 429 231 466 A.M.6232
360 424 504 484 Τούτῳ
522 427 580 484 τῷ
595 424 679 468 ἔτει
710 428 882 484 εἰκοστῷ
910 425 1101 486 τετάρτῳ
1119 429 1190 484 τῆς
1218 428 1440 482 βασιλείας
1451 430 1641 478 Λέοντος
1654 430 1730 470 τοῦ

205 491 451 549 Οτυροίννου
483 495 557 535 καί
574 492 937 547 παρανομωτὰτου
954 492 1098 548 Σύρου
1129 492 1313 551 ἑκάησαν
1331 496 1486 550 ἀγοραὶ
1512 498 1558 538 ἐν
1573 498 1731 549 Δαμα-

242 561 330 618 σκῷ
354 558 436 601 zinci
462 560 718 618 Ἱερακιτῶν,
749 562 821 603 καί
849 562 1224 619 ἐφουρκίσθησαν,
1255 562 1331 605 καί
1357 565 1556 618 εἰσῆλθεν
1584 562 1607 604 ὗ
1633 566 1766 617 χεί-5

240 642 408 683 μαρρος
438 629 483 669 ἐν
509 627 684 686 Ἐδέσσῃ
716 626 822 685 μηνὶ
836 629 1030 688 Περιτίῳ
1051 627 1130 685 κη’.
1189 629 1264 672 καί
1289 632 1346 688 τῷ
1375 631 1494 688 αὐτῷ
1525 628 1608 673 ἔτει
1638 646 1731 674 σει-

240 693 347 747 σμὸς
371 697 538 750 γέγονεν
575 695 710 751 μέγας
736 698 810 738 καί
841 695 1023 752 φοβερὸς
1064 697 1109 739 ἐν
1139 691 1598 740 Κωνσταντινουπόλει
1626 700 1734 755 μηνί

236 761 477 821 Ὀκτωβρίῳ
517 764 687 821 εἰκοστῇ
711 762 830 822 ἕκτῃ,
877 765 1106 807 ι’νδικτιῶνι
1144 764 1318 823 ε’ννάτῃ,
1358 765 1497 824 ἡμέρᾳ
1535 764 1731 824 τετάρτῃ,

240 826 332 889 ὥρᾳ
361 826 514 888 ὀγδόῃ,
551 830 626 874 καί
653 831 907 889 ἑπτιόθησαν
944 834 1165 888 ἐκκλησίαι
1203 834 1279 875 καί
1318 830 1600 890 μοναστήρια,
1628 831 1732 883 λαός

238 912 284 939 τε
313 898 448 948 πολὺς
476 900 665 955 τέθνηκε.
726 897 876 943 ἔπεσεν
905 901 952 943 δὲ
980 902 1055 943 καί
1081 899 1104 942 ὁ
1126 897 1308 957 ἆνδριοὶς
1337 899 1359 942 ὃ
1393 897 1528 950 ἑστώς
1557 900 1630 943 ἐπὶ
1656 902 1761 957 τῆςι

238 963 419 1008 Ἀτάλου
468 964 629 1023 πόρτης
673 970 753 1010 τοῦ
791 964 981 1023 μεγάλου
1018 967 1348 1012 Κωνσταντίνου
1383 964 1478 1022 ἅμα
1517 970 1576 1027 τῷ
1616 968 1732 1028 αὐτῷ

238 1031 414 1092 'Attii-qt,
447 1037 523 1076 καί
557 1031 583 1090 ἦ
612 1032 745 1092 στήλη
776 1036 1006 1091 Ἀρκαδιόυ
1046 1036 1072 1092 ἦ
1103 1035 1176 1079 ἐπὶ
1202 1038 1278 1079 τοῦ
1305 1033 1564 1092 Ξηρολόφου
1594 1038 1732 1085 κίονος

103 1096 434 1156 ν.α;5ἓστῶσα,
471 1101 546 1144 καί
581 1101 605 1144 ὅ
645 1101 826 1158 οἶνδριάς
865 1104 945 1146 τοῦ
987 1102 1171 1159 μεγάλου
1205 1102 1443 1147 Θεοδοσίου
1491 1099 1514 1144 ὅ
1544 1104 1615 1146 ἐπὶ
1655 1105 1733 1159 τῆς

244 1170 426 1226 Χρυσῆς
454 1168 632 1228 πόρτης,
660 1171 710 1213 τά
742 1187 788 1213 τε
815 1177 1003 1228 χερσαῖα
1028 1174 1102 1228 τῆς
1147 1172 1307 1221 πόλεως
1334 1170 1457 1227 τείχη
1487 1172 1560 1223 καὶ
1587 1169 1733 1221 πόλεις

200 1236 319 1279 1)καὶ
345 1238 488 1294 χωρία
518 1240 563 1282 ἐν
602 1240 656 1296 τῇ
687 1237 848 1298 Θρᾴκῃ,
888 1238 962 1282 καί
1007 1239 1033 1295 ἦ
1064 1239 1331 1295 Νικομήδεια
1366 1240 1411 1286 ἐν
1441 1239 1630 1298 Βιθυνίᾳ
1659 1239 1762 1283 καί1

242 1303 270 1361 ἦ
302 1306 545 1362 Πραίνετος
574 1309 649 1349 καί
675 1306 699 1363 ἦ
732 1309 910 1361 Νίκαια,
944 1309 990 1350 ἐν
1018 1302 1047 1365 ᾗ
1073 1306 1154 1362 μιά
1184 1305 1330 1364 ἐσώθη
1361 1308 1572 1363 ἐκκλησία.
1630 1304 1731 1348 οἰνέ-

244 1389 356 1430 φυγε
394 1375 441 1416 δὲ
470 1376 544 1417 καί
581 1375 607 1430 ἦ
639 1372 843 1418 θάλασσα
872 1377 955 1418 τῶν
984 1376 1106 1418 ἰδίων
1141 1369 1255 1431 ὅρων
1284 1372 1329 1417 ἔν
1356 1389 1445 1417 τισι
1473 1372 1633 1429 τόποις,
1659 1375 1734 1416 καί

243 1439 473 1497 ἐκράτησεν
501 1439 523 1484 ὃ
565 1444 741 1496 σεισμὸς
785 1444 924 1499 μῆνας
961 1440 1147 1485 δώδεκα.
1225 1441 1249 1483 ὅ
1279 1437 1358 1485 οὖν
1393 1439 1598 1496 βασιλεὺς
1627 1438 1733 1483 ἰδών

244 1506 297 1550 τὰ
331 1510 449 1565 τείχη
477 1511 555 1565 τῆς
584 1508 747 1560 πόλεως
774 1513 1002 1552 πτωθὲντα
1027 1506 1250 1566 διελάλησε
1275 1511 1332 1568 τῷ
1361 1512 1451 1568 λαῷ
1479 1510 1634 1564 λέγων,
1665 1504 1732 1549 ὅτι

243 1575 368 1630 ὑμεῖς
397 1572 476 1618 οὐκ
505 1576 724 1634 εὐπορεῖτε
768 1576 821 1621 τὰ
858 1578 982 1634 τείχη
1007 1574 1163 1632 κτίσαι,
1192 1577 1288 1620 ἀλλ’
1317 1576 1443 1633 ἡμεῖς
1473 1571 1767 1632 προσετάξα-2

342 1690 372 1713 1.
399 1677 561 1727 ὀνόματι
586 1691 657 1713 om.
682 1680 707 1713 f.
834 1691 889 1715 10.
916 1678 935 1716 ὅ
964 1678 1085 1719 ἑστώς
1108 1679 1173 1716 ἐπὶ
1199 1678 1261 1723 τῆς
1282 1677 1437 1715 §innon
1465 1700 1508 1707 —
1539 1699 1587 1705 —-
1609 1699 1657 1706 —-
1683 1699 1731 1705 -—

335 1748 384 1754 —
406 1748 456 1754 -—
479 1730 543 1763 καὶ
568 1726 588 1763 ὁ
615 1727 778 1776 ἀνδρίας
801 1728 886 1763 add.
911 1740 957 1763 ex
983 1731 1025 1763 A.
1133 1730 1184 1763 16.
1203 1731 1446 1775 Πραίνεσιος
1467 1728 1508 1761 Α.
1631 1726 1730 1762 ἐσώ-

335 1779 386 1820 θη
410 1776 459 1817 Α,
487 1776 653 1820 διεσώθη
677 1778 775 1822 vulg.
919 1789 971 1823 ¹7·
997 1778 1064 1812 καὶ
1087 1775 1172 1810 add.
1201 1787 1245 1810 ex
1265 1778 1306 1810 A.
1441 1777 1495 1810 18.
1524 1774 1730 1823 ἐκράτησεν

335 1843 384 1851 --
407 1845 454 1851 —
479 1819 658 1871 βασιλεὺς
681 1837 752 1859 0111.
774 1826 815 1859 Α.
920 1837 972 1873 19.
999 1826 1063 1869 τῆς
1086 1824 1235 1864 πόλεως
1259 1823 1342 1858 add.
1361 1835 1406 1858 ex
1423 1823 1464 1858 A.
1586 1833 1644 1858 20.
1668 1822 1730 1858 εὐ-

335 1879 488 1920 πορεῖτε
516 1874 558 1916 Α,
585 1875 776 1911 {senopem
798 1874 896 1919 vulg.
1020 1872 1309 1921 προσετάξαμεν
1338 1873 1392 1914 Α,
1421 1870 1557 1913 διετάξ.
1582 1871 1679 1916 vulg.

242 1971 381 2015 Syriam
411 1971 610 2008 redierunt.
663 1972 791 2007 eodem
817 1973 925 2007 etiam
959 1985 1055 2007 anno
1079 1973 1189 2007 multi
1213 1983 1281 2019 per
1304 1971 1462 2006 Africam
1488 1970 1533 2005 ab
1559 1971 1611 2005 eis
1634 1970 1728 2004 caesi

240 2032 321 2054 cum
346 2020 460 2066 ipsius
485 2022 578 2055 aciei
607 2021 712 2064 duce,
740 2022 799 2054 cui
825 2033 961 2055 nomen
988 2022 1059 2055 fuit
1074 2022 1331 2055 Damascenus.

53 2067 227 2116 A.C.732
335 2068 414 2102 Hoc
442 2080 560 2111 anno,
588 2069 653 2117 qui
678 2070 808 2104 Leonis
840 2070 987 2113 tyranni
1014 2075 1051 2103 et
1087 2069 1334 2103 scelestissimi
1358 2066 1471 2101 Isauri
1500 2067 1572 2101 fuit
1595 2066 1729 2100 vicesi-

239 2127 318 2150 mus
343 2123 505 2163 quartus,
532 2117 578 2150 ab
605 2118 798 2152 Hieracitis
834 2118 918 2163 igne
955 2119 1146 2163 supposito
1175 2117 1342 2151 Damasci
1379 2115 1554 2149 tabernae
1578 2114 1730 2148 combu-

240 2170 333 2206 stae,
359 2164 594 2212 criminisque
620 2177 760 2212 poenas
795 2166 852 2199 illi
880 2166 1079 2208 suspendio
1106 2165 1299 2199 dederunt.
1358 2163 1494 2197 mensis
1520 2163 1643 2197 Pei-itii
1669 2163 1728 2196 die

238 2213 413 2246 vicesimo
453 2219 580 2247 octavo
608 2214 779 2247 Edessam
816 2215 1003 2248 civitatem
1028 2220 1168 2248 torrens
1204 2211 1409 2246 inundavit.
1463 2210 1591 2245 eodem
1617 2210 1745 2244 etiam'

238 2272 335 2294 mino
366 2266 483 2295 terrae
511 2267 634 2295 motus
658 2262 786 2306 ingens
816 2268 854 2296 et
879 2262 1090 2297 tremendus
1116 2261 1251 2295 mensis
1275 2259 1442 2293 Octobris
1471 2259 1530 2293 die
1555 2259 1728 2292 vicesimo

239 2315 342 2344 sexto
362 2335 371 2351 ‚
398 2309 600 2343 indictione
637 2321 753 2352 nona,
783 2311 874 2344 feria
912 2316 1063 2356 quarta,
1098 2309 1188 2343 hora
1216 2309 1288 2342 diei
1325 2313 1451 2342 octava
1477 2307 1584 2353 cpoli
1612 2307 1730 2340 conti-

240 2359 316 2403 git,
359 2369 433 2404 quo
471 2357 649 2391 ecclesiae
684 2364 721 2391 et
757 2360 976 2392 monasteria
1011 2362 1244 2398 corruerunt,
1285 2361 1323 2390 et
1355 2367 1374 2390 e
1405 2356 1544 2402 populo
1581 2354 1731 2400 plurimi

238 2406 356 2440 ruinis
395 2405 531 2440 obruti.
600 2406 722 2450 magni
760 2418 909 2452 quoque
944 2406 1174 2440 Constantini
1209 2410 1328 2439 statua
1364 2404 1461 2438 Atali
1495 2409 1624 2450 portae
1659 2403 1731 2436 im-

238 2455 359 2500 posita
391 2453 524 2488 cecidit
561 2465 633 2487 una
670 2465 751 2487 cum
787 2455 866 2500 ipso
892 2455 1022 2494 Atalo,
1053 2459 1090 2488 et
1118 2454 1264 2487 Arcadii
1287 2452 1480 2494 columna,
1515 2457 1594 2485 tum
1618 2451 1732 2484 etiam

239 2501 445 2537 Theodosii
489 2507 607 2536 statua
644 2507 772 2548 portae
807 2503 954 2536 nomine
989 2501 1147 2546 Chrysae
1188 2501 1382 2548 imposita,
1421 2501 1591 2546 murique
1627 2498 1730 2532 urbis

239 2551 491 2584 continentem
515 2555 722 2596 spectantes
738 2574 749 2591 ,
776 2549 884 2584 urbes
914 2551 1026 2584 etiam
1059 2550 1154 2584 aliae
1180 2555 1218 2584 et
1254 2551 1337 2594 pagi
1361 2560 1427 2595 per
1450 2547 1657 2588 Thraciam,
1683 2545 1732 2580 ad

239 2598 331 2632 haec
366 2598 580 2633 Nicomedia
610 2598 650 2632 in
683 2597 878 2642 Bithynia,
917 2598 1118 2632 Praenetus
1154 2604 1191 2632 et
1219 2597 1376 2638 Nicaea,
1411 2597 1450 2629 in
1476 2607 1547 2642 qua
1575 2595 1731 2629 ecclesia

240 2647 349 2680 unica
376 2653 516 2682 servata
541 2652 607 2688 est,
633 2646 884 2681 conciderunt.
909 2647 1100 2680 nonnullis
1116 2647 1155 2680 in
1174 2646 1264 2680 locis
1281 2645 1450 2691 proprios
1470 2644 1606 2678 limites
1629 2654 1730 2676 mare

240 2695 414 2737 deseruit,
441 2701 478 2729 et
502 2706 646 2729 menses
672 2694 867 2728 duodecim
890 2700 1009 2729 motus
1035 2695 1099 2728 ille
1119 2701 1236 2728 terrae
1260 2693 1517 2739 perseveravit.
1569 2692 1731 2736 impera-

240 2749 300 2777 tor
324 2744 450 2789 itaque
475 2744 551 2777 visa
588 2744 772 2777 moenium
798 2743 900 2777 urbis
925 2743 1031 2776 ruina
1066 2742 1226 2777 edictum
1253 2740 1462 2775 huiusmodi
1486 2739 1731 2786 promulgavit

243 2791 279 2827 in
318 2792 517 2837 populum:
558 2803 679 2825 muros
712 2791 813 2825 urbis
858 2802 1024 2836 reparare
1065 2803 1128 2825 vos
1166 2802 1241 2824 non
1276 2790 1430 2830 valetis,
1458 2799 1570 2835 quare
1595 2786 1729 2820 nostris

240 2839 595 2876 administratoribus
635 2851 711 2874 rem
743 2840 999 2875 commisimus.
1062 2839 1134 2886 ipsi
1165 2838 1380 2874 collatitiam
1413 2837 1459 2870 ab
1503 2844 1728 2883 unoquoque
