1768 3106
284 138 400 204 664
845 159 1196 202 THEOPHANJS

277 258 351 311 τῆς
378 258 558 312 μαγικῆς
591 249 705 308 ὄντες
731 260 973 317 θρησκείας,
1005 259 1144 318 ἀπάτῃ
1188 260 1266 302 τοῦ
1294 258 1498 314 διαβόλου
1527 259 1759 316 κρατούμε-

278 338 356 379 νοι,
389 325 659 379 πωλήσαντες
697 325 773 380 τὴν
816 323 996 381 ὕπαρξιν
1037 323 1202 380 αὐτῶν,
1231 329 1303 369 καί
1329 327 1485 382 γυμνοὶ
1512 325 1759 377 ἀνελθόντες

277 391 338 439 εἰς
377 389 429 432 τὰ
469 394 612 447 τείχη,
643 391 841 448 ἔρριπτον
887 391 1091 449 ἑαυτούς,
1139 390 1248 436 ὥστε
1283 395 1547 451 πετασθῆναι
1593 396 1652 446 εἷς
1683 393 1757 437 τὸν

275 454 473 515 οὕρανόν,
504 458 562 509 ιὸς
595 460 802 513 ἐνόμιζον.
835 459 874 502 οἱ
906 462 953 503 δὲ
981 463 1115 517 μηδὲν
1145 461 1361 517 ἀξιόλογον
1389 465 1462 517 τῆς
1494 465 1628 505 ἐκεῖσε
1655 466 1755 518 κλη-

275 528 455 580 ρουχίας
483 523 678 580 ἔχοντες,
707 527 767 576 εἰς
800 529 875 583 γῆν
901 527 1257 585 οἷνθυπέστρεφον
1292 528 1345 571 τὰ
1370 532 1479 586 με’λη
1508 532 1754 586 συντριβένὶ

273 607 352 647 τες,
383 609 445 634 ων
472 591 573 642 τούς
612 591 864 649 ἐξάρχοντας
896 597 971 650 τῆς
1011 596 1171 651 πλάνης
1209 596 1447 648 Ἀβδελλᾶς
1485 597 1650 639 α’νεῖλεν
1680 595 1750 638 δια

272 662 348 702 τοῦ
392 658 534 714 Σαλιμ
576 661 683 703 κατά
735 660 810 717 τὴν
846 664 1062 719 Βέρροιαν
1118 679 1190 706 και
1234 665 1434 708 Χαλκίδα
1493 680 1617 714 οντας
1657 665 1754 721 α’ρι-

272 725 388 780 θμύν
415 727 471 777 ἓξ.

61 802 152 836 Α.Μ.
165 803 253 835 (5251
388 796 533 853 Τούτῳ
560 797 617 853 τῷ
643 792 726 837 ἔτει
748 795 895 855 φθόνῳ
924 795 1022 847 τούς
1048 797 1342 852 Χριστιανούς
1370 796 1589 842 ἐκώλυσαν
1605 795 1753 854 ’Apa-

135 867 175 902 P.
190 867 256 902 362
268 864 342 914 βες
372 861 418 903 ἐκ
444 863 528 904 τῶν
557 862 773 918 δημοσίων
796 865 1096 919 χαρτοθεσίων
1115 864 1218 922 πρὸς
1247 867 1387 921 ὀλίγον
1420 863 1589 922 χρόνον,
1620 862 1750 917 αὖθις

269 930 317 970 δὲ
346 930 681 983 α’ναγκασθὲντες
708 932 973 986 ἐγχειροῦσιν
1003 929 1150 982 αὐτοῖς
1177 931 1231 975 τοὶ
1262 932 1382 987 αὐτά,
1415 931 1485 975 διά
1516 932 1560 976 τὸ
1589 932 1647 989 μὴ
1670 932 1749 976 δυ’-

267 999 428 1038 vas-'iac
457 995 613 1046 αὐτοὺς
639 995 824 1055 γράφειν
861 997 937 1048 τας
967 1001 1168 1057 ψήφους,
1207 1000 1281 1043 καί
1318 1000 1658 1054 ἐπεστράτευσαν
1676 999 1753 1056 τὴν

262 1062 524 1120 Ῥωμανίαν,
567 1064 641 1106 καί
685 1065 1026 1123 ᾐχμαλώτευσαν
1077 1065 1284 1125 πολλούς,
1325 1067 1399 1110 καί
1438 1069 1621 1111 Παῦλον
1675 1069 1751 1110 τὸν

130 1142 173 1176 v.
188 1130 506 1187 2880t<>a17770⁸v
538 1136 623 1175 τῶν
653 1134 894 1189 Ἀρμενίων
920 1136 1235 1191 πολεμήσαντες
1265 1136 1325 1185 εἰς
1353 1135 1428 1178 τὸν
1447 1138 1605 1179 ,Μέλαν
1634 1137 1750 1178 οἷνεῖ.

267 1202 339 1240 λον
367 1198 477 1251 μετὰ
499 1200 690 1255 πλήθους
718 1203 903 1258 στρατοῦ
928 1201 1003 1244 καί
1027 1202 1334 1258 τεσσεράκοντα
1364 1203 1442 1246 δύο
1471 1198 1630 1259 ἄνδρας
1659 1205 1748 1246 ἐπι-

228 1266 431 1321 Βσήμους
463 1268 664 1320 δεσμίους
692 1264 868 1325 ἤγαγον,
909 1271 984 1311 καί
1019 1269 1210 1327 κεφαλὰς
1241 1269 1412 1320 πολλάς.
1489 1269 1512 1313 ὅ
1544 1272 1591 1313 δὲ
1619 1273 1750 1324 βασι-

264 1331 364 1383 λευς
393 1333 728 1390 ἐπεστράτευσεν
769 1335 848 1392 τὴν
876 1340 1165 1394 Βουλγαριᾞαν
1203 1339 1278 1380 καί
1305 1338 1445 1381 ἐλθων
1472 1355 1534 1389 εις
1560 1342 1750 1395 Βερέγα-

263 1404 347 1455 βαν
378 1403 439 1450 εἰς
468 1400 546 1458 τήν
581 1406 852 1460 κλεισοῦραν
881 1404 1122 1461 ὑπήντησαν
1153 1405 1274 1464 αὐτῷ
1307 1404 1346 1449 οἱ
1376 1406 1644 1463 Βούλγαροι,
1675 1422 1748 1448 και

266 1467 451 1518 πολλοὺς
473 1472 555 1512 τῶν
585 1472 721 1512 αὐτοῦ
749 1471 926 1526 ανεῖλον,
953 1473 999 1514 ἐν
1031 1475 1093 1522 οἱς
1121 1475 1195 1515 καί
1225 1475 1394 1516 Λέοντα
1422 1473 1645 1530 πατρίκιον
1675 1476 1751 1516 καί

266 1535 507 1593 στρατηγὸν
534 1539 618 1581 τῶν
642 1539 908 1596 Θρακησίων,
940 1542 1013 1583 καί
1035 1543 1205 1584 Λέοντα
1234 1539 1379 1598 ε’τερον
1414 1542 1643 1599 λογοθέτην
1672 1542 1768 1588 τοῦς

362 1690 396 1724 5·
424 1693 683 1737 συντριβέντες
708 1693 751 1735 Α,
779 1695 1041 1741 συντρίβοντες
1064 1693 1161 1740 vulg.
1263 1705 1315 1728 ιι.
1345 1693 1387 1730 δὲ
1410 1693 1494 1729 add.
1511 1705 1555 1728 ex
1570 1694 1614 1729 A.
1693 1695 1744 1738 ¹4·

357 1736 632 1787 ’Λρμενιακῶν
659 1741 700 1774 A.

267 1877 467 1920 distractis,
501 1878 751 1934 depositisque
778 1879 938 1914 vestibus
972 1880 1086 1922 nudi,
1125 1880 1332 1914 conscensis
1373 1879 1620 1913 aedificiorum
1643 1891 1745 1914 moe·

264 1926 394 1967 nibus,
420 1927 459 1960 in
490 1927 608 1972 capita
644 1929 862 1974 praecipites
892 1941 929 1962 se
950 1929 1118 1973 agebant,
1146 1940 1232 1974 quo,
1259 1934 1301 1961 ut
1327 1929 1486 1973 magicae
1510 1929 1743 1984 superstitio-

265 1975 322 2007 nis
356 1974 500 2007 iallacia
535 1975 703 2021 decepti,
731 1983 768 2009 et
795 1988 814 2009 a
855 1976 1016 2009 diabobo
1052 1978 1241 2023 potentius
1277 1977 1442 2021 occupati
1482 1976 1678 2018 rebantur,
1705 1978 1744 2010 in

263 2022 405 2055 caelum
440 2024 643 2069 promptius
686 2025 885 2058 evolarent.
953 2025 1031 2058 illic
1063 2036 1169 2070 porro
1207 2024 1444 2058 haereditatis
1477 2029 1514 2058 et
1538 2024 1645 2057 sortis
1673 2024 1744 2057 sibi

262 2070 471 2114 propositae
496 2072 552 2105 nil
576 2073 806 2105 aestimabile
826 2072 976 2116 dignum
1002 2077 1240 2117 reportantes,
1268 2072 1436 2105 membris
1457 2072 1623 2106 omnibus
1652 2084 1743 2105 con-

261 2117 407 2151 terendi
452 2119 492 2151 in
531 2125 663 2152 terram
697 2121 839 2165 gravius
866 2119 1133 2154 dilabebantur.
1193 2120 1300 2153 huius
1331 2120 1461 2153 erroris
1487 2120 1743 2165 antesignanos

262 2177 325 2198 sex
351 2177 502 2199 numero
527 2174 701 2213 repertos,
727 2181 838 2214 quum
861 2168 1076 2210 Berrhoeae,
1102 2174 1182 2202 tum
1206 2169 1246 2201 in
1274 2167 1461 2209 Chalcide,
1485 2179 1596 2214 opera
1622 2168 1742 2202 Salem

262 2212 435 2247 Abdellas
461 2226 480 2247 e
504 2215 624 2248 medio
645 2217 805 2250 sustulit.

74 2263 243 2310 A.C.751
355 2261 434 2295 Hoc
460 2273 556 2295 anno
583 2275 603 2296 a
622 2263 780 2308 publicis
806 2264 1037 2309 vectigalium
1064 2264 1153 2297 actis
1177 2262 1414 2296 conficiendis
1436 2263 1482 2296 ad
1510 2263 1618 2298 breve
1647 2270 1742 2298 tem-

262 2309 360 2353 poris
386 2311 542 2355 spatium
575 2311 744 2345 Saraceni
770 2311 909 2345 invidia
942 2312 1031 2346 moti
1066 2311 1289 2344 Christianos
1315 2311 1595 2356 prohibuerunt,
1620 2324 1742 2346 rursus

263 2363 385 2391 autem
416 2359 635 2392 necessitate
669 2360 871 2405 compulsi,
908 2360 1008 2405 quod
1040 2359 1111 2405 ipsi
1141 2370 1311 2392 numeros
1348 2365 1384 2392 et
1404 2372 1559 2393 summas
1586 2361 1741 2394 scribere

234 2425 243 2432 ‹
262 2417 337 2438 non
363 2413 533 2451 possent,
572 2406 700 2440 eadem
726 2408 776 2440 eis
805 2413 1045 2452 reposuerunt
1070 2407 1108 2440 in
1132 2418 1283 2447 manus,
1313 2413 1350 2440 et
1375 2407 1577 2453 irruptione
1604 2409 1643 2440 in
1671 2410 1742 2441 Ro-

260 2454 417 2486 maniam
443 2454 536 2488 facta
564 2456 683 2499 plures
702 2455 936 2488 abduxerunt
959 2455 1134 2501 captivos,
1157 2455 1384 2500 Paulumque
1399 2457 1647 2489 Armeniorum
1671 2456 1740 2489 du-

260 2513 350 2542 cem,
369 2503 462 2535 inito
482 2502 528 2535 ad
548 2503 680 2536 Melam
709 2515 790 2536 cum
818 2515 862 2536 eo
883 2503 1092 2543 certamine,
1118 2504 1372 2549 exercitusque
1397 2509 1533 2549 partein
1558 2515 1633 2537 non
1652 2516 1742 2537 con-

260 2549 521 2591 temnendam,
559 2550 799 2596 quadraginta
828 2550 969 2583 duobus
1004 2551 1090 2583 viris
1121 2561 1139 2582 e
1167 2551 1326 2584 Romana
1350 2551 1488 2586 ditione
1514 2552 1741 2597 spectatissi-

259 2598 338 2637 mis,
362 2598 606 2645 pluribusque
634 2600 714 2632 aliis
740 2598 978 2644 compedibus
1009 2599 1167 2631 astrictis
1191 2599 1229 2631 in
1255 2599 1500 2643 captivitatem
1527 2611 1646 2632 secum
1672 2600 1739 2632 ab-

259 2646 359 2685 actis,
384 2652 665 2690 prostraverunt.
717 2647 915 2692 imperator
954 2651 1074 2678 autem
1104 2647 1210 2679 armis
1238 2647 1275 2679 in
1303 2647 1504 2691 Bulgariam
1531 2649 1649 2688 motis,
1677 2659 1740 2680 ve-

259 2693 315 2725 nit
343 2694 580 2738 Beregabam,
607 2701 644 2729 at
672 2695 814 2739 ssulgari
840 2693 886 2727 ad
912 2694 1090 2727 clusuram
1118 2694 1259 2727 obvium
1285 2695 1372 2728 facti
1401 2696 1572 2739 plurimos
1593 2707 1634 2729 ex
1663 2696 1740 2728 eius

257 2740 438 2774 militibus
474 2742 714 2782 deleverunt,
741 2744 837 2776 inter
879 2754 970 2787 quos
996 2742 1070 2775 Leo
1097 2743 1267 2787 patricius
1302 2748 1339 2776 et
1364 2743 1627 2777 'shraceusinm
1654 2744 1738 2782 dux,

258 2789 351 2822 alter
376 2789 448 2822 Leo
489 2802 612 2824 cursus
651 2790 792 2837 publici
833 2790 1047 2836 logotheta,
1074 2795 1110 2824 et
1145 2802 1188 2824 ex
1213 2790 1365 2825 confusa
1392 2791 1500 2837 plebe
1530 2803 1605 2825 non
1633 2791 1739 2837 pauci
