1708 3172
210 198 376 238 XXXIV
679 196 1026 240 THEOPHAle
1067 197 1211 238 VITA.

327 298 430 341 Τότε
459 299 534 355 δή,
563 296 654 341 τότε
682 298 787 354 πρὸς
815 296 934 341 πόλιν
961 303 1151 341 καλεῖται
1178 300 1252 342 καί
1282 295 1305 339 ὅ
1339 296 1603 354 θαυμάσιος,
1630 298 1684 338 ου’

208 368 436 424 τυραννικῇ
460 367 534 408 καί
563 366 684 424 βιαίᾳ
712 367 850 421 χειρί,
878 365 983 409 ἀλλὰ
1016 364 1224 416 θωπείαις
1249 371 1340 416 ταῖς
1371 367 1415 417 ἐξ
1442 362 1569 415 ἔθους
1601 366 1681 419 δῆ-

207 435 286 475 θεν
326 432 708 486 ε’κμαλασσόμενος.
782 434 873 475 κατ’
917 435 1116 489 ἐχθρῶν,
1148 434 1299 489 φησίν,
1334 434 1578 488 ἐκστρατεία
1606 448 1680 484 μοι

206 501 408 555 παρέστη,
437 501 512 541 καί
538 501 632 542 δέον
661 505 755 549 ταῖς
784 496 932 554 εὖχαῖς
959 503 1293 543 κατοπλισθέντα
1319 498 1538 557 πρότερον,
1568 496 1681 541 οὕτω

206 569 414 619 συμμῖξαι
444 571 529 616 τοῖς
557 569 782 618 πολεμίοις.
842 567 863 608 ὁ
895 569 941 609 δὲ
966 566 1012 609 τὸ
1046 570 1128 609 τῶν
1156 565 1320 622 τρόπων
1349 567 1556 623 κακόηθες
1583 565 1708 610 ἐπι-Ξ

205 630 419 687 στάμενος,
448 634 590 691 νεφρῷ
618 633 881 692 πολυχρονίῳ
921 633 994 676 καί
1025 635 1233 692 δυσουρίᾳ
1269 633 1549 690 τρυχόμενος·
1608 627 1682 688 (²1²9-

204 716 312 755 γανα
342 699 423 755 γάρ
464 699 536 742 διὰ
560 702 650 755 ,τοῦ
691 702 878 757 φυσικοῦ
906 697 1122 754 ὖπονόμου
1162 703 1213 759 τῇ
1243 701 1370 760 κύστῃ
1400 702 1683 757 παραπεμπό-

203 783 337 823 μενα,
378 766 451 809 καὶ
485 765 586 818 τούς
625 769 889 822 ἐγκειμένους
922 768 967 810 ἐν
1007 767 1140 826 ταύτῃ
1172 769 1492 824 ὃιαθρύπτοντα
1520 770 1681 824 λίθους,

204 841 294 886 τοῖς
322 833 442 884 ἐκτὸς
482 837 818 889 παρεπέμποντο,
860 834 937 891 τὴν
967 833 1112 887 ἔξοδον
1140 838 1197 892 τῷ
1225 835 1342 893 ὑγρῷ
1378 832 1680 892 περιττώματι,

204 901 260 952 ὥς
291 899 490 959 δυνατόν,
521 901 738 943 ἀκώλυτον
761 901 1064 957 μηχανώμενα.
1122 901 1284 952 τούτοις
1313 898 1390 945 οὖν
1418 903 1708 957 τρυχόμενοςι

203 971 276 1012 καί
303 969 497 1025 κλινήρης
529 968 599 1011 διὰ
628 970 722 1023 βίον
748 967 958 1024 ὑπάρχων
997 969 1155 1028 οἷκατίῳ
1182 972 1443 1024 περαιωθείς
1473 967 1579 1024 πρὸς
1605 967 1681 1025 τήν

201 1038 404 1091 βασιλίδα
445 1038 568 1079 πόλιν
609 1035 975 1091 ἑγκαθορμίζεται.
1049 1038 1172 1079 τοῦτο
1212 1034 1262 1093 δη
1304 1036 1460 1091 μαθών
1487 1035 1509 1077 ὅ
1542 1036 1681 1090 ἐξάγι-

201 1120 306 1160 στος,
341 1102 484 1146 τοιάδε
513 1103 646 1162 τούτῳ
671 1103 742 1146 διά
765 1119 874 1152 τινος
902 1106 988 1146 τῶν
1017 1103 1284 1146 οἰκειοτάτων
1317 1105 1460 1159 δηλοῖ·
1490 1105 1550 1153 εἰς
1577 1099 1680 1157 ὄψιν

200 1169 279 1227 γὰρ
312 1171 506 1228 ἀγαγεῖν,
544 1169 588 1214 τὸ
630 1172 807 1225 στερρὸν
849 1166 969 1224 οἶμαι
1002 1172 1079 1213 τοῦ
1108 1169 1265 1227 α’νδρὸς
1308 1171 1680 1226 ὃιενθυμούμενος,

199 1237 405 1294 ἠρυθρία.
479 1241 522 1281 εἰ
544 1240 623 1292 μὲν
648 1238 869 1294 πειθήνιος
908 1235 1024 1294 ἥκεις
1052 1244 1145 1289 ταῖς
1175 1241 1298 1292 ἐμαῖς
1325 1237 1517 1293 ἱκεσίαις,
1549 1241 1708 1294 (χρη-ι

199 1303 305 1355 στὰς
336 1303 418 1362 γάρ
452 1303 552 1361 ἡμῖν
581 1304 755 1354 ἐλπίδας
784 1303 828 1347 τὸ
873 1304 949 1348 σὸν
979 1307 1185 1362 προσηνὲς
1214 1307 1448 1361 ἐντίθησιν)
1479 1304 1574 1348 ἴσθι
1604 1321 1679 1347 το-

201 1374 366 1416 σούτων
406 1371 742 1415 καταπολαύσων
790 1374 954 1429 καλῶν,
989 1369 1088 1415 ὅσον
1120 1371 1228 1423 εἰκὸς
1261 1371 1548 1415 ἐπαπολαύειν
1575 1370 1677 1422 τους

198 1441 271 1496 τῆς
300 1438 455 1489 οἰκείας
485 1438 744 1496 φιλονεικίας
769 1439 994 1495 βασιλικην
1035 1439 1284 1494 συμβουλήν
1313 1438 1387 1481 καὶ
1413 1436 1679 1495 παράκλησιν

200 1510 478 1560 ποιουμένους
523 1509 806 1562 ἐπίπροσθεν·
872 1508 943 1563 τῆς
972 1523 1014 1549 τε
1053 1509 1130 1562 σῆς
1159 1509 1290 1562 μονῆς
1319 1509 1531 1555 παντοίοις
1562 1509 1678 1558 ἐξαι-

201 1577 379 1630 ρομένης
395 1576 651 1631 χαρίσμασι,
681 1573 752 1616 καί
769 1577 854 1617 τῶν
878 1577 965 1617 ouh
996 1576 1205 1629 συγγενῶν
1229 1577 1352 1629 τιμῆς
1378 1577 1579 1629 μεγίστης
1609 1574 1708 1618 nala

202 1644 444 1698 παρρησίας
470 1642 723 1698 ἠξιωμένων,
766 1640 815 1684 τὰ
845 1645 991 1696 πρῶτα
1029 1643 1106 1697 τῆς
1137 1642 1240 1698 ἐμῆς
1273 1643 1419 1698 φιλίας
1449 1639 1578 1690 οἴσεις
1607 1643 1682 1683 καί

299 1801 332 1845 4.
358 1802 519 1846 παρίστη
544 1799 621 1834 Par.
726 1811 774 1833 ιο.
796 1799 1055 1848 μηχανόμενοι
1072 1801 1146 1834 Par.
1227 1811 1277 1845 ¹7·
1302 1798 1578 1835 καταπολαύων
1602 1799 1678 1832 Par.

300 1942 404 1976 Tunc
429 1941 549 1986 igitur,
578 1947 663 1975 tunc
679 1940 725 1975 ad
751 1947 933 1977 certamen
956 1947 1104 1978 vocatur
1121 1942 1308 1977 etiam-vir
1332 1940 1578 1982 admirandus,
1603 1951 1679 1974 non

207 1989 355 2035 quidem
392 2001 499 2023 manu
533 1989 739 2034 tyrannica,
777 1996 815 2024 et
850 1996 890 2024 ut
915 1990 1016 2025 iliata
1052 1992 1087 2025 vi
1112 1990 1327 2034 adducatur3
1359 1989 1425 2024 sed
1459 1995 1501 2023 ut
1524 1994 1679 2032 tyranno

207 2038 388 2071 consuetis
414 2037 603 2070 blanditiis
630 2049 671 2070 ac
696 2037 789 2071 dolis
815 2037 862 2071 ad
887 2038 958 2071 iter
985 2037 1187 2072 inducatur.
1249 2038 1421 2072 adversus
1445 2036 1581 2078 hostem,
1605 2036 1682 2069 aie-

207 2084 282 2125 bat,
304 2085 394 2118 belli
416 2084 504 2118 mihi
526 2086 640 2119 moles
667 2085 865 2119 incumbit:
893 2085 957 2119 sed
984 2093 1069 2120 ante
1098 2097 1206 2131 quam
1230 2097 1358 2120 manus
1388 2097 1467 2119 cum
1492 2085 1566 2118 illis
1591 2095 1681 2117 con-

208 2143 334 2174 seram,
359 2144 504 2178 precum
529 2139 671 2167 tuarum
697 2133 880 2179 praesidio
902 2134 1046 2167 muniar
1068 2145 1214 2167 necesse
1237 2140 1303 2168 est.
1350 2132 1596 2179 Theophanes
1617 2143 1682 2164 nu-

208 2186 281 2213 tom
311 2181 455 2225 cognita
495 2181 655 2214 hominis
682 2181 847 2222 malitia,
885 2183 1048 2227 quamvis
1077 2193 1200 2215 renum
1235 2187 1272 2215 et
1306 2182 1432 2214 urinae
1469 2180 1681 2214 difficultate

210 2227 391 2261 laboraret
417 2228 681 2274 (instrumentis
708 2229 805 2262 enim
832 2240 896 2275 per
923 2230 1121 2263 naturalem
1139 2229 1345 2263 cuniculum
1368 2229 1406 2262 in
1430 2229 1586 2262 vesicam
1612 2227 1683 2260 ad-

210 2276 340 2316 missis,
368 2287 461 2322 quae
488 2277 629 2322 lapides
646 2277 782 2310 insidos
809 2278 1071 2320 commolirent,
1095 2277 1253 2311 humidis
1279 2277 1516 2310 excrementis
1541 2276 1678 2310 exitum

211 2322 425 2371 praebebat)
452 2335 493 2356 ac
518 2336 596 2358 cum
623 2325 784 2358 maximis
810 2325 987 2359 molestiis
1014 2331 1218 2366 vexaretur,
1245 2325 1357 2370 inque
1389 2324 1525 2357 lectulo
1551 2335 1680 2367 aegro-

211 2378 268 2405 tus
292 2371 436 2404 assidue
464 2371 707 2414 decumberet,
736 2373 871 2417 scapha
886 2379 1007 2407 tamen
1023 2373 1069 2406 ad
1087 2373 1212 2406 urbem
1236 2375 1371 2416 regiam
1397 2372 1551 2405 traiecit.
1579 2371 1680 2416 quod

210 2431 291 2453 cum
316 2419 587 2453 scelestissimus
625 2420 690 2453 ille
717 2421 977 2462 intellexisset,
1006 2421 1119 2455 sancti
1158 2421 1224 2454 viri
1254 2426 1437 2465 aspectum
1467 2419 1561 2465 (eius
1590 2424 1678 2464 puto

212 2467 450 2501 constantiam
475 2468 595 2500 auimo
620 2468 807 2515 reputans)
831 2469 979 2510 veritus,
1005 2480 1070 2514 per
1085 2480 1195 2502 unum
1208 2468 1368 2514 aliquem
1383 2468 1558 2500 maximae
1584 2467 1679 2499 inter

211 2515 311 2548 illius
342 2515 560 2548 domesticos
587 2515 685 2556 fidei,
711 2515 799 2549 haec
824 2516 881 2549 illi
909 2517 1096 2561 significat.
1145 2517 1174 2550 si
1196 2516 1339 2557 venisti,
1366 2521 1406 2548 ut
1431 2514 1518 2548 mihi
1543 2525 1680 2548 morem

213 2573 314 2607 geras
339 2563 492 2608 (morum
519 2564 614 2595 enim
639 2575 711 2608 qua
733 2563 919 2608 praeditus
946 2575 982 2598 es
1006 2565 1148 2605 lenitas,
1182 2569 1224 2597 ut
1248 2563 1293 2596 de
1319 2569 1354 2598 te
1383 2562 1421 2596 id
1446 2573 1598 2608 sperem,
1625 2562 1680 2594 fa-

213 2611 282 2644 cite
310 2610 451 2657 suadet)
479 2610 570 2644 scito
609 2616 682 2643 tum
715 2611 839 2644 multis
875 2618 912 2646 te
942 2611 1048 2645 honis
1085 2611 1295 2652 fruiturum,
1332 2622 1439 2656 quam
1464 2610 1589 2644 multis
1619 2620 1680 2642 eos

213 2658 284 2691 frui
312 2670 377 2704 par
402 2663 466 2698 est,
498 2658 561 2703 qui
590 2659 758 2703 propriae
786 2659 966 2693 voluntati
991 2659 1217 2705 imperatoris
1246 2658 1472 2693 voluntatem
1498 2663 1535 2691 et
1560 2657 1680 2690 consi-

214 2706 303 2739 lium
328 2710 574 2750 anteponunt:
610 2711 760 2751 tumque
793 2707 1009 2741 monasterio
1042 2713 1104 2742 tuo
1141 2707 1256 2740 omnis
1292 2707 1432 2751 generis
1470 2704 1680 2739 muneribus

215 2759 333 2794 aucto,
360 2759 434 2787 tum
464 2752 678 2799 propinquis
699 2755 769 2787 tuis
793 2755 955 2788 maximis
976 2755 1212 2800 dignitatibus
1245 2754 1441 2800 favereque
1468 2754 1565 2797 regio
1592 2763 1680 2785 con-

216 2800 407 2841 decoratis,
435 2801 567 2847 primas
598 2801 695 2847 apud
723 2812 777 2834 me
805 2802 987 2837 amicitiae
1025 2814 1065 2837 ae
1089 2802 1315 2838 auctoritatis
1341 2807 1461 2849 partes
1489 2802 1565 2848 ipse
1592 2811 1680 2833 con-
