1768 3106
253 161 364 230 554
802 186 1154 228 THEOPHANIS

249 285 293 335 ἐξ
323 286 454 340 αὐτῆς
494 288 567 342 τῆς
595 287 794 342 χρονικῆς
835 286 1192 342 οἷποσημειώσεως
1238 288 1453 344 α’ριδήλως
1497 291 1729 346 φαίνεσθαι

248 350 516 406 συναγόμενα
557 352 639 396 ἀπὸ
685 356 760 409 τῆς
802 354 926 409 ἁγίας
958 356 1247 411 οἶκουμενικῆς
1290 357 1410 412 ἕκτης
1437 355 1617 399 συνόδου
1650 358 1728 408 ἕως

247 420 331 461 τῶν
364 421 650 475 ἐκδεδομένων
684 419 826 463 τύπων
867 420 940 477 ἔτη
979 421 1053 478 κζ’,
1084 426 1450 478 πατριαρχοῦντος
1470 425 1526 467 ὲν
1555 427 1608 483 τῇ
1632 426 1730 483 ἁγίᾳ

247 488 509 545 οἰκουμενικῇ
536 487 703 546 συνόδῳ
727 487 1212 540 Κωνσταντινουπόλεως
1226 493 1266 533 Γ
1263 493 1458 548 εωργίου,
1486 489 1580 542 ἔτος
1607 487 1731 546 ἄγον-

113 564 149 598 Ρ.
165 566 232 601 302
249 569 318 604 τος
347 555 422 611 τῆς
451 555 738 611 πατριαρχιάς
758 553 806 611 γ’,
838 557 913 598 καί
940 554 1044 609 μετὰ
1072 555 1147 611 τὴν
1176 557 1356 600 σύνοδον
1385 559 1766 614 πατριαρχήσαν-5

245 637 317 672 τος
345 617 453 665 ἄλλα
480 620 552 678 ἔτη
576 621 623 680 γ’,
652 621 763 678 μετὰ
780 625 828 666 δὲ
853 625 1001 666 τοῦτον
1015 625 1242 681 Θεοδώρου
1271 623 1344 682 ἔτη
1370 623 1419 681 γ’,
1448 628 1521 668 καί
1539 625 1728 669 Παύλου

245 689 320 745 ἔτη
350 688 396 746 ζ’,
425 688 499 732 καί
520 692 781 733 Καλλινίκου
811 688 884 747 ἔτη
916 692 984 745 ιβ’,
1014 693 1086 734 καί
1102 690 1251 748 Κύρου
1282 691 1353 750 ἔτη
1380 693 1432 750 β’,
1464 693 1523 743 ὥς
1548 691 1729 748 συνάγε-

245 760 352 799 σθαι
381 756 453 799 καί
478 758 523 809 ἐξ
551 759 694 800 αὐτῶν
719 761 802 801 ταῖν
831 762 1111 814 πατριαρχῶν
1141 758 1213 815 ἔτη
1243 759 1318 812 κζ’·
1361 759 1444 802 α’πὸ
1477 762 1523 805 δὲ
1551 763 1729 803 τῶνιέκ·

248 826 488 879 δεδομένων
527 825 675 867 τύπων
715 824 795 875 ἕως
824 829 902 868 τοῦ
939 824 1142 883 τετάρτου
1190 825 1310 878 ἔτους
1342 830 1606 870 Φιλιππικοῦ
1651 827 1726 885 ἔτη

247 895 398 936 πέντε·
455 891 528 935 καί
555 894 600 936 ἒν
629 897 686 952 τῷ
715 895 834 951 αὐτῷ
862 894 1014 953 πρώτῳ
1045 892 1130 937 ἔτει
1159 897 1234 951 τῆς
1262 897 1482 950 βασιλείας
1521 899 1760 939 (Initum-1

217 962 326 1009 ,κοῦ
366 962 567 1016 γενέσθαι
605 961 776 1017 ἐμμανῆ
816 960 994 1003 σύνοδον
1034 961 1137 1004 κατὰ
1174 963 1248 1017 τῆς
1286 963 1408 1018 ἁγίας
1439 964 1730 1018 οἰκουμενικῆς

247 1027 366 1084 ἕκτης
403 1027 585 1071 συνόδου
604 1045 616 1057 ·
678 1029 753 1071 καί
778 1030 1036 1080 ἑξωσθέντος
1069 1027 1221 1086 Κύρου
1261 1032 1316 1089 τῷ
1346 1029 1378 1079 ς’
1422 1028 1511 1073 ἔτει
1540 1033 1617 1087 τῆς
1646 1049 1730 1073 πα-

245 1096 475 1152 τριαρχίας
517 1097 674 1153 αὐτοῦ’,
705 1099 904 1152 γενέσθαι
939 1096 1134 1153 Ἰωάννην
1170 1097 1445 1155 πατριάρχην
1485 1100 1558 1154 τῆς
1608 1101 1732 1141 Κων-

248 1161 635 1214 σταντινουπόλεως
653 1200 665 1220 ,
689 1159 896 1220 Ἀνδρέαν
926 1166 973 1206 δὲ
1004 1167 1318 1221 μητροπολίτην
1344 1170 1419 1221 τῆς
1458 1164 1631 1222 Κρήτης
1661 1164 1734 1207 καί

210 1230 471 1287 ΒΓερμανὸν
515 1230 825 1289 μητροπολίτην
862 1232 1087 1289 Κυζίκου,
1124 1231 1461 1290 ὖπογράψαντας
1498 1232 1764 1290 προδήλως,ι

248 1298 322 1340 καί
365 1301 765 1353 α’ναθεματιῖῐαντας
803 1299 910 1354 μετὰ
958 1300 1127 1342 πάντων
1163 1303 1247 1343 τῶν
1285 1300 1391 1343 κατὰ
1438 1299 1538 1350 τούς
1579 1299 1735 1350 αὐτούς

246 1365 432 1422 χρόνους
458 1367 534 1422 την
564 1370 886 1423 προρρηθεῖσαν
927 1367 1034 1410 κατὰ
1078 1369 1163 1409 τῶν
1188 1370 1488 1424 μονοθελητιὸν
1519 1367 1645 1422 ἁγίαν
1675 1369 1737 1410 οἰ-

248 1433 497 1489 κουμενικὴν
527 1433 559 1483 ς’
599 1433 791 1478 σύνοδον·
859 1434 968 1489 μετὰ
1004 1437 1050 1478 δὲ
1082 1433 1152 1491 ἔτη
1181 1436 1213 1490 γ’
1245 1435 1568 1491 τελευτήσαντος
1597 1435 1737 1477 Ἰωάν-

250 1517 339 1556 νου,
369 1505 656 1558 μετατεθῆναι
685 1501 913 1557 Γερμανὸν
951 1500 1034 1544 ἀπὸ
1070 1504 1278 1559 Κυζίκου,
1307 1504 1382 1545 καὶ
1410 1502 1738 1559 πατριαρχῆσαι

251 1567 743 1619 Κωνσταντινουηόλεως
774 1568 848 1626 ἔτη
876 1571 1131 1625 δεκαπέντε,
1161 1571 1235 1612 καί
1259 1572 1317 1629 τῷ
1347 1567 1397 1625 ιγ’
1433 1567 1519 1613 ἔτει
1549 1572 1622 1626 τῆς
1653 1573 1768 1623 Boe-2

346 1695 381 1730 6.
407 1689 505 1743 μετὰ
531 1693 572 1731 δὲ
597 1715 644 1721 -
667 1715 714 1721 —
747 1694 807 1738 ἔτη
842 1695 875 1742 γ’
913 1706 980 1727 om,
1010 1694 1046 1728 h.
1179 1695 1213 1728 6.
1239 1697 1303 1729 καὶ
1329 1694 1489 1730 Παύλου
1525 1714 1572 1720 -
1602 1715 1649 1720 -
1677 1694 1736 1737 ἔτη

348 1741 392 1788 ιβ’
423 1755 491 1776 om.
517 1745 558 1777 A.
684 1754 719 1786 9.
758 1743 861 1783 ἔτους
900 1742 980 1775 add.
1009 1754 1054 1776 ex
1083 1744 1123 1776 A.
1272 1755 1322 1776 ιο.
1348 1743 1412 1786 τῆς
1434 1743 1627 1788 βασιλείας
1650 1742 1735 1774 add.

349 1803 393 1824 ex
420 1793 460 1825 Α,
562 1802 613 1825 ιι.
641 1790 904 1838 οἰκοιηιενικῆς
928 1790 1010 1824 add.
1038 1802 1083 1824 ex
1110 1792 1149 1824 A.
1265 1793 1316 1836 14.
1342 1795 1406 1834 τῆς
1430 1791 1579 1838 Κρήτης
1599 1793 1640 1833 A,
1663 1793 1735 1837 KQ.

347 1840 444 1885 vulg,
572 1840 622 1875 16.
651 1833 789 1879 αὐτοὺς
814 1850 883 1873 om.
911 1839 949 1872 A.
1074 1849 1131 1872 20.
1159 1840 1231 1875 ἔτει
1257 1838 1340 1873 add.
1370 1850 1412 1872 ex
1437 1841 1478 1872 A.

254 1954 400 1988 demum
426 1954 596 2000 gradibus
624 1954 745 1989 denuo
771 1954 927 1995 restitui,
950 1954 1024 1987 alio
1051 1954 1237 2000 superiore
1262 1965 1440 2002 nusquam
1457 1953 1738 2000 promovendos,

252 2003 421 2036 nimirum
455 2003 649 2047 illegitimo
677 2003 919 2036 contubernio
945 2002 1063 2048 palam
1094 2002 1191 2048 prius
1220 2001 1412 2036 dissoluto.
1439 2002 1482 2035 ex‘
1507 2003 1585 2047 ipsa
1612 2002 1738 2047 itaque

254 2056 460 2095 temporum
474 2051 726 2096 designatione
746 2062 765 2083 a
782 2051 965 2084 celebrata
979 2056 1102 2084 sancta
1120 2050 1312 2084 universali
1329 2055 1430 2083 sexta
1451 2049 1589 2092 synodo
1622 2060 1737 2094 usque

254 2098 300 2131 ad
329 2098 446 2133 editos
466 2111 623 2133 canones
642 2099 718 2132 eius
735 2100 883 2132 nomine
910 2099 1154 2144 promulgatos
1181 2104 1305 2144 aperte
1338 2098 1561 2142 colliguntur
1580 2097 1665 2130 anni
1682 2099 1738 2129 vi-

256 2146 348 2190 ginti
371 2152 523 2192 septem,
544 2146 782 2192 patriarcham
802 2147 972 2180 nimirum
997 2152 1125 2191 agente
1151 2147 1189 2179 in
1210 2151 1334 2179 saneta
1351 2145 1580 2178 oecumenica
1597 2144 1738 2187 synodo

257 2194 427 2238 Georgio,
456 2196 555 2228 cuius
579 2194 846 2240 patriarchatus
879 2206 993 2228 annus
1027 2195 1154 2228 tertius
1186 2193 1468 2234 numerabatur,
1494 2192 1628 2238 cuique
1656 2196 1740 2238 post

257 2241 434 2285 synodum
463 2243 526 2275 alii
562 2248 633 2276 tres
659 2243 696 2276 in
722 2242 901 2286 dignitate
929 2243 1046 2275 exacti
1075 2247 1169 2275 sunt.
1198 2246 1281 2286 post
1309 2240 1406 2273 hune
1423 2252 1508 2274 vero
1523 2239 1738 2274 Theodorus

256 2301 370 2324 annos
385 2295 470 2332 tres,
487 2290 618 2323 Paulus
636 2302 749 2324 annos
770 2296 921 2336 septem,
936 2290 1135 2323 Callinicus
1154 2300 1268 2321 annos
1284 2288 1489 2330 duodecim,
1505 2288 1618 2332 Cyrus
1634 2287 1739 2321 deni·

256 2350 328 2383 que
342 2349 456 2371 annos
470 2337 561 2371 duos
586 2337 693 2379 sedit,
718 2337 810 2371 adeo
834 2343 874 2370 ut
899 2349 943 2370 ex
964 2338 1051 2383 ipsis
1081 2336 1364 2382 patriarcharum
1385 2336 1566 2370 aetatibus
1581 2336 1668 2369 anni
1682 2336 1739 2368 vi—

256 2386 347 2430 giuti
373 2391 510 2432 septem
526 2385 689 2419 dilucide
703 2391 971 2430 computentur,
986 2398 1003 2417 a
1021 2396 1198 2418 canonum
1214 2396 1299 2417 vero
1317 2384 1609 2430 promulgatione
1625 2394 1739 2428 usque

257 2434 303 2467 ad
331 2445 467 2467 annum
493 2439 660 2480 quartum
675 2432 873 2478 Philippici
902 2434 987 2466 anni
1007 2433 1171 2478 quinque
1197 2432 1450 2473 intercedant,
1475 2433 1591 2478 primo
1617 2437 1739 2464 autem

258 2482 401 2528 imperii
419 2482 530 2527 ipsius
550 2481 743 2526 Philippici
775 2492 870 2513 anno
892 2481 1056 2513 insanum
1076 2479 1363 2513 conciliabulum
1381 2480 1550 2514 adversus
1577 2475 1757 2512 sanctum'

257 2530 533 2564 oecumenicum
546 2529 740 2562 concilium
761 2527 985 2560 celebratum
1004 2529 1061 2568 sit,
1078 2529 1244 2573 Cyroque
1262 2528 1413 2573 expulso
1429 2527 1496 2561 sub
1515 2533 1656 2561 sextum
1676 2538 1741 2571 pa-

258 2577 472 2611 triarchatus
497 2577 553 2610 sui
572 2588 703 2610 annum
722 2577 878 2609 Ioannes
899 2575 1054 2620 Cpoleos
1086 2576 1288 2621 patriarcha
1310 2576 1424 2609 factus
1441 2576 1562 2617 fuerin
1579 2574 1740 2608 Andreas

258 2631 378 2659 autem
405 2626 534 2660 Cretae
559 2624 792 2669 metropolita
820 2629 857 2657 et
882 2624 1082 2656 Germanus
1111 2623 1227 2666 Cyzici
1263 2624 1397 2669 pariter
1423 2624 1657 2668 metropolita
1682 2622 1739 2654 in-

259 2685 348 2706 sano
377 2673 434 2707 illi
460 2673 617 2707 concilio
643 2671 838 2705 manifesto
862 2670 1143 2716 subscripserint
1162 2697 1171 2712 ‚
1210 2677 1247 2705 et
1272 2683 1352 2704 cum
1382 2671 1550 2705 omnibus
1577 2669 1739 2702 eiusdem

259 2722 388 2755 aetatis
414 2721 594 2767 episcopis
619 2719 849 2753 celebratum·
866 2718 1039 2752 adversus
1058 2718 1325 2752 monotheletas
1343 2720 1509 2765 praefato
1529 2729 1628 2751 more
1656 2728 1740 2750 san·

259 2775 356 2802 ctum
395 2774 533 2803 sextum
560 2768 755 2802 concilium
795 2765 1027 2800 anathemate
1054 2767 1353 2812 proscripserint3
1415 2772 1498 2814 post
1525 2777 1640 2799 annos
1667 2769 1741 2797 tres

259 2828 344 2851 vero
368 2823 512 2851 mortuo
537 2817 701 2859 Ioanne,
737 2815 936 2850 Germanus
965 2815 1093 2859 Cyzico
1134 2815 1328 2849 translatus
1357 2814 1404 2849 sit
1429 2814 1572 2861 Cpolim
1610 2817 1648 2847 et
1672 2823 1741 2857 pa-
