1768 3106
255 121 368 180 368
808 143 1155 188 THEOPHANIS

250 238 575 300 ἇργυροπράτου
615 244 762 300 λίτρας
803 243 836 290 ν’
876 248 938 297 εἷς
978 246 1024 291 τὸ
1058 249 1318 304 συνεργῆσαι
1359 243 1501 308 minii,
1543 247 1721 293 καὶτοῦ

252 313 360 353 θεοῦ
400 310 703 369 εὖδοκήσαντος
745 312 984 371 ἐθάρρησεν
1023 316 1248 371 Ἀβλάβιος
1305 315 1496 375 Εὖσεβίῳ
1534 318 1593 376 τῷ
1636 317 1719 360 α’πὸ

247 378 424 422 ὑπάτων
477 374 567 422 ὄντι
608 378 760 437 κόμητι
806 379 1068 438 Φυδεράτων
1110 386 1183 425 καί
1215 381 1397 442 Ἰωάννῃ
1423 385 1482 442 τῷ
1517 386 1721 443 λογοθέτῃ

247 450 308 506 τῷ
335 446 439 490 κατὰ
465 450 766 503 Δομεντζίολον
797 451 941 508 λέγων,
973 449 1038 493 ὅτι
1068 453 1119 509 τῇ
1143 448 1300 510 ἑσπέρᾳ
1324 452 1459 510 ταύτῃ
1476 450 1723 507 βουλόμεθα

238 517 442 561 ,ἐπελθεῖν
483 518 541 574 τῷ
579 519 763 572 βασιλεῖ.
838 515 858 559 ὅ
896 519 942 560 δὲ
969 518 1163 575 μηνύσας
1203 521 1259 577 τῷ
1295 522 1470 574 βασιλεῖ’
1493 518 1759 575 ἐκράτησεν5

249 581 429 641 αὐτούς,
471 583 544 626 καὶ
570 577 691 639 εὗρεν
731 583 893 635 αὐτούς
936 589 1175 643 φοροῦντας
1213 584 1380 642 κρυπτοὶ
1411 589 1525 644 ξίφη.
1597 590 1671 630 καί
1696 585 1718 628 ὃ

248 653 329 705 μὲν
361 648 686 707 α’ργυροπροίτης
702 652 952 707 Μάρκελλος
981 654 1223 711 ἄστοχήσας
1251 656 1326 697 τοῦ
1353 655 1719 710 προσδοκωμένου,

434 716 454 731 U

249 718 402 775 σύρας,
432 736 452 761 ο
493 716 643 776 ἐφόρει
685 719 828 777 ξίφος,
875 722 1056 763 δέδωκεν
1083 719 1220 779 ἑαυτῷ
1256 727 1368 777 τρεῖς
1399 719 1560 776 πληγάς
1587 724 1632 765 έν
1660 724 1721 780 τῷ

200 787 449 845 Βτρικλίνῳ,
479 788 709 841 συσχεθείς
740 788 786 830 δὲ
815 791 1001 846 τελευτᾷ.
1060 791 1232 846 Σέργιος
1261 790 1308 832 δὲ
1339 788 1361 831 ὅ
1379 790 1591 842 Αἰθερίου
1621 789 1719 831 ἅνε-

243 853 345 906 ψιὸς
377 853 557 911 διαδρὰς
577 855 845 911 προσέφυγεν
874 857 919 899 ἐν
942 858 1232 913 Βλαχέρναις,
1264 853 1312 899 ὃν
1340 854 1611 912 ἐξαγαγόντες
1642 857 1717 911 τῆς
1737 875 1768 900 ι(

242 922 462 978 ἐκκλησίας
506 923 580 964 καί
605 922 870 974 ἐξετάσαντες
912 922 1088 967 ἔπεισαν
1117 921 1388 980 ὁμολογῆσαι,
1418 920 1473 974 ὥς
1501 926 1574 966 καί
1595 923 1716 968 Ἰσα-

240 1004 328 1038 κιος
357 986 378 1031 ὁ
408 987 743 1047 α’ργυροπροῖτης,
772 991 1109 1045 καίΒελισάριος
1140 990 1159 1034 ὃ
1185 988 1452 1042 ἐνδοξότατος
1495 991 1717 1045 πατρίκιος

239 1055 314 1098 καί
339 1054 467 1105 αὐτὸς
494 1054 666 1113 συνῄδει
700 1056 874 1115 τοιαύτῃ
906 1060 1121 1117 ἐπιβουλῇ,
1153 1057 1370 1109 καίΒῖτος
1389 1057 1410 1100 ὅ
1441 1055 1716 1114 α’ργυροπροὶ-

238 1140 325 1180 της,
354 1125 428 1166 καί
445 1125 624 1174 Παῦλος
654 1122 674 1166 ὃ
702 1125 922 1182 κουράτωρ
952 1127 1030 1168 τοῦ
1052 1125 1462 1181 αυ’τοῦΒελισαρίου
1494 1124 1717 1180 ἐγίνωσκον

238 1191 314 1247 τήν
343 1194 519 1246 σκέψιν.Δ
576 1193 646 1234 καί
688 1196 987 1247 συσχεθέντων
1033 1193 1318 1250 ἀμφοτέρων,
1357 1194 1431 1236 καί
1457 1194 1768 1238 ε’κδοθέντωνιξ

237 1262 470 1318 Προκοπίῳ
509 1261 565 1319 τῷ
598 1256 803 1318 ὑπάρχῳ,
838 1260 1085 1318 κατέθεντο,
1127 1264 1201 1303 καί
1229 1266 1425 1303 κατεῖπον
1452 1262 1714 1315 Βελισαριόυ

236 1329 315 1369 τοῦ
343 1331 582 1383 πατρικίου.
667 1327 819 1369 αὕτίκα
850 1322 925 1369 οὖν
955 1327 976 1370 ὃ
1002 1328 1204 1382 βασιλεὺς
1243 1331 1409 1384 γέγονεν
1436 1326 1519 1369 ὑπὸ
1556 1326 1714 1385 ἀγανά-

238 1411 384 1451 κτησιν
412 1395 699 1449 Βελισαρίου·
758 1396 909 1437 πολλοὶ
952 1396 999 1437 δὲ
1030 1397 1147 1453 φυγῇ
1176 1395 1425 1452 ἐχρήσαντο.
1493 1394 1547 1451 τῇ
1575 1392 1606 1436 ε’
1638 1397 1713 1436 τοῦ

108 1470 144 1505 Ρ.
157 1482 224 1507 202
239 1462 503 1520 Δεκεμβρίου
536 1461 666 1519 μηνὸς
703 1463 896 1519 ἐποίησεν
937 1461 960 1504 ὃ
997 1462 1201 1517 βασιλευς
1248 1464 1466 1518 σιλέντιον,
1494 1460 1516 1504 ὃ
1545 1462 1716 1516 ἐνέγκας

332 1625 365 1668 4-
396 1623 437 1660 ἐν
459 1621 499 1672 τῇ
524 1622 607 1660 ἕσπ.
634 1623 675 1658 Α.
829 1635 879 1657 ιι.
907 1626 972 1659 καὶ
995 1624 1094 1670 prius
1122 1623 1205 1657 add.
1233 1634 1277 1657 ex
1305 1622 1346 1657 A.
1489 1632 1540 1656 ια.
1569 1620 1589 1657 ὅ
1613 1621 1712 1667 prius

332 1671 415 1705 add.
439 1683 482 1706 ex
507 1672 545 1705 A.
667 1671 719 1706 15.
747 1674 883 1718 σκέψιν
907 1673 947 1714 A,
984 1673 1123 1719 σκῆψιν
1146 1672 1242 1716 vulg.
1366 1674 1518 1717 συσχεθ.
1547 1668 1714 1717 ἀμφοτέ-

336 1733 416 1768 ρων
442 1721 467 1753 Α
493 1719 529 1761 b,
558 1729 664 1766 συσχ.
689 1719 846 1756 πάντων
871 1719 971 1768 ἆμφ.
998 1722 1093 1765 vulg.
1197 1722 1247 1754 16.
1273 1722 1500 1767 Προκοπίῳ]
1530 1717 1564 1751 11.
1591 1718 1615 1751 1.
1641 1718 1712 1751 ite-

337 1780 413 1801 rum
441 1769 569 1801 lacuna
591 1768 789 1802 intercedit
817 1770 855 1802 in
880 1770 959 1802 cod.
990 1770 1043 1812 A,
1070 1779 1164 1816 quae
1201 1780 1316 1814 usque
1352 1767 1398 1801 ad
1419 1779 1456 1814 p.
1481 1768 1563 1809 380,
1590 1767 1622 1800 5.
1650 1768 1715 1800 καὶ

334 1818 575 1863 περιπλακεὶς
599 1817 772 1862 pertinet.

241 1948 280 1982 id
305 1948 601 1991 accommodaret,
624 1954 824 1996 acceperat.
850 1947 1027 1983 Ablabius
1044 1954 1176 1991 autem,
1205 1948 1274 1982 deo
1302 1948 1352 1982 ita
1376 1947 1604 1994 disponente,
1632 1958 1712 1980 cum

241 1997 398 2031 Eusebio
426 1999 622 2040 exconsuli,
649 1999 711 2044 qui
739 1997 1006 2031 foederatorum
1049 2009 1167 2031 comes
1196 2002 1284 2038 erat,
1312 2002 1348 2030 et
1373 1997 1502 2030 loanni
1529 1994 1713 2039 Logothe·

242 2050 314 2087 tae,
345 2046 671 2092 quiDomentziolo
699 2045 934 2087 adhaerebat,
960 2045 1061 2091 quod
1085 2045 1362 2079 coniuraverant
1381 2043 1537 2077 fidenter
1557 2043 1711 2088 aperuit:

241 2091 310 2126 hac
338 2094 425 2139 ipsa,
453 2095 583 2140 inquit,
610 2106 759 2140 vespera
783 2095 1039 2139 imperatorem
1067 2092 1213 2139 aggredi
1241 2098 1278 2126 et
1308 2092 1514 2125 interficere
1549 2090 1713 2124 decrevi-

241 2152 332 2175 mus.
384 2141 447 2173 ille
472 2154 509 2175 re
535 2142 579 2175 ad
605 2142 857 2188 imperatorem
874 2143 1043 2175 nunciata
1064 2141 1222 2174 detinuit
1247 2151 1321 2181 eos,
1348 2145 1384 2173 et
1405 2138 1544 2184 gladios
1568 2139 1713 2172 occulte

241 2189 400 2223 serentes
427 2188 681 2234 deprehendit.
738 2196 775 2224 et
810 2190 1032 2235 argentarius
1072 2188 1218 2235 quidem
1243 2187 1437 2221 Marcellus
1467 2187 1621 2220 consilio
1647 2197 1711 2220 suo

242 2237 448 2274 frustratus,
475 2237 617 2280 educto,
646 2249 754 2284 quem
781 2237 940 2283 gerebat,
966 2237 1098 2282 gladio,
1126 2242 1198 2270 tres
1220 2235 1291 2269 sibi
1320 2236 1444 2280 plagas
1471 2236 1508 2268 in
1535 2236 1615 2280 ipso
1644 2235 1713 2268 tri-

242 2285 352 2318 clinio
379 2284 523 2318 inflixit.
592 2298 676 2319 mox
713 2286 797 2319 dum
825 2292 1024 2331 caperetur,
1060 2284 1249 2330 expiravit.
1298 2283 1460 2317 Aetherii
1484 2294 1569 2317 vero
1598 2293 1712 2328 nepos

243 2333 388 2377 Sergius
416 2333 613 2377 surripiens
656 2344 694 2366 se
732 2335 771 2367 in
805 2333 1081 2366 Blachernai-um
1117 2331 1242 2365 aedem
1273 2332 1458 2378 confugit:
1495 2341 1650 2376 eumque
1675 2330 1712 2362 vi

245 2380 413 2415 eductum
441 2385 478 2412 et
504 2382 748 2414 examinatum
780 2380 916 2415 hortati
948 2386 1032 2415 sunt
1067 2381 1171 2414 fateri
1202 2380 1354 2413 Isacium
1395 2378 1645 2424 argentarIum,
1676 2383 1716 2411 et

245 2428 479 2462 clarissimum
506 2429 695 2473 patricium
713 2428 923 2461 Belisarium
950 2441 1027 2462 cum
1050 2440 1093 2462 eo
1115 2428 1374 2461 coniurationis
1397 2425 1604 2461 huiusmodi
1630 2436 1714 2472 par-

245 2477 401 2522 ticipes;
429 2487 470 2509 ac
494 2476 641 2522 insuper
669 2477 906 2521 argentarium
922 2476 1057 2517 Vitum,
1080 2476 1303 2522 Paulumque
1320 2475 1483 2508 Belisarii
1511 2479 1714 2508 curatorem

247 2523 408 2559 eiusdem
433 2523 544 2557 fuisse
581 2524 756 2557 conscios.
824 2523 1104 2569 comprehensus
1144 2524 1255 2568 igitur
1290 2530 1442 2569 uterque
1472 2527 1510 2555 et
1536 2522 1712 2567 Procopio

246 2573 430 2620 praefecto
459 2571 612 2606 traditus
638 2571 789 2605 insidias
815 2583 939 2605 omnes
968 2571 1112 2613 detulit,
1141 2578 1177 2605 et
1200 2572 1391 2618 patricium
1416 2570 1628 2604 Belisarium
1654 2581 1715 2602 ac-

247 2621 396 2655 cusavit.
459 2620 648 2654 confestim
684 2620 810 2666 itaque
847 2619 886 2652 in
918 2619 1129 2653 Belisarium
1163 2620 1360 2666 imperator
1394 2618 1545 2652 exarsit:
1571 2629 1615 2651 ex
1640 2628 1713 2663 quo

246 2669 351 2702 multi
380 2669 499 2713 fugam
523 2668 680 2714 arripere
711 2667 890 2702 consiliati
915 2673 1010 2701 sunt.
1037 2673 1112 2701 tum
1140 2679 1225 2702 vero
1244 2666 1454 2702 Decembris
1498 2665 1557 2699 ‹lie
1583 2665 1714 2711 quinto

247 2717 381 2750 curiam
407 2717 618 2750 convocavit
644 2717 849 2762 imperator,
878 2714 1034 2749 adducto
1059 2727 1180 2750 secum
1213 2716 1320 2750 etiam
1347 2714 1573 2748 sanctissimo
1598 2712 1714 2759 patri-

248 2763 354 2799 archa
379 2763 570 2809 Eutychio,
594 2775 796 2812 eorumque
835 2763 1126 2799 confessionibus
1155 2764 1275 2811 palam
1302 2762 1445 2798 recitari
1473 2761 1589 2803 iussis,
1616 2760 1715 2794 Beli-

250 2827 266 2836 l
