1768 3106
277 151 391 227 706
850 169 1200 215 THEOPHANJS

268 272 373 326 μίας
400 273 475 316 καί
500 274 576 329 τῆς
603 270 783 331 ἐρήμου,
811 275 885 316 καί
907 271 1082 330 ἔρχεται
1112 273 1192 324 ἕως
1220 275 1548 332 Χρυσοπόλεως,
1577 278 1758 317 καταλι-

267 339 360 383 πών
384 339 460 384 τὸν
490 339 740 384 Βουνουσὸν
769 345 1008 398 πολιορκεῖν
1037 339 1115 398 τήν
1138 342 1390 386 Νακώλειαν
1419 343 1494 385 καί
1525 342 1757 399 φυλάττειν

265 407 320 451 τοὶ
350 411 464 451 νῶτα
495 409 648 452 αὐτοῦ.
708 404 952 452 ἀπέστειλεν
983 410 1030 451 δὲ
1071 411 1145 452 καί
1170 408 1243 452 τὸν
1273 411 1491 465 Βουρνιχὲ
1517 410 1580 460 εἶς-
1611 410 1757 456 Ἀσιάν

222 475 374 531 Βμετὰ
415 472 641 533 τριάκοντα
683 475 923 531 χιλιάδων,
968 473 1015 527 ὃς
1051 478 1125 520 καί
1160 475 1406 533 πολεμήσας
1442 476 1518 520 τόν
1548 482 1757 533 Λαχανο-

265 545 478 601 δράκοντα
507 542 587 587 σύν
616 546 677 603 τῷ
715 544 878 599 θέματι
905 546 987 587 τῶν
1020 545 1295 603 Θρᾳκησίων,
1327 545 1373 588 ἐν
1405 543 1520 605 τόπῳ
1547 547 1768 604 λεγομένῳι

261 615 460 672 Δαρηνιῖί,
493 613 568 654 καί
598 612 740 654 αὐτῶν
769 609 997 669 τριάκοντα
1022 611 1234 666 χιλιάδων
1277 607 1410 656 ὄντων
1439 613 1663 655 δεκαπέντε
1683 628 1755 667 χι-

121 684 164 719 V.
180 678 417 729 3οΰλιάδες
450 680 707 723 α’πέκτεινεν.
774 678 798 735 ἧ
832 681 880 722 δὲ
921 680 1155 734 βασίλισσα
1185 682 1396 735 πέμψασα
1423 678 1655 725 ’Λντώνιον
1685 682 1755 722 δο-

258 749 460 802 μέστικον
506 747 588 791 σὺν
625 752 716 796 τοῖς
742 743 958 802 τάγμασιν
999 745 1206 804 ἐκράτησε
1234 747 1311 802 τὴν
1343 750 1490 804 Βανῆν
1509 783 1520 805 ,
1548 747 1623 790 καί
1650 743 1755 790 ἆπέ·

258 819 423 858 κλεισεν
439 812 609 866 αύτούς.
641 817 910 871 προσέφυγεν
932 816 978 857 δὲ
999 814 1147 865 αὐτοῖς
1168 813 1402 868 Τατζάτιος
1422 814 1445 857 ὅ
1459 819 1544 859 ταῖν
1563 819 1752 859 Βουκελψ

257 885 419 940 λαρίων
446 880 681 940 στρατηγὸς
710 881 828 937 μίσει
858 883 918 941 τῷ
938 881 1041 938 πρὸς
1058 882 1322 939 Σταυράκιον
1342 881 1416 927 τὸν
1433 886 1652 939 πατρίκιον
1678 884 1754 926 καί

254 953 486 1007 λογοθέτην
515 953 591 994 τοῦ
615 948 792 1007 δρόμου,
822 949 895 993 τὸν
921 951 1141 1007 εὐνοῦχον,
1171 953 1445 1006 πρωτεύοντα
1466 950 1635 994 πάντων
1664 953 1750 994 ταῖν

253 1021 484 1075 τηνικαῦτα
514 1013 647 1063 ὄντων
677 1021 752 1062 καί
787 1017 836 1061 τὰ
866 1016 1004 1061 πάντα
1045 1020 1301 1061 διοικοῦντα.
1362 1018 1437 1061 καί
1468 1018 1571 1070 δοὺς
1601 1018 1748 1068 αὐτοῖς

252 1085 426 1142 βουλήν,
444 1084 658 1144 ᾐτήσαντο
679 1084 864 1143 εἰρήνην.
895 1085 1152 1139 ἐξελθόντων
1173 1087 1221 1128 δὲ
1241 1087 1316 1129 ἐπὶ
1331 1088 1456 1129 τοῦτο
1472 1087 1745 1142 Σταυρακίου

252 1157 328 1197 καί
346 1156 522 1211 Πέτρου
550 1154 790 1211 μαγίστρου
820 1156 896 1197 καί
930 1153 1162 1197 Ἀντωνίου
1203 1154 1479 1212 δομεστίκου,
1514 1155 1744 1210 ου’κιῆκρι-

122 1225 156 1258 P.
171 1225 239 1260 385
252 1219 495 1278 βολόγησαν
536 1223 610 1265 τὸν
649 1220 774 1278 λόγον
816 1223 981 1281 [λαβεῖν
1012 1223 1086 1263 καί
1112 1224 1235 1264 τέκνα
1272 1224 1360 1265 τῶν
1387 1222 1768 1279 πρωτευόντων]·ι

389 1286 402 1301 ἱ

228 1284 229 1287 ¹
251 1291 344 1333 ἀλλ’
375 1289 574 1342 ασκόπως
606 1287 849 1343 ἐξελθόντες
889 1287 1193 1345 ἐκρατήθησαν
1221 1289 1294 1332 ὑπ’
1321 1290 1468 1334 αὕτῶν
1495 1291 1578 1333 aaa*
1596 1288 1744 1346 ἐπεδή-

251 1361 405 1415 θησαν,
436 1359 511 1401 καί
538 1357 807 1414 ἐβιάσθησαν
837 1355 1065 1415 α’μφότερα
1095 1359 1149 1400 τά
1176 1360 1287 1414 μέρη
1316 1360 1392 1401 τοῦ
1419 1359 1597 1414 ποιῆσαι
1625 1355 1742 1413 εἰρή-

249 1443 351 1483 νην·
426 1428 500 1469 καί
530 1423 805 1483 ἐδωρήσαντο
835 1423 1038 1481 α’λλήλοις
1068 1422 1096 1481 ἥ
1124 1441 1167 1468 τε
1207 1422 1444 1481 Αιῖγοῦστα
1481 1424 1558 1468 καί
1584 1423 1607 1467 ό
1641 1426 1742 1468 ’Aa-

249 1492 338 1550 ρῶν
368 1496 483 1545 ξένια
505 1492 656 1551 πολλά,
685 1491 992 1549 στοιχήσαντες
1015 1492 1090 1535 καί
1106 1492 1214 1535 κατά
1239 1493 1387 1548 καιρόν
1412 1497 1544 1536 τελεῖν
1573 1493 1738 1544 αὐτοῖς*

246 1563 321 1606 καί
345 1564 572 1619 γενομένης
611 1558 780 1619 εἰρήνης
820 1558 1099 1618 ἀνεχώρησαν
1143 1560 1327 1618 ἀφέντες
1368 1563 1443 1604 καί
1477 1559 1523 1605 τὸ
1554 1558 1768 1618 κάστρονα

344 1717 376 1751 3.
403 1716 566 1764 Βουριχὲ
594 1716 634 1750 Α.
758 1729 791 1764 7.
822 1715 1041 1754 απέκτεινεν
1066 1716 1107 1758 Α,
1135 1712 1361 1754 ἀπέκτειναν
1385 1716 1482 1762 vulg.
1578 1728 1613 1762 9
1642 1718 1736 1751 Τατ-

345 1764 468 1807 ζιέτιος
485 1791 494 1807 ,
522 1776 658 1800 nomen
682 1764 766 1799 add.
796 1777 839 1799 ex
865 1766 905 1799 A.
1009 1767 1059 1799 13.
1084 1763 1247 1813 ᾐτήσατο
1274 1766 1316 1799 Α.
1418 1768 1471 1810 ¹4·
1497 1762 1735 1811 ἧκριβολόγη-

343 1825 418 1858 σαν
443 1808 509 1850 τὸν
527 1813 644 1860 λόγον
666 1817 708 1856 A,
727 1812 1079 1861 ἧκροβολογὴσαντο
1104 1813 1220 1860 λόγον
1243 1814 1340 1859 vulg.
1447 1815 1496 1849 15.
1521 1814 1648 1858 λαβεῖν
1671 1814 1737 1847 καὶ

340 1875 370 1898 τ.
398 1875 426 1896 τ.
454 1861 729 1921 πρωτευόντων
765 1875 836 1896 om.
863 1863 892 1896 A
922 1862 947 1895 Γ.
1074 1864 1126 1897 18.
1151 1861 1395 1909 ἐδωρήσαντο
1428 1862 1479 1904 Α,
1505 1861 1734 1906 ἐποιήσαντο

341 1910 438 1957 vulg.
557 1921 614 1944 20·
644 1909 804 1957 α’φέντες
827 1911 869 1952 A,
898 1907 1059 1956 αφῆσαν
1084 1909 1125 1945 δὲ
1148 1910 1246 1954 vulg.

246 2060 313 2092 ret,
337 2066 448 2102 seque
474 2066 493 2088 a
521 2060 623 2100 tergo
651 2059 845 2095 tutaretur,
872 2053 1127 2110 Chrysopolim
1156 2064 1271 2100 usque
1297 2053 1483 2099 profectus
1505 2058 1571 2087 est.
1621 2065 1730 2100 prae-

245 2109 347 2137 terea
381 2103 562 2137 Bnrniche
592 2115 672 2137 cum
709 2103 897 2137 hominum
937 2103 1082 2147 triginta
1119 2103 1282 2136 millibus
1310 2103 1348 2135 in
1381 2103 1500 2135 Asi-'un
1528 2101 1638 2143 misit,
1666 2103 1731 2148 qui

244 2163 326 2185 cum
354 2151 684 2185 Lachanodracone
712 2157 749 2186 et
776 2151 1043 2184 Thrace-usiam
1067 2150 1230 2184 themate
1248 2149 1292 2183 ad
1320 2150 1450 2191 locum,
1479 2161 1587 2196 quem
1616 2127 1731 2183 fiare-

243 2212 330 2234 num
368 2199 517 2240 dicunt,
547 2200 714 2233 manibus
754 2200 955 2241 consertis,
983 2211 1026 2232 ex
1063 2200 1141 2233 acie
1177 2198 1367 2232 homiuum
1393 2198 1556 2231 millibus
1581 2198 1731 2242 triginta

244 2249 457 2294 composita,
482 2247 527 2280 ad
550 2248 664 2280 millia
692 2248 903 2293 quindecim
928 2248 1060 2281 amisit.
1111 2257 1223 2294 quare
1246 2247 1456 2291 imperatrix
1474 2247 1633 2280 Antonio
1660 2246 1728 2280 do-

242 2297 393 2330 mestico
416 2307 496 2329 cuin
515 2296 630 2341 copiis
655 2297 763 2329 misso
777 2298 910 2330 Banem
935 2296 1067 2337 tenuit,
1086 2296 1259 2342 ipsosque
1277 2295 1494 2329 interclusit.
1522 2294 1596 2328 dux
1619 2306 1728 2340 porro

242 2345 529 2378 Bucellariorum
571 2344 757 2377 'l'atzatius
787 2344 951 2377 desertor
989 2343 1075 2377 fidei
1100 2344 1146 2376 ad
1175 2354 1236 2376 eos
1272 2343 1435 2385 transiit,
1464 2348 1640 2389 concepto
1667 2344 1729 2376 ni-

242 2394 373 2427 mirum
401 2392 487 2427 odio
515 2391 684 2425 adversus
702 2392 926 2426 Stauracium
954 2392 1145 2439 patricium
1175 2396 1211 2425 et
1242 2391 1381 2437 publici
1407 2403 1530 2425 cursus
1557 2390 1727 2436 logothe-

242 2448 330 2483 tam,
357 2439 586 2479 eunuchum,
612 2440 675 2486 qni
712 2446 786 2474 tum
826 2441 920 2474 inter
963 2451 1086 2474 omnes
1120 2440 1254 2485 primas
1284 2439 1489 2485 occupabat
1532 2445 1569 2473 et
1608 2451 1726 2472 rerum

243 2501 419 2524 summam
447 2488 736 2523 administrabat.
787 2489 861 2521 tale
887 2500 972 2522 vero
1002 2487 1179 2532 suggessit
1205 2488 1411 2528 consilium,
1440 2494 1480 2521 ut
1505 2499 1628 2534 pacem
1657 2498 1723 2533 pe-

242 2544 375 2572 terent.
426 2537 664 2584 quamobrem
691 2537 729 2570 in
752 2535 913 2569 medium
946 2537 1122 2582 progressi
1150 2535 1367 2577 stauracius,
1393 2538 1517 2570 Petrus
1555 2536 1726 2579 magister

243 2593 285 2619 ot·
307 2587 485 2621 Antonius
513 2585 746 2625 domesticus,
771 2596 845 2618 non
870 2584 956 2618 satis
983 2589 1087 2617 caute
1114 2585 1287 2618 cumillis
1309 2589 1471 2630 egerunt,
1499 2589 1541 2617 ut
1569 2584 1725 2617 aliorum

245 2635 354 2668 fidem
383 2634 452 2667 sibi
479 2633 762 2679 obstringerent,
788 2638 825 2666 et
850 2633 1067 2678 optimatum
1090 2632 1185 2666 filios
1211 2634 1249 2666 in
1277 2632 1422 2666 obsides
1438 2633 1507 2666 sibi
1535 2631 1612 2665 dari
1636 2643 1724 2677 pro-

242 2683 421 2717 viderent.
472 2688 611 2716 temere
639 2683 764 2728 itaque
791 2681 1050 2714 convenientes
1079 2680 1124 2714 ab
1161 2681 1310 2715 adversa
1331 2687 1436 2727 parte
1465 2681 1611 2721 retenti,
1641 2680 1725 2713 vin-

243 2732 337 2764 culis
372 2730 571 2776 compediti
609 2736 718 2771 sunt,
751 2733 861 2775 atque
882 2729 934 2762 ita
963 2729 1108 2774 utrique
1147 2741 1271 2774 pacem
1302 2730 1338 2762 vi
1364 2729 1483 2763 adacti
1509 2739 1724 2774 composue-

246 2786 351 2813 runt:
383 2790 537 2824 eumque
563 2789 600 2811 se
626 2778 761 2811 mutuis
784 2777 997 2810 muneribus
1020 2777 1180 2821 Augusta
1206 2784 1243 2812 et
1271 2779 1388 2811 Aaron
1413 2777 1660 2823 excepissent,
1686 2776 1725 2809 id

243 2828 398 2861 maxime
417 2828 512 2874 pacti
528 2831 622 2868 sunt,
654 2832 696 2861 ut
719 2827 757 2860 in
782 2837 896 2860 annos
922 2825 1084 2871 singulos
1103 2827 1190 2873 ipsis
1217 2826 1394 2861 tributum
1415 2826 1583 2862 solveret.
1634 2835 1723 2871 pace
