1786 3204
260 164 361 221 162
820 186 1170 230 THEOPHAle

249 291 360 346 δρα,
391 293 466 333 καί
488 288 616 346 γνούς
656 285 766 334 εἶναι
804 289 937 333 αὐτὸν
983 291 1227 344 δομέστικον
1268 289 1343 330 τοῦ
1358 283 1592 344 ”Ασπαρος,
1622 286 1726 344 ἔγνω

249 356 312 402 ὅτι
340 360 402 410 εἷς
429 360 608 414 βασιλέα
637 356 875 414 α’νοίγεσθαι
902 359 1064 413 μέλλει.
1123 357 1197 399 καί
1224 357 1466 399 ἀποκτεῖναι
1495 355 1623 399 αὐτὸν
1651 358 1728 399 οὐκ

248 427 472 484 ἠθέλησεν,
506 426 782 482 λογισάμενος
810 421 878 468 ὅτι
910 426 989 468 τοῦ
1017 427 1124 468 θεοῦ
1145 422 1221 481 τὴν
1241 422 1410 480 βουλὴν·
1429 423 1570 474 ου’ὃείς
1598 422 1728 467 δύνα-

246 512 319 539 ται
348 496 551 538 κωλῦσαι.
633 491 759 551 ὅρκον
788 495 836 538 δὲ
866 492 1001 536 αὐτὸν
1029 491 1254 550 ἀπῄτησεν,
1288 488 1352 535 ὅτι
1385 493 1427 536 εἰ
1452 495 1512 550 τῷ
1540 492 1627 552 θεῷ
1657 492 1730 549 φί-

247 568 321 607 λον
347 564 594 619 βασιλεύειν
633 563 792 619 αὕτόν,
834 564 888 604 ου’
915 561 1147 616 πολεμήσει
1176 562 1276 604 ποτὲ
1311 559 1599 617 Οὗανὸήλους.
1657 558 1767 602 καί5

248 627 384 682 οὕτως
421 629 615 687 ἀβλαβής
657 631 890 680 α’πολυθείς
930 627 950 672 ὃ
989 626 1245 684 Μαρκιανός
1299 623 1428 684 ἦλθεν
1471 630 1532 677 εἰς
1559 626 1606 669 τὸ
1638 629 1731 669 Βυ-

250 699 433 752 ζάντιον.
489 699 648 753 χρόνου
682 700 728 742 δὲ
759 699 904 753 ὀλίγου
935 694 1189 750 διελθόντος,
1222 695 1295 739 καὶ
1328 697 1561 740 Θεοδοσίου
1589 699 1731 737 τελευ-

247 765 467 824 τήσαντος,
486 765 692 821 βασιλεῦς
721 767 967 821 ἀνεδείχθη,
998 763 1055 814 ὥς
1075 766 1331 821 προέφημεν.
1361 765 1519 820 ἐγένετο
1549 765 1596 806 δὲ
1624 779 1732 817 χρη-

248 833 348 885 στός
378 837 479 889 περί
517 833 680 884 πάντας
717 832 817 884 τούς
852 830 1078 889 ὑπηκόους.
1147 830 1169 874 ὅ
1202 834 1249 874 δὲ
1270 828 1473 882 ’Ἀττιλας
1505 831 1731 874 ἑπανίστα-

210 908 319 945 Crat
344 906 404 960 τῷ
428 906 604 957 βασιλεῖ’
623 901 789 957 Ῥώμης
820 901 1183 959 Οὕαλεντινιανιῇ,
1215 898 1326 943 διότι
1356 899 1434 942 οὐκ
1465 898 1620 942 ἔδωκεν
1649 899 1729 940 av’.
1749 911 1786 938 ι(

248 971 305 1027 τῷ
333 972 394 1020 εἰς
421 977 604 1025 γυναῖκα
633 967 709 1025 τὴν
739 969 853 1012 ἰδίαν
883 967 1075 1025 οἷὸελφὴν
1098 965 1327 1024 Ὁνωρίαν·
1386 967 1460 1010 καί
1488 966 1627 1011 ἐλθών
1656 969 1732 1021 με’-

247 1055 325 1094 χρι
368 1039 530 1088 πόλεως
557 1034 807 1093 Αὖρηλιάς,
854 1035 930 1079 καί
963 1037 1227 1090 συμπλακείς
1254 1036 1401 1095 Ἀετίῳ
1431 1038 1487 1095 τῷ
1516 1037 1735 1093 στρατηγῷ

242 1106 494 1160 Ῥωμαίων,
530 1104 603 1147 καί
642 1104 852 1161 ἡττηθείς,
883 1107 1106 1154 πλείστους
1148 1100 1380 1159 ἀποβαλών
1405 1107 1481 1160 τῆς
1512 1101 1735 1156 δυνάμεως

248 1171 364 1228 παρὰ
384 1168 560 1229 ’Λήγουν
582 1171 790 1226 ποταμόν,
808 1173 1078 1229 ὑπέστρεψεν
1098 1174 1457 1230 κατῃσχυμμένος.
1490 1169 1511 1214 ὅ
1535 1173 1582 1214 δὲ
1600 1172 1734 1226 Μαρ-

249 1239 393 1291 κιανὸς
425 1243 501 1296 τῆς
527 1242 572 1283 ἐν
602 1239 748 1299 Λυκίᾳ
781 1243 1057 1297 γεγενημένης
1094 1240 1211 1299 αὐτῷ
1241 1238 1534 1297 ὗπομνησθείς
1565 1241 1732 1295 εὕεργε-
1754 1240 1786 1282 ιέ

249 1310 348 1359 σίας
378 1307 589 1351 Τατιανὸν
618 1310 691 1351 καί
718 1307 894 1352 Ἰούλιον
918 1307 1307 1363 μεταπεμψάμενος
1355 1310 1545 1365 πατέρας
1576 1306 1733 1359 αὐτούς

250 1376 522 1432 α’νεκήρυξεν.
610 1379 683 1418 καί
721 1375 793 1419 τὸν
833 1377 913 1431 μὲν
963 1375 1170 1419 Τατιανὸν
1210 1373 1407 1432 ὕπαρχον
1448 1370 1620 1432 ἐπὀίησε
1658 1378 1734 1431 τῆς

248 1442 435 1494 πόλεως·
493 1447 554 1503 τῷ
579 1446 625 1486 δὲ
651 1444 810 1503 Ἰουλίῳ
842 1443 918 1500 τὴν
961 1445 1044 1487 ταῖν
1072 1444 1254 1499 Λιβύων
1283 1445 1548 1500 ἐνεχείρησεν
1577 1440 1733 1499 α’ρχήν.

249 1508 276 1567 ἧ
310 1513 358 1554 δὲ
386 1514 580 1568 μακαρία
612 1515 868 1568 Πουλχερία
897 1511 1057 1562 πολλὰς
1099 1514 1177 1566 μὲν
1206 1514 1282 1554 καί
1307 1507 1440 1563 ἄλλας
1469 1512 1525 1570 τῷ
1553 1512 1735 1569 Χριστῷ

204 1580 470 1636 Βᾰνὴγειρεν
516 1582 758 1636 ἐκκλησίας,
801 1578 1026 1636 ἐξαιρέτως
1068 1582 1114 1623 δὲ
1156 1579 1234 1635 τὴν
1273 1582 1318 1623 ἐν
1357 1582 1626 1635 Βλαχέρναις
1656 1581 1786 1635 τῆςα(

248 1646 523 1704 πανυμνήτου
554 1649 780 1705 δεσποίνης
805 1647 928 1705 ἡμῶν
957 1645 1163 1691 θεοτόκου
1195 1650 1242 1692 ἐν
1269 1649 1383 1707 α’ρχῇ
1410 1649 1483 1705 τῆς
1511 1647 1734 1703 βασιλείας

343 1795 377 1818 2.
403 1785 599 1829 βασιλείαν
623 1784 659 1818 b.
761 1797 792 1831 7.
823 1785 862 1821 δὲ
890 1798 959 1820 om.
985 1785 1022 1820 b.
1106 1798 1158 1820 ιο.
1188 1785 1240 1832 τῷ
1265 1784 1566 1834 βασιλεῖῬώμης
1588 1785 1631 1827 Α,
1655 1791 1735 1825 τοῖς

344 1833 542 1879 βασιλεῦσι
568 1837 633 1868 καὶ
653 1832 795 1882 Ῥώμης
818 1834 915 1878 vulg.
1020 1834 1072 1878 ¹4·
1099 1834 1234 1880 Λὴγην
1258 1836 1299 1868 A.
1418 1847 1468 1881 ¹7·
1497 1836 1664 1881 ἔπαρχον
1691 1837 1730 1867 Α.

344 1881 408 1925 ’τῆς
419 1881 521 1964 Aadd.
544 1892 589 1916 ex
612 1883 654 1915 A.
758 1883 811 1917 18.
836 1885 993 1920 Λυκίων
1021 1882 1057 1924 b,
1085 1882 1238 1917 fortasse
1256 1894 1350 1917 vere.
1472 1894 1532 1918 σο.
1562 1884 1625 1927 τῆς
1649 1881 1730 1917 add.

348 1941 393 1963 ex
452 1954 461 1962 .

253 2067 330 2089 esse
359 2056 473 2098 novit,
499 2056 547 2090 ad
573 2056 717 2102 imperii
744 2057 888 2090 culmen
914 2057 1033 2091 virum
1058 2058 1256 2105 aliquando
1282 2058 1509 2092 evehendum
1534 2057 1728 2104 praevidit.

252 2104 379 2149 itaque
415 2103 475 2138 dei
508 2105 700 2138 consilium
733 2116 753 2138 a
790 2105 893 2138 nullo
927 2107 1136 2152 praepediri
1175 2107 1391 2150 arbitratus,
1418 2112 1573 2141 mortem
1597 2107 1732 2140 inferre

250 2152 395 2185 noluit:
420 2158 458 2186 at
481 2152 694 2185 iusiurando
721 2159 861 2193 exactO,
890 2159 929 2187 ut
956 2155 986 2187 si
1007 2166 1086 2188 eum
1106 2156 1280 2201 imperare
1308 2155 1376 2189 deo
1400 2155 1597 2196 videretur,
1626 2167 1732 2188 num-

251 2211 360 2245 quam
388 2199 575 2234 Vandalus
615 2200 715 2233 bello
758 2201 970 2242 lacesseret,
1009 2203 1177 2248 polliceri
1204 2204 1390 2249 compulit.
1453 2205 1502 2238 ita
1527 2203 1734 2236 Marcianus

250 2248 417 2282 dimissus
443 2249 639 2282 incolumis
665 2249 807 2293 Cpolim
842 2250 1054 2293 regreditur.
1082 2262 1166 2284 mox
1192 2263 1278 2285 vero
1304 2252 1405 2286 brevi
1420 2257 1733 2298 praetercurrente

251 2301 429 2341 tempore,
460 2308 501 2330 ac
529 2296 740 2330 Theodosio
779 2297 864 2330 fatis
892 2298 1029 2340 functo,
1060 2299 1276 2345 imperator,
1317 2306 1359 2334 ut
1385 2300 1650 2346 praemisimus,
1679 2305 1735 2333 est

251 2345 443 2385 salutatus,
470 2350 508 2378 et
531 2345 569 2378 in
596 2344 762 2378 subditos
791 2356 914 2379 omnes
936 2345 1232 2381 humanissimum
1253 2360 1290 2382 se
1316 2348 1499 2393 praebuit.
1551 2355 1734 2382 caeterum

249 2392 366 2426 Attila
394 2393 529 2426 Romae
553 2393 756 2439 principem
781 2393 1084 2427 Valentinianum
1109 2396 1262 2429 maxime
1292 2395 1393 2429 hello
1418 2408 1549 2430 vexare
1582 2396 1734 2437 studuit,

250 2439 353 2487 quod
381 2440 578 2474 Honoriam
610 2441 792 2486 propriam
813 2453 971 2475 sororem
999 2443 1031 2475 ei
1057 2444 1249 2488 coniugem
1276 2444 1395 2478 locare
1427 2450 1635 2479 recusasset.
1687 2443 1735 2478 ad

249 2488 532 2522 Aurelianorum
559 2490 686 2535 itaque
711 2490 892 2522 civitatem
910 2501 1131 2535 progressus,
1157 2493 1330 2525 consertis
1349 2505 1429 2526 cum
1448 2494 1552 2527 Aetio
1572 2495 1734 2527 Romano

251 2535 344 2570 duce
369 2536 551 2578 manibus,
579 2537 746 2582 pluribus
775 2548 918 2570 suarum
946 2539 1131 2583 copiarum
1161 2541 1206 2573 ad
1224 2541 1378 2585 Ligerim
1405 2541 1556 2575 fluvium
1581 2541 1733 2582 amissis,

251 2591 467 2630 superatur,
493 2591 531 2619 et
558 2597 637 2617 cum
665 2584 844 2619 dedecore
870 2586 1036 2631 proprios
1074 2589 1207 2632 repetit
1234 2589 1334 2622 fines.
1386 2590 1591 2623 Marcianus
1616 2589 1733 2622 bene-

253 2634 327 2667 ficii
354 2633 424 2666 sibi
467 2632 653 2680 quondam
695 2633 733 2666 in
763 2634 871 2676 Lycia
911 2634 1036 2668 collati
1063 2647 1214 2677 memor,
1240 2637 1438 2671 Tatiannm
1465 2643 1502 2672 et
1526 2638 1661 2671 Iulium
1686 2636 1734 2670 ad

250 2693 288 2714 se
315 2682 449 2716 accitos
474 2687 595 2728 patres
622 2682 831 2715 renunciat:
871 2686 908 2715 et
932 2683 1128 2717 'ratianum
1156 2683 1303 2732 quidem
1330 2686 1450 2727 urbis,
1485 2686 1621 2720 Iulium
1646 2696 1732 2718 vero

250 2728 388 2772 Libyca
416 2729 566 2764 decorat
589 2729 829 2776 praefectura.
890 2729 999 2764 beata
1037 2743 1145 2778 porro
1188 2732 1377 2767 Pulcheria
1417 2735 1540 2780 plures
1577 2745 1618 2768 ac
1643 2733 1733 2766 alias

250 2775 396 2811 Christo
421 2778 624 2813 construxit
653 2778 846 2812 ecclesias:
870 2779 1024 2812 maxime
1062 2791 1146 2814 vero
1172 2792 1268 2827 quae
1295 2782 1537 2816 celebrandae
1565 2782 1732 2816 dominae

249 2830 397 2859 nostrae
423 2826 596 2873 deiparae
622 2825 742 2860 dicata
772 2827 996 2874 conspicitur
1026 2828 1065 2862 in
1092 2829 1301 2865 Blachernis
1325 2831 1391 2864 sub
1416 2831 1636 2878 pientissimi
1661 2830 1732 2863 im-
