1708 3172
465 152 772 194 PRAEFATIO
826 151 1126 194 COMBEFISI.
1486 153 1540 193 XI

47 269 148 320 stre
172 267 417 308 sanctissimi
445 267 781 306 Praedicator-um
818 266 1020 306 Antistitis
1059 266 1270 306 Dominici
1307 265 1366 305 ad
1398 267 1540 307 Nonas

66 343 246 395 Augusti
286 341 392 381 anni
421 340 645 380 MDCLHI.
694 340 867 394 eoepleds
883 338 1031 393 seriis,
1074 339 1222 391 gravis
1259 352 1430 378 aceensa
1461 340 1540 379 bile

65 415 222 454 morbus
250 411 437 462 invadit,
470 427 524 452 ac
548 414 613 469 aql
638 412 906 467 Septembrem
937 413 1027 451 iam
1057 420 1284 463 vergentem
1314 414 1430 450 varie
1457 411 1541 450 dis-

63 489 274 536 crucians,
323 489 374 526 αὸ
412 478 695 541 corpusculum
741 468 928 525 deterens
946 515 958 535 ‚
998 483 1051 524 de
1075 485 1245 539 patria,
1276 492 1393 538 atque
1426 485 1541 523 exitu

29 596 32 598 .
65 560 260 599 solicitum
295 557 435 613 sacit‚·
476 559 647 612 quando
694 568 733 598 et
771 560 844 613 pie
884 559 991 597 inter
1006 559 1202 609 ιῘὶτιτνιιηι
1242 570 1387 596 manus
1422 558 1540 612 (quin

63 641 101 670 et
119 614 320 685 fitiorum,
352 631 547 672 sodalitii
571 633 694 670 totius
737 633 826 670 vice
859 630 1066 682 Magistri
1095 630 1277 679 Ordinis,
1307 639 1349 668 ut
1378 639 1539 678 vocant,

63 705 237 744 Praeses
267 705 459 752 existens)
485 705 591 744 diem
623 705 717 744 obit.
790 704 936 743 Statim
967 706 1103 758 itaque
1131 711 1343 759 appetente
1372 703 1537 742 invale-

62 779 214 828 tudine,
244 787 288 817 ut
305 777 414 818 nihil
440 793 488 817 ea
512 780 604 832 ipso
635 777 809 817 exordio
833 778 1088 828 mitior-ficit,
1121 786 1163 815 ut
1189 776 1298 834 quoti
1322 784 1543 830 superesset

68 851 303 907 Theophani
316 843 574 906 p'raestarem
592 864 672 905 pro
693 854 861 904 antiquo
883 850 1099 889 amicitiae
1118 850 1218 899 iure,
1237 863 1287 888 ac
1318 850 1538 888 communi-

59 924 132 962 bus
158 924 302 963 studiis·
319 926 439 964 etiam
455 926 658 979 etiamque
674 925 851 977 rogavit.
883 923 1050 972 Ammi‚·
1082 936 1155 962 nec
1175 923 1283 961 enim
1312 921 1383 961 vel
1406 922 1538 974 amico

59 997 247 1052 aliquid,
286 1007 359 1037 aut
389 1012 472 1036 rem
501 999 560 1036 sic
590 999 737 1036 iustam
757 1026 770 1049 ‚
799 1011 895 1052 eque
931 1010 976 1035 re
1002 996 1211 1036 commum·
1236 1009 1385 1048 negare
1408 997 1538 1049 potui.

59 1070 187 1110 Notas
214 1071 352 1125 itaque
385 1071 530 1125 quales
565 1071 732 1110 relictae
762 1078 883 1110 erant
897 1100 910 1119 ,
947 1069 1091 1124 praelo
1119 1069 1288 1118 subieci„
1331 1082 1381 1108 ac
1409 1082 1538 1124 quam

53 1144 184 1199 pomi,
214 1151 259 1183 ut
287 1144 496 1183 emendate
517 1143 941 1204 prodeantflcuravi.
1002 1143 1183 1183 Iudicem
1203 1143 1539 1198 copiosissimum,

56 1216 171 1270 quod
184 1217 244 1255 ita
261 1216 514 1256 commodum
536 1217 741 1256 videretur
754 1216 1130 1271 OEtvnographieae
1150 1224 1285 1255 tantae
1316 1215 1535 1263 molitioni,

57 1287 199 1328 adieci
209 1303 224 1338 ,·
261 1297 463 1344 totumque
505 1290 607 1329 adeo
647 1289 902 1345 Theophanis
940 1291 1071 1344 ipsum
1101 1298 1253 1329 textum
1266 1319 1278 1339 ‚
1307 1303 1361 1329 ac
1391 1289 1536 1328 Leonis

60 1361 356 1413 Grammatici,
384 1363 685 1419 versionemque
710 1377 936 1414 recensens,
965 1372 1224 1402 occurrerunt
1254 1364 1383 1403 multa
1398 1394 1409 1413 ‚
1434 1377 1537 1416 quae

56 1435 255 1475 secundas
285 1450 403 1476 curas
417 1436 478 1476 sic
506 1436 635 1491 spisso
661 1451 781 1491 opere
799 1436 1036 1476 viderentur
1060 1436 1307 1479 desiderare.
1370 1438 1422 1475 In'
1446 1451 1534 1475 eam

56 1521 143 1547 rem
170 1507 301 1560 igitur
335 1508 474 1549 Notas
493 1510 756 1564 posteriores,
794 1524 843 1549 ac
872 1509 1172 1549 emendationes
1200 1510 1385 1558 strictim,
1411 1523 1535 1563 pene-

55 1594 131 1636 que
158 1580 407 1633 defunctorie
433 1582 702 1622 instituendas
725 1584 886 1638 putavi,
914 1592 954 1622 ut
984 1583 1032 1622 id
1042 1583 1144 1634 ⁴sere
1165 1591 1419 1637 praestarem
1449 1581 1534 1621 Pu-

54 1655 110 1694 tri
140 1655 262 1694 Goar
286 1656 331 1695 in
364 1656 618 1711 Theophane,
646 1657 756 1712 quod
782 1657 853 1695 ille
883 1655 1108 1708 AJyIandro
1136 1658 1179 1696 in
1210 1657 1362 1709 Regiae
1389 1656 1533 1695 editeb-

53 1727 118 1767 nis
149 1726 343 1769 Cedreno.
418 1728 505 1768 Nec
547 1731 652 1769 enim
692 1729 803 1784 quod
833 1729 1017 1769 Gretsero
1052 1730 1097 1769 in
1128 1729 1308 1780 Codino,
1346 1729 1414 1768 ubi
1452 1744 1533 1771 non

53 1801 329 1852 desunt-*torius
345 1831 358 1853 ,
397 1802 472 1841 sed
490 1802 621 1857 plane
662 1803 863 1857 exquisito
894 1816 1027 1857 opere,
1058 1803 1109 1842 de
1145 1802 1306 1842 Graeca
1334 1803 1531 1857 sequioris

50 1875 293 1928 praesertim
324 1874 527 1930 mediique
557 1877 652 1935 aevi
678 1876 905 1924 literatura,
938 1876 1046 1914 idem
1074 1874 1238 1914 laudem
1269 1876 1395 1914 habet.
1454 1876 1530 1915 In..

50 1947 169 1986 terim
196 1947 375 2001 angebat
400 1949 601 1996 animum,
631 1948 742 2004 quod
769 1948 974 1988 Graecum
1012 1950 1231 2004 exemplar
1261 1949 1531 1989 Laudationis

58 2019 316 2075 Theophanis
341 2034 536 2077 nusquam
572 2030 815 2060 ocawreret:
868 2020 1118 2076 Lipomunus
1145 2021 1369 2071 dunum-at,
1398 2036 1531 2077 eoeque

51 2107 100 2132 eo
128 2092 271 2133 Sarius
309 2093 373 2134 ad
399 2094 549 2133 Marcii
579 2094 688 2136 XII.
763 2093 958 2134 Latinam
1001 2104 1327 2149 repraesentaret.
1386 2096 1528 2150 Ipsum

49 2165 166 2221 quod
191 2167 254 2212 ita
270 2166 421 2207 Latine
449 2168 651 2207 redditum
681 2177 782 2215 erat,
815 2176 1108 2207 monumentum
1135 2163 1338 2221 egi-egium
1366 2168 1529 2208 indica-

25 2230 34 2244 ’
51 2238 133 2292 hat,
161 2253 243 2293 quo
269 2250 308 2279 et
335 2240 580 2281 Anastasius
606 2241 834 2281 delectatus
853 2250 963 2281 esset.
1022 2242 1251 2281 Audieram
1277 2256 1401 2296 saepe
1426 2256 1527 2296 que-

51 2321 200 2352 rentem
232 2312 282 2352 P.
316 2313 460 2364 Goar,
490 2314 604 2369 quod
627 2328 825 2370 nusquam
862 2315 974 2355 illius
1002 2316 1163 2370 copiam
1195 2316 1497 2354 nancisceretur
1513 2333 1524 2353 :

48 2387 135 2440 ipse
160 2387 426 2428 nihilomitms
472 2389 579 2428 nilu‘t
616 2389 962 2443 importzuu'tatcm
990 2389 1151 2439 veritus,
1181 2403 1304 2443 quam
1332 2389 1526 2443 gratissi-

49 2473 157 2498 mam
166 2461 274 2512 Jbre
304 2475 498 2500 noveram
515 2492 528 2513 ,
567 2462 804 2518 pulsandas
842 2464 987 2502 iterum
1014 2462 1057 2502 E
1058 2463 1343 2503 eninencissimi
1374 2460 1525 2501 Cardi-

49 2533 157 2572 nalis
183 2534 399 2574 Francisci
428 2535 654 2575 Barberini
669 2537 793 2587 sores
832 2539 877 2575 in
908 2550 1002 2576 eam
1032 2550 1118 2577 rem
1145 2536 1323 2576 decrevi.
1381 2535 1524 2574 Scribo

48 2603 188 2657 egitur,
217 2605 436 2662 deplorato
464 2608 623 2647 Fratris
650 2609 882 2648 charissimi
916 2609 1033 2663 apud
1061 2623 1321 2658 communem,
1348 2608 1522 2663 olimque

48 2678 397 2730 amicumjimere
411 2711 423 2730 ‚
453 2695 574 2720 unum
611 2680 751 2721 deesse
766 2712 779 2732 ,
810 2695 891 2736 quo
925 2682 1174 2737 Theophanis
1199 2690 1320 2735 pater
1344 2681 1428 2734 ipse
1457 2689 1523 2719 at-

47 2765 124 2805 que
146 2752 373 2805 productor
416 2754 611 2795 videatur
638 2769 734 2796 csse.
794 2755 965 2794 Multum
1005 2754 1168 2810 quidem
1195 2756 1240 2794 in
1269 2768 1358 2794 eum
1385 2761 1520 2793 eontu-
