1786 3204
286 152 302 187 ¹
315 151 393 207 90
850 155 1196 199 THEOPHANIS

274 269 384 308 μους
413 255 630 307 ἐπιθέντες
658 255 733 299 καί
760 258 838 314 γῆν
865 257 1151 314 ἑπιχώσαντες
1178 257 1348 313 ἒζιιειναν
1374 257 1507 303 ἔνδον.
1579 259 1746 318 ὄλιῇιους

274 323 323 365 δὲ
352 322 591 380 ὖπαντῆσαι
634 324 802 375 τούτοις
845 325 1165 377 ἀποστείλαντες
1213 329 1287 369 καί
1329 322 1459 379 αὖθις
1500 331 1561 379 εἷς
1605 330 1747 387 φυγὴν

230 392 502 445 Πτραπέντες
530 394 605 434 καί
634 393 742 434 κατὰ
785 391 838 436 τά
870 392 992 436 στενοὶ
1033 392 1283 449 διαβάντες,
1334 393 1446 449 ὁμοῦ
1477 402 1566 448 τοῖς
1598 393 1746 448 ἄλλοις

271 457 442 516 ἔφυγον.
509 457 549 501 οἱ
589 460 636 502 δὲ
662 462 838 516 Πέρσαι
878 462 1013 517 μηδὲν
1042 459 1181 503 δεινὸν
1217 459 1579 518 ὑποπτεύσαντες,
1609 464 1744 521 α’κρα-

269 527 350 576 τῶς
388 527 562 576 τούτους
590 529 767 570 ἐδίωκον
786 561 797 579 ,
830 529 904 570 καί
940 528 1093 579 πάντες
1122 528 1232 581 ὁμοῦ
1260 529 1340 572 σύν
1368 531 1425 587 τῷ
1454 530 1640 589 Περώζῃ
1671 531 1781 577 καί5

268 599 359 644 τοῖς
386 596 525 636 αὐτοῦ
554 595 702 636 παισίν
727 597 787 645 εἰς
814 595 861 638 τὸ
891 595 1115 651 βάραθρον
1153 594 1418 651 ἐμπεσόντες,
1450 596 1684 642 α’ποόλοντο.
1718 599 1742 640 ὅ

270 662 317 704 δὲ
347 659 559 717 Περώζης
589 662 846 717 αἰσθόμενος
871 665 948 705 τοῦ
977 664 1130 716 δεινοῦ,
1159 663 1233 709 τόν
1259 662 1498 721 μα’ργαρον,
1533 663 1582 707 ὃν
1609 665 1743 716 αύτὸς

267 724 382 784 εἶχεν
409 727 659 772 λευκότατον
697 729 773 772 καί
800 732 947 786 μέγαν,
988 729 1049 780 εἰς
1074 726 1315 787 ὑπερβολήν
1345 730 1532 788 ἔντιμον,
1563 734 1607 784 ἐξ
1635 731 1745 783 uiuit,-

263 797 342 839 τοῦ
385 797 527 848 δεξιοῦ
558 794 844 854 ἀφελόμενος,
887 796 1089 853 ἔρριψεν,
1122 794 1237 846 ὅπως
1262 798 1323 854 μή
1352 815 1418 850 τις
1446 795 1578 842 αὖτὸν
1605 801 1742 843 ὀπίσω

265 863 408 907 αὑτοῦ·
426 865 601 922 φορέσῃ,
631 863 726 906 ἐπεὶ
753 864 1003 917 ἀξιοθέατος
1023 864 1257 922 ὑπερφυῶς
1282 861 1348 922 ἦν,
1380 861 1471 909 οἷον
1499 862 1615 909 οὔπω
1637 868 1742 922 πρό·
1761 884 1786 911 1⁴

263 947 387 986 τερον
411 928 539 990 ἑτέρῳ
560 934 736 986 βασιλεῖ
748 933 928 987 γέγονεν.
961 929 1074 975 οὕτω
1102 935 1182 988 μὲν
1197 934 1408 990 Περώζης
1426 934 1642 992 διεφθάρη
1663 934 1744 979 σύν

131 1008 167 1044 Ρ.
189 1007 254 1043 ιοδ
265 998 380 1060 πάσῃ
410 999 461 1058 τῇ
487 1000 679 1059 στρατιᾷ.
711 995 805 1043 ὅσοι
827 1001 874 1044 δὲ
893 998 1079 1060 Περαὶζῃ
1097 1000 1158 1058 μὴ
1178 999 1579 1056 συστρατεύσαντες,
1593 1004 1746 1059 Καβά-

264 1070 342 1124 δην
368 1069 552 1123 βασιλέα
583 1066 749 1110 εἵλαντο
778 1065 853 1110 τόν
878 1068 1094 1123 Περώζου
1133 1066 1336 1125 νεώτερον
1365 1068 1472 1112 υἱόν.
1531 1065 1664 1126 ἦρξαν
1693 1073 1742 1114 δὲ

148 1142 191 1177 V.
205 1145 249 1180 85
264 1138 448 1191 Περσῶν
477 1132 516 1177 οἱ
542 1135 755 1191 βάρβαροι
771 1134 956 1191 χρόνους
987 1136 1066 1178 δύο
1093 1136 1154 1186 εἰς
1175 1133 1313 1193 φόρου
1334 1135 1581 1194 α’παγωγὴν.
1642 1140 1742 1181 Κα-

259 1201 395 1260 βάδης
436 1203 484 1246 δὲ
519 1203 593 1245 ἐπὶ
630 1200 677 1245 τὸ
707 1203 950 1258 βιαιότερον
991 1204 1044 1262 τῇ
1085 1204 1203 1262 α’ρχῇ
1228 1203 1465 1260 χρώμενος,
1493 1205 1635 1257 κοινὰς
1663 1205 1738 1257 τὰς
1757 1213 1786 1254 1!

257 1277 462 1327 γυναῖκας
499 1268 615 1326 ἔχειν
643 1272 973 1327 ἐνομοθέτησεν·
1047 1267 1147 1314 ὅθεν
1185 1269 1223 1314 οἱ
1255 1275 1434 1326 Πέρσαι
1474 1275 1627 1317 τοῦτον
1664 1276 1737 1330 τῆς

257 1338 394 1395 ἀρχῆς
422 1340 694 1393 παρέλυσαν,
723 1339 797 1380 καί
825 1337 1024 1395 δήσαντες
1051 1341 1111 1388 εἰς
1142 1337 1339 1396 φυλακήν
1365 1340 1585 1396 ἀπέθεντο,
1616 1342 1736 1385 Βλά-

254 1422 347 1450 σιον
377 1406 424 1449 δὲ
455 1404 530 1448 τόν
559 1404 635 1448 καί
661 1405 858 1460 Ούαλᾶν,
889 1404 1078 1464 α’δελφὸν
1109 1407 1342 1462 Περαίζου,
1380 1410 1560 1462 βασιλέα
1590 1409 1736 1467 ἐποίη-

259 1491 342 1518 σαν
375 1472 450 1517 διὰ
481 1471 529 1516 τό
575 1471 632 1530 μὴ
668 1468 779 1516 εἶναι
811 1469 938 1517 ἄλλον
964 1473 1060 1517 υἱὸν
1081 1474 1309 1530 Περώζου.
1366 1475 1392 1531 ἦ
1427 1477 1475 1519 δὲ
1502 1474 1607 1533 γυνὴ
1638 1479 1735 1520 Κα-

358 1640 388 1663 ι.
423 1629 488 1664 καὶ
520 1627 714 1676 καλάμους
745 1626 938 1668 ἐπιθέντες
979 1630 1045 1664 καὶ
1076 1628 1148 1676 γῆν
1173 1627 1429 1675 ἐπιχώσαντες
1454 1630 1493 1671 Α,
1533 1631 1597 1665 καὶ
1619 1631 1735 1666 καλά-

346 1688 447 1726 μους
470 1675 535 1712 iat
558 1676 630 1724 γῆν
655 1679 847 1716 ἐπιθέντες
877 1676 974 1721 vulg.
1118 1677 1151 1711 3.
1177 1671 1272 1712 κατὰ
1297 1678 1326 1711 Α
1355 1690 1399 1720 e,
1435 1677 1521 1713 καθ’
1558 1673 1611 1719 εἷς
1636 1681 1732 1724 vulg.

350 1729 386 1762 6.
417 1727 469 1764 εἰς
493 1721 533 1760 τό
559 1724 646 1772 βάρ.
677 1725 719 1767 Α,
745 1727 797 1762 εἰς
822 1723 909 1771 βάρ.
937 1725 1033 1770 vulg.
1079 1767 1096 1775 ᾖ
1171 1736 1206 1769 9.
1235 1723 1358 1760 ὀπίσω
1381 1727 1423 1768 A,
1448 1725 1611 1764 ὄπισθεν
1636 1730 1733 1772 vulg.

358 1786 410 1808 10.
441 1776 586 1822 φορέσῃ
613 1776 655 1813 Α,
680 1771 830 1820 φορὴσῃ
856 1774 953 1818 vulg.
1053 1776 1138 1809 οἱον
1162 1785 1194 1814 e,
1220 1771 1314 1809 ὅσον
1335 1774 1431 1819 vulg.
1459 1787 1530 1808 om.
1561 1775 1600 1809 A.
1680 1777 1732 1809 13.

351 1824 493 1858 εἵλοντο
517 1823 559 1864 Α,
585 1820 648 1855 sed
675 1821 747 1854 vid.
776 1833 811 1867 p.
850 1832 923 1862 122,
959 1832 986 1854 ι.
1118 1821 1168 1854 ι5.
1193 1822 1406 1869 βιαιότερον
1430 1824 1472 1866 A,
1495 1822 1734 1870 βεβαιότερον

351 1871 448 1917 vulg.
575 1881 626 1917 ις.
653 1871 822 1906 Βλασιον
851 1869 890 1905 δὲ
913 1871 957 1911 A,
980 1871 1045 1904 καὶ
1070 1867 1220 1913 Βλὰσην
1248 1871 1345 1916 vulg.

257 2022 395 2068 quippe
420 2019 639 2068 profundius
666 2026 848 2062 excavata,
877 2020 1036 2054 calamos
1072 2031 1152 2054 cum
1179 2026 1272 2055 terra
1297 2020 1429 2055 leviter
1452 2026 1594 2066 aggesta
1625 2021 1732 2055 desu-

258 2082 324 2115 per
348 2071 589 2115 imponentes,
620 2069 777 2102 latenter
803 2069 840 2102 in
865 2080 905 2102 ea
923 2070 1044 2103 Persas
1070 2068 1397 2115 praestolabantur.
1446 2070 1570 2115 paucis
1596 2076 1731 2111 autem,

257 2118 318 2164 qui
344 2118 483 2151 Persico
520 2117 695 2150 exercitui
736 2123 978 2157 occurrerent,
1016 2117 1145 2159 missis,
1170 2116 1374 2163 iisdemque
1400 2117 1437 2150 in
1465 2117 1583 2162 fugam
1609 2120 1732 2161 versis,

252 2173 293 2200 et
321 2165 453 2199 exinde
479 2165 641 2198 locorum
671 2165 856 2209 angustias
881 2164 1122 2199 subeuntibus
1162 2165 1312 2210 singulis
1340 2171 1377 2199 et
1405 2177 1476 2199 una
1505 2165 1728 2211 fugientibus

254 2214 420 2261 reliquis,
445 2214 572 2247 Persae
601 2213 695 2246 nihil
716 2214 903 2247 adversum
931 2214 1101 2259 suspicati
1135 2214 1255 2247 effusis
1282 2212 1434 2247 habenis
1462 2225 1523 2247 eos
1550 2216 1730 2256 insectati,

252 2274 380 2296 omnes
407 2273 486 2295 cum
505 2261 635 2294 Peroze
654 2261 842 2308 ipsiusque
866 2261 991 2294 liberis
1011 2263 1048 2294 in
1068 2260 1275 2295 barathrum
1302 2261 1505 2295 incidentes
1531 2264 1731 2308 perierunt.

256 2312 406 2345 Perozes
439 2309 562 2343 dolum
600 2314 794 2354 expertus,
829 2320 1002 2354 gemmam
1028 2321 1132 2355 quam
1171 2308 1333 2342 habebat
1373 2309 1664 2344 candidissimam
1692 2316 1729 2344 et

257 2359 435 2404 insignem
463 2363 574 2403 atque
603 2357 770 2390 immensi
799 2357 921 2402 pretii,
954 2369 1040 2390 aure
1067 2357 1192 2390 dextra
1219 2357 1417 2391 detractam
1456 2371 1475 2392 a
1500 2370 1537 2392 se
1564 2359 1729 2405 proiecit,

257 2418 305 2441 ne.
331 2406 464 2453 aliquis
492 2411 574 2450 post
600 2415 679 2437 eum
709 2406 809 2438 illam
845 2411 1013 2450 gestaret,
1041 2417 1119 2438 cum
1154 2410 1227 2438 tam
1254 2406 1405 2439 eximiae
1434 2412 1471 2440 et
1497 2406 1729 2440 admirandae

258 2455 395 2501 speciei
420 2453 611 2494 existeret,
648 2453 791 2498 qualem
830 2452 990 2487 nondum
1028 2453 1128 2498 prius
1161 2465 1222 2486 rex
1262 2454 1354 2487 alius
1380 2454 1612 2500 possedisset.
1653 2456 1730 2489 tati

258 2510 373 2549 strage
400 2503 551 2537 Perozes
582 2512 660 2533 cum
687 2500 854 2534 omnibus
880 2501 994 2546 copiis
1019 2501 1138 2546 periit.
1200 2513 1307 2547 porro
1335 2503 1371 2535 in
1399 2503 1468 2536 hac
1495 2503 1729 2550 expeditione

258 2553 322 2599 qui
355 2563 392 2585 se
417 2549 540 2585 Perozi
563 2547 803 2582 comitesnon
821 2549 1078 2590 adiunxerant,
1105 2549 1281 2583 iuniorem
1309 2551 1385 2584 eius
1405 2552 1518 2585 filium
1545 2551 1728 2585 Cabadem

258 2601 407 2634 nomine
444 2598 514 2633 sibi
548 2596 804 2643 praefecerunt
839 2607 970 2641 regem.
1026 2596 1168 2630 barbari
1204 2609 1289 2631 vero
1327 2599 1436 2632 etiam
1460 2599 1588 2632 tributi
1616 2610 1728 2633 onere

258 2649 412 2690 adiecto,
436 2647 527 2681 duos
553 2656 668 2678 annos
693 2645 810 2691 Persis
841 2645 1075 2690 imperavere.
1124 2645 1287 2680 cabades
1318 2658 1426 2693 porro
1461 2652 1642 2693 potestate
1667 2648 1727 2681 ni—

258 2697 326 2730 mis
352 2697 530 2730 violenter
554 2705 659 2735 usus,
696 2690 767 2726 la'ta
794 2693 874 2738 lege
899 2693 1071 2726 mulieres
1111 2704 1315 2727 communes
1344 2694 1469 2728 haberi
1495 2697 1629 2729 sanxit:
1655 2707 1727 2741 qua

260 2745 348 2778 moti
375 2744 502 2777 Persae
540 2752 649 2787 regno
689 2740 835 2774 cabade
874 2746 1031 2783 remoto,
1057 2742 1234 2782 Blashuu,
1274 2755 1380 2789 quein
1412 2743 1538 2777 valam
1579 2754 1727 2790 quoque

261 2793 441 2834 dixerunt,
453 2791 591 2826 Perozis
609 2789 754 2824 fratrem
781 2787 1018 2823 instituerunt
1043 2801 1177 2835 regem:
1203 2791 1296 2824 alter
1316 2792 1452 2838 quippe
1479 2792 1602 2824 Perozi
1629 2791 1725 2824 filius
