1786 3204
308 147 418 204 252
822 192 824 195 v
865 171 1212 215 THEOPHANJS
1249 187 1250 190 ¹

303 267 521 323 βασιλεύς,
551 271 741 329 ω’ργίσθη
772 276 860 316 κατ’
890 274 1047 318 αὐτῶν.
1106 273 1128 316 ὅ
1159 276 1204 317 δὲ
1236 273 1466 332 Διόσκορος
1499 277 1781 336 πρεσβεύσας,

303 335 595 393 κατεπράϋνεν
631 339 778 383 αὐτόν.
836 341 992 395 μεταξύ
1037 343 1084 385 δὲ
1106 339 1251 387 Ἰνδῶν
1281 344 1355 385 καί
1381 347 1568 401 Περσῶν
1597 344 1780 400 κάστρον

303 404 420 449 ἐστίν
449 401 627 459 ὀνόματι
658 409 969 464 Τζουβδαδεὲρ,
999 407 1104 452 ἔνθα
1134 409 1268 453 πολλοὶ
1295 411 1502 467 χρήματα
1532 411 1605 456 καί
1634 416 1785 466 λίθους

169 479 212 515 V.
229 491 238 513 ι
254 488 290 513 ιιι
303 474 468 527 τιμίους
496 470 606 517 εἶναι
633 475 817 527 πολλοὺς
837 475 1050 532 Καβάδης
1068 477 1237 532 μαθών,
1267 477 1455 535 ἐπεζήτει
1480 483 1601 524 τοῦτο
1618 485 1781 536 λαβεῖν.

303 541 502 596 δαίμονες
532 543 580 586 δὲ
607 544 666 600 τῷ
691 545 805 604 τόπῳ
835 542 1179 601 παρεδρεύοντες,
1221 547 1405 589 ἐκώλυον
1434 548 1538 591 αὗτό
1568 551 1784 605 χειρωθῆ-

265 618 386 652 Βναι.
415 613 559 653 πᾶσαν
588 606 665 654 οὖν
681 612 855 667 κινήσας
875 613 959 655 τῶν
987 616 1087 668 παρ’
1117 616 1236 672 αὐτῷ
1259 611 1410 670 μα’γων
1439 616 1643 671 ἐπίνοιαν,
1669 615 1782 659 ἔπει-

301 693 355 719 τα
384 678 431 720 δὲ
462 676 536 719 καί
561 679 803 734 Ἰουδαίων,
841 681 916 722 καί
947 682 1025 723 τοῦ
1052 684 1213 724 σκοποῦ
1239 681 1299 738 μή
1334 682 1564 739 ἐπιτυχών,
1591 687 1783 735 πεισθείς

301 741 375 786 διὰ
405 745 480 799 τῆς
509 744 617 801 πρὸς
644 745 749 789 θεὸν
778 743 911 804 εὖχῆς
940 750 1022 791 τῶν
1050 751 1327 804 Χριστιανῶν
1356 749 1509 794 τούτου
1539 754 1780 807 κυριεῦσαι,

301 810 525 854 ἐπίσκοπόν
564 829 657 857 τινα
687 813 951 871 Χριστιανὸν
978 818 1061 859 τῶν
1096 819 1140 859 ἐν
1172 819 1361 874 Περσίδι
1390 818 1491 875 περὶ
1515 817 1668 862 τούτου
1697 837 1781 861 πα-

301 879 525 938 ρεκάλεσεν
542 914 556 934 ,
598 878 644 932 ὃς
680 879 855 932 σύναξιν
894 884 1135 934 ἐπιτελέσας
1162 886 1236 927 καί
1263 888 1348 928 τῶν
1377 888 1506 929 θείων
1535 889 1781 942 μυστηρίων

298 949 551 1001 μεταλαβών
571 982 582 1003 ,
627 948 879 1004 προσελθών
917 953 977 1010 τῷ
1005 950 1134 1010 τόπῳ,
1161 951 1260 1002 τούς
1290 954 1424 995 ἐκεῖσε
1456 954 1661 1007 δαιζιιονας
1692 956 1781 1006 ε’·ξε-

301 1014 475 1067 δίωξεν·
504 1017 663 1075 καὶτῷ
682 1016 866 1076 Καβάδῃ
896 1017 943 1060 τὸ
972 1017 1156 1075 κάστρον
1188 1017 1351 1070 ἀπόνως
1382 1022 1648 1076 παρέδωκεν·
1682 1018 1779 1063 τοὺ-

299 1098 358 1141 τῳ
379 1083 585 1140 Καβάδης
604 1084 886 1140 καταπλαγείς
913 1089 972 1144 τῷ
1000 1089 1174 1145 σημείῳ,
1204 1091 1556 1147 πρωτοκαθεδρίςι
1585 1088 1658 1132 τὸν
1688 1087 1780 1131 ἐπί-

299 1164 454 1192 σκοπον
484 1153 692 1207 ἐτίμησεν,
737 1151 817 1201 ἕως
843 1153 940 1195 τότε
973 1154 1236 1209 Μανιχαίων
1271 1156 1345 1196 καί
1369 1155 1588 1198 Ἰουδαίων
1617 1171 1780 1211 προκα-

260 1219 564 1276 Οθεζομὲνων,
605 1215 758 1263 ἄδειαν
797 1221 845 1264 δὲ
875 1223 1065 1277 παρέσχε
1106 1221 1180 1264 καί
1206 1227 1294 1272 τοῖς
1323 1225 1597 1278 βουλομένοις
1623 1226 1778 1279 βαπτί-

302 1286 468 1338 ζεσθαι.

93 1369 185 1403 Am,
198 1369 292 1404 6010
414 1353 738 1410 Ἀλεξανδρείας
766 1356 994 1400 ἐπισκόπου
1020 1357 1260 1413 Διοσκόρου
1290 1355 1382 1410 ἔτος
1412 1356 1464 1401 α’.

422 1420 564 1480 Τούτῳ
590 1423 646 1480 τῷ
676 1420 759 1465 ἔτει
784 1423 1063 1471 Ἀναστάσιος
1095 1423 1117 1466 ὅ
1148 1423 1349 1479 βασιλεὺς
1377 1421 1490 1469 εἶδεν
1518 1427 1564 1469 ἒν
1593 1422 1781 1482 ὅραματι

301 1483 441 1547 ἄνδρα
469 1488 657 1547 φοβερόν
691 1489 958 1546 βαστάζοντα
982 1491 1166 1536 acdona·
1242 1495 1315 1535 καί
1340 1493 1781 1550 τοῦτον“ιῖναπτύξας,

396 1640 431 1674 3.
463 1638 688 1686 Τζουβαδεὲρ
712 1640 741 1674 Α
767 1640 804 1682 b,
837 1640 1044 1688 Τζουβαδὲρ
1071 1653 1111 1683 a,
1142 1642 1398 1688 Τζουβαδεσὲρ
1425 1642 1522 1688 vulg.
1630 1644 1664 1678 6.
1686 1645 1780 1689 παρ’

397 1685 513 1722 αὐτοῦ
547 1690 584 1720 Α.
684 1701 718 1732 9.
745 1688 1000 1735 παρεκάλεσεν
1016 1692 1057 1731 Α,
1082 1690 1371 1738 παρεσκεύασεν
1395 1691 1491 1736 vulg.
1594 1691 1647 1724 13.
1672 1703 1781 1738 πρω-

393 1735 623 1782 τοκαθεδρίςε
655 1733 722 1772 τὸν
757 1739 983 1784 ἐπίσκοπον]
1023 1740 1365 1787 πρωτοκαθεδρίαν
1387 1739 1464 1775 τῶν
1488 1739 1712 1776 ἐπισκόπων
1736 1740 1780 1781 Α,

395 1784 736 1832 πρωτοκαθεδρίαν
756 1782 822 1822 τὸν
850 1787 1060 1823 ἐπίσκοπον
1083 1787 1180 1833 vulg.
1309 1788 1359 1821 15.
1390 1787 1430 1823 δὲ
1453 1786 1537 1821 add.
1571 1798 1616 1821 ex
1641 1788 1684 1823 A.

304 1939 347 1964 eo
382 1929 518 1963 nuncio
546 1935 720 1976 accepto,
747 1931 785 1964 in
814 1930 1079 1965 Alexandrinos
1115 1932 1166 1965 ira
1195 1937 1314 1966 motus
1345 1937 1401 1966 est
1429 1932 1637 1978 imperator.
1687 1930 1781 1964 Dio-

303 1989 423 2011 scorus
449 1977 574 2024 itaque
591 1978 637 2011 ad
664 1991 746 2012 eum
764 1979 949 2024 legatione
969 1984 1146 2025 suscepta,
1176 1981 1331 2013 animum
1358 1980 1549 2014 emollivit.
1598 1983 1779 2013 caeterum

301 2025 414 2059 Indos
439 2026 536 2060 inter
570 2032 607 2060 et
641 2027 764 2060 Persas
804 2033 958 2061 castrum
984 2033 1040 2062 est
1064 2028 1212 2061 nomine
1240 2028 1510 2067 Tzubdadeser,
1551 2038 1624 2073 quo
1650 2028 1784 2071 ingen-

304 2073 394 2108 tium
412 2075 648 2119 pecuniarum
676 2081 713 2109 et
738 2075 889 2120 pretiosi
907 2076 1041 2122 lapidis
1066 2087 1173 2122 quam
1191 2076 1336 2122 plurimi
1355 2077 1560 2121 congeriem
1585 2076 1782 2121 repositam

272 2121 275 2123 “
306 2121 460 2155 audiens
489 2122 672 2164 cabades,
713 2134 889 2169 occupare
917 2123 1176 2158 contendebat.
1225 2123 1422 2158 daemones
1449 2130 1569 2158 autem
1599 2124 1694 2156 circa
1723 2124 1783 2156 lo-

308 2181 389 2203 cum
415 2169 646 2212 excubantes,
675 2182 722 2204 ne
752 2171 791 2204 iu
838 2172 1026 2205 homiuum
1067 2176 1282 2217 potestatem
1324 2171 1480 2214 cederet,
1517 2171 1782 2217 impedimento

262 2253 265 2255 ,
308 2222 423 2251 erant.
473 2217 619 2252 admota
638 2219 764 2264 itaque
784 2231 967 2264 magorum
998 2225 1036 2254 et
1060 2219 1214 2253 subinde
1234 2219 1464 2262 Iudaeorum,
1490 2231 1581 2266 quos
1605 2231 1718 2266 penes
1745 2229 1783 2252 se

307 2264 480 2308 habebat,
505 2271 582 2300 arte
606 2266 784 2308 universa,
809 2279 878 2301 nec
904 2267 1089 2315 proposito
1114 2267 1265 2313 potitus,
1293 2268 1382 2302 fusis
1409 2268 1456 2302 ad
1480 2268 1588 2302 deum
1605 2267 1784 2301 Christia-

307 2325 439 2347 norum
473 2313 664 2359 precibus,
703 2314 822 2348 locum
853 2326 890 2349 se
916 2327 1021 2361 posse
1051 2315 1229 2361 consequi
1246 2327 1456 2361 persuasus,
1482 2316 1783 2357 Christianorum,

308 2362 372 2407 qui
390 2361 571 2396 Persidem
595 2362 776 2404 incolunt,
800 2363 1009 2409 episcopum
1035 2362 1217 2410 quendam
1233 2365 1419 2411 praecepit
1435 2364 1581 2407 adduci,
1607 2364 1672 2409 qui
1698 2375 1786 2408 syn-

308 2410 367 2444 axi
398 2415 563 2456 peracta,
603 2410 808 2444 divinorum
842 2412 1022 2458 particeps
1055 2411 1168 2445 factus
1207 2414 1479 2456 mysteriorum,
1516 2418 1554 2446 et
1590 2411 1637 2445 ad
1662 2412 1784 2445 locum

307 2458 528 2504 progressus,
554 2458 811 2505 praesidiarios
838 2458 1033 2493 daemones
1063 2471 1107 2493 ex
1133 2470 1176 2492 eo
1202 2461 1355 2506 expulit,
1384 2467 1421 2495 et
1443 2461 1547 2495 nullo
1574 2459 1699 2494 labore
1714 2459 1785 2494 Ca-

307 2506 396 2541 badi
421 2512 574 2541 castrum
610 2506 774 2541 tradidit.
835 2507 1010 2540 miraculo
1038 2507 1262 2553 stupefactus
1289 2508 1465 2551 Cabades,
1491 2509 1606 2555 prima
1634 2519 1782 2542 conses-

308 2567 366 2589 sus
391 2554 479 2589 sede
503 2555 713 2602 episcopum
737 2555 857 2590 voluit
874 2554 1104 2595 honoratum,
1128 2555 1352 2591 Manichaeis
1381 2563 1418 2591 et
1429 2556 1574 2591 Iudaeis
1599 2555 1690 2589 illuc
1722 2567 1785 2588 us·

310 2615 381 2651 que
406 2603 540 2650 primos
567 2602 725 2637 honores
752 2602 1019 2638 obtinentibus.
1069 2603 1220 2637 liberam
1257 2617 1406 2652 quoque
1435 2605 1522 2640 fecit
1548 2608 1781 2651 potestatem,

310 2657 351 2687 ut
379 2651 443 2699 qui
466 2651 617 2693 vellent,
642 2651 689 2684 ad
713 2650 936 2698 baptismum
963 2650 1188 2685 accederent.

122 2711 298 2747 A,c,5¹0
407 2698 648 2734 Alexandriae
677 2700 840 2746 episcopi
865 2699 1030 2733 Dioscori
1055 2711 1170 2733 annus
1196 2700 1343 2746 primus.

407 2748 485 2783 Hoc
511 2759 607 2782 anno
632 2748 842 2782 Anastasius
870 2748 1068 2793 imperator
1098 2748 1212 2781 virum
1245 2748 1444 2782 terribilem
1470 2748 1510 2782 in
1533 2747 1671 2782 visione
1697 2759 1786 2781 con-

313 2796 444 2841 spexit,
468 2795 633 2831 codicem
654 2807 763 2831 manu
792 2801 990 2843 gestantem
1004 2807 1018 2841 ς»
1048 2807 1155 2843 quem
1183 2808 1262 2830 cum
1288 2797 1502 2844 aperuisset,
1530 2802 1567 2832 et
1589 2797 1786 2844 comperis-
