1786 3204
261 150 372 208 166
815 173 1164 219 THEOPHANJS

251 272 297 314 ἐν
328 272 380 330 τῇ
406 273 590 333 συνόδῳ.
665 276 925 332 Σευηριανὸν
967 278 1014 320 δὲ
1055 275 1127 321 τὸν
1167 277 1396 320 ἐπίσκοπον
1422 279 1728 332 Σκυθοπόλεως

136 346 235 394 V·74
249 338 309 396 μὴ
342 338 593 396 ὑπαχθέντα
620 344 671 400 τῇ
697 343 829 386 αὐτοῦ
856 345 1079 404 κακοδοξίᾳ
1117 347 1192 401 τῆς
1217 342 1380 397 πόλεως
1410 345 1627 402 ἐξαγαγών
1653 364 1728 390 κα-

246 408 505 466 τασφάττει,
545 409 620 452 καί
647 411 802 467 ἐγείρει
844 410 1031 467 διωγμὸν
1066 411 1174 455 κατὰ
1212 413 1296 455 τῶν
1323 411 1383 469 μὴ
1415 414 1727 457 κοινωνούντων

246 475 396 534 αύτῷ,
429 479 503 520 καί
527 476 707 528 πολλούς
738 482 818 532 μὲν
836 479 1106 534 ἐβασάνισεν,
1139 476 1294 531 ἄλλους
1323 482 1371 524 δὲ
1402 479 1625 537 ἐδήμευσε,
1655 486 1729 526 καί

245 539 404 598 ἑτέρων
445 544 545 595 τούς
571 543 713 596 οἴκους
756 545 865 601 πυρὶ
902 548 1175 602 παρέδωκεν,
1208 544 1318 591 ὥστε
1356 551 1613 605 νομισθῆναι
1642 549 1764 597 ὑπό5

245 608 479 668 βαρβάρων
522 611 596 669 τὴν
624 612 748 656 πόλιν
771 610 1016 657 ἑαλωκέναι.
1085 615 1329 673 ἀπέσφαξεν
1368 617 1415 659 δὲ
1443 618 1516 659 καί
1542 617 1727 660 Ἀθανά-

206 683 340 722 (Ῑσιον
372 679 569 723 διάκονον
588 683 661 736 τῆς
685 680 806 736 ἁγίας
833 682 1142 735 Ἀναστάσεως,
1177 683 1447 727 ὀνειδίσαντα
1476 683 1551 727 καί
1567 687 1727 739 ἐξελέγ-

245 749 379 798 ξαντα
420 746 501 802 τὴν
544 747 681 790 αὐτοῦ
719 750 899 804 α’θεΐαν,
939 751 1014 792 καί
1039 749 1084 793 τὸ
1131 751 1280 794 τούτου
1313 746 1434 807 ἅγιον
1461 753 1587 805 σῶμα
1617 751 1725 794 κατὰ

242 812 322 869 τήν
351 813 471 858 πόλιν
499 814 750 869 πομπεύσας
767 822 857 867 τοῖς
883 819 984 860 κυσί
1012 820 1272 875 παρέδωκεν.
1328 817 1498 873 Δόμνος
1517 819 1564 862 δὲ
1594 818 1617 860 ό
1647 819 1725 874 α’ρ-

242 886 518 937 χιεπίσκοπος
548 884 810 939 Ἀντιοχείας
850 885 912 935 εἰς
939 883 1016 941 τήν
1045 884 1203 943 ἔρημον
1234 884 1391 944 ἔφυγεν
1418 886 1493 929 καί
1518 885 1726 942 ’[ουβενᾴ·
1744 909 1786 934 10

240 953 331 999 λιος
350 947 672 1005 Ἱεροσολύμων.
702 953 779 995 τοῦ
809 953 857 995 δὲ
886 955 1102 1006 λυμεῶνος
1128 954 1361 997 Θεοδοσίου
1393 955 1465 996 ἐπὶ
1482 953 1614 997 εἴκοσι
1643 957 1726 1010 μῆ-

240 1033 318 1067 νας
356 1016 431 1060 τὸν
466 1017 624 1075 θρόνον
645 1019 951 1074 Ἱεροσολύμων
992 1020 1295 1077 κρατήσαντος,
1323 1019 1446 1077 γνούς
1475 1019 1497 1063 ὅ
1526 1023 1729 1076 βασιλεὺς

242 1083 502 1141 ῙΙἸαρκιανὸς
531 1086 752 1129 ἐκέλευσεν
780 1087 915 1131 αύτὸν
932 1091 1258 1145 συλληφθῆναι·
1293 1087 1314 1132 ὃ
1347 1091 1394 1133 δὲ
1424 1088 1565 1146 φυγὰς
1591 1085 1728 1147 ᾤχετο

241 1153 314 1195 ε’πί
344 1151 389 1195 τὸ
422 1155 593 1196 Σιναῖον
626 1148 737 1210 ὅρος.
790 1154 943 1198 τούτου
975 1157 1022 1198 δὲ
1049 1158 1095 1199 ἐκ
1128 1158 1268 1199 ποδῶν
1297 1155 1510 1212 γεγονότος
1542 1157 1614 1205 καί
1642 1159 1726 1200 ταῖν

239 1217 312 1262 ὑπ’
354 1222 494 1264 αύτοῦ
529 1223 950 1278 χειροτονηθέντων,
996 1220 1123 1266 πάλιν
1161 1221 1438 1278 Ἰουβενάλιος
1477 1223 1551 1268 τὸν
1593 1224 1786 1271 αὑτοῦιῇ

194 1287 391 1346 Βθρόνον
435 1289 662 1343 α’πέλαβεν.

31 1361 228 1408 Α.Μ.5946
350 1356 607 1412 Ἀντιοχείας
635 1356 865 1401 ἐπισκόπου
897 1360 1131 1402 Βασιλειόυ
1165 1357 1257 1410 ἔτος
1289 1357 1339 1402 α’.

359 1424 502 1483 Τούτῳ
532 1427 592 1483 τῷ
627 1423 711 1467 ἔτει
745 1425 1095 1477 Ουάλεντινιανός
1124 1427 1328 1482 βασιλεὺς
1361 1429 1405 1470 ἐν
1431 1425 1587 1486 Ῥώμῃ,
1617 1425 1726 1485 ὕφο-

241 1491 429 1547 ρώμενος
468 1491 544 1548 τὴν
567 1493 731 1536 Ἀετίου
765 1495 844 1536 τοῦ
870 1494 1098 1551 πατρικίου
1141 1498 1215 1538 καί
1256 1496 1493 1552 στρατηγοῦ
1524 1494 1722 1549 δύναμιν,

337 1647 450 1734 addai]
476 1652 618 1700 ὕπαχθ.
645 1654 688 1703 τῇ
714 1653 832 1691 αῧτοῦ
856 1667 938 1691 κακ.
966 1667 1037 1690 om.
1063 1656 1094 1691 A
1119 1656 1144 1690 f.
1243 1657 1274 1700 4.
1305 1656 1438 1696 ἄλλους
1475 1657 1516 1692 δὲ
1545 1656 1727 1705 ἐδήμευσε

335 1712 355 1733 a
413 1726 420 1733 .

446 1712 491 1734 ex
514 1701 550 1734 b·
624 1735 630 1743 ,
698 1704 731 1738 5.
758 1703 899 1762 ἑτέρων
922 1699 1011 1744 τούς
1035 1705 1078 1746 A,
1107 1704 1248 1751 ἑτέρων
1275 1705 1316 1740 δὲ
1339 1701 1426 1745 τοὺς
1449 1705 1547 1751 vulg.
1691 1709 1724 1740 8.

337 1747 506 1797 ἀθεμίαν
532 1750 556 1783 f.
700 1748 742 1787 τό
768 1764 902 1788 τουτου
929 1750 1043 1799 ἅγιον
1066 1754 1109 1796 A,
1134 1749 1174 1789 τὸ
1201 1753 1267 1789 τοῦ
1294 1753 1406 1800 ἁγίου
1432 1754 1527 1799 vulg.
1672 1754 1723 1787 15.

334 1791 401 1832 τὸν
427 1797 544 1836 αὑτοῦ
570 1796 715 1845 θρόνον
738 1800 780 1842 Α,
809 1795 876 1837 τὸν
899 1800 1047 1848 θρόνον
1072 1800 1187 1838 αὐτοῦ
1209 1802 1304 1847 vulg.
1432 1813 1484 1846 ¹9·
1510 1804 1575 1837 καὶ
1609 1811 1725 1849 στρα-

336 1845 454 1893 τηγοῦ
477 1845 562 1880 add.
590 1858 634 1880 ex
663 1847 704 1880 A.

242 1984 281 2017 in
307 1983 464 2018 concilio
483 1984 774 2028 considentibu82
804 1987 995 2034 episcopos
1021 1988 1202 2026 destinat:
1228 1990 1461 2024 Severianum
1491 1995 1613 2024 autem
1639 1989 1726 2033 Scy-

242 2031 439 2077 thopoleos
466 2034 689 2080 episcopum,
718 2047 798 2068 cum
825 2035 941 2081 ipsius
972 2038 1301 2082 pravisjerroribus
1329 2038 1496 2072 assentiri
1521 2038 1650 2079 nollet,
1675 2039 1730 2071 ci·-

241 2079 356 2113 vitate
383 2081 574 2126 expulsum
603 2082 791 2121 interfecit
818 2085 1186 2132 persecutionemque
1210 2086 1250 2120 in
1280 2097 1354 2127 eos,
1382 2087 1444 2132 qui
1473 2087 1550 2120 eius
1567 2098 1728 2119 commu-

241 2128 392 2161 nionem
415 2136 677 2172 aversarentur,
709 2131 857 2173 excitat,
881 2137 918 2166 et
943 2134 1120 2179 quosdam
1140 2133 1289 2180 quidem
1316 2135 1502 2168 examinat
1523 2135 1727 2176 tormentis,

244 2175 403 2210 aliorum
430 2176 538 2211 aedes
565 2179 647 2222 igne
665 2178 925 2226 depopulatur,
950 2180 1042 2215 adeo
1072 2187 1112 2216 ut
1138 2182 1295 2216 civitatis
1322 2194 1342 2215 a
1367 2182 1533 2216 barbaris
1559 2182 1729 2216 devasta—

243 2229 305 2258 tae
332 2223 461 2257 faciem
486 2226 524 2263 in
554 2226 632 2271 ipsa
648 2228 794 2265 civitate
819 2227 1019 2263 exhiberet.
1069 2229 1293 2277 tandemque
1321 2230 1557 2270 Athanasium
1584 2236 1729 2264 sanctae

244 2273 521 2306 resurrectionis
551 2273 748 2308 diaconum
774 2288 947 2311 summam
972 2277 1050 2311 eius
1073 2279 1112 2311 in
1137 2278 1245 2311 deum
1271 2279 1496 2325 impietatem
1522 2279 1664 2324 probris
1694 2284 1732 2313 et

245 2319 593 2366 reprehensionibus
619 2323 859 2362 insectantem
886 2327 1032 2359 necavit
1058 2325 1267 2368 crudeliter,
1294 2327 1484 2374 sanctique
1510 2338 1639 2373 corpus
1663 2338 1730 2373 per

245 2367 371 2403 urbem
404 2368 553 2414 publice
593 2370 631 2403 in
661 2371 862 2407 ludibrium
899 2378 1043 2419 raptum
1074 2373 1226 2407 canibus
1259 2373 1405 2409 obiecit.
1456 2375 1618 2410 Domnus
1643 2386 1727 2408 vero

243 2416 461 2451 Antiochiae
490 2423 527 2451 et
550 2418 759 2456 Iuvenalius
781 2421 1115 2465 Hierosolymorum
1143 2422 1309 2468 episcopi
1334 2423 1374 2457 in
1399 2434 1556 2457 eremum
1584 2435 1727 2457 secessu

244 2465 356 2499 saluti
383 2464 660 2505 consuluerunt,
722 2479 804 2501 cum
827 2480 914 2503 vero
947 2470 1012 2503 illa
1045 2470 1157 2515 pestis
1195 2470 1323 2515 viginti
1361 2482 1506 2506 menses
1533 2472 1728 2505 continuos

243 2512 614 2557 Hierosolymitanam
656 2522 870 2562 occupasset
893 2516 1038 2558 sedem,
1065 2517 1284 2560 Marcianus,
1315 2530 1354 2553 re
1380 2525 1583 2568 comperta,
1609 2521 1729 2566 ipsum

245 2560 510 2608 comprehendi
535 2562 660 2597 iussit:
692 2569 730 2597 at
756 2564 822 2597 ille
847 2565 932 2610 fuga
950 2565 1121 2599 Sinaeum
1149 2566 1188 2599 in
1216 2572 1377 2601 montem
1402 2579 1440 2602 se
1467 2569 1616 2614 recepit.
1646 2569 1727 2614 ipso

243 2621 331 2644 vero
367 2621 440 2643 una
466 2621 547 2644 cum
575 2610 749 2655 sacrilege
775 2611 953 2647 ordinatis
988 2613 1191 2656 eliminato,
1216 2616 1421 2655 Iuvenalius
1446 2616 1486 2650 in
1511 2615 1633 2650 sedem
1657 2616 1727 2650 sibi

243 2658 428 2705 propriam
457 2663 513 2692 est
529 2659 732 2693 restitutus.

54 2704 95 2739 A.
110 2703 148 2738 C.
164 2703 234 2750 446
340 2705 557 2741 Antiochiae
582 2707 746 2753 episcopi
770 2708 896 2742 Basilii
932 2719 1047 2743 annus
1075 2711 1228 2756 primus.

341 2754 420 2790 Hoc
457 2765 554 2789 anno
579 2755 861 2790 Valentinianus
890 2757 1088 2804 imperator
1114 2760 1211 2793 Aetii
1250 2759 1392 2805 patricii
1421 2763 1643 2806 potestatem
1668 2760 1726 2792 ni-

246 2803 353 2840 miam
379 2804 512 2842 Romae
548 2809 751 2850 suspectam
787 2804 954 2848 habens,
981 2806 1150 2842 Heraclio
1179 2807 1337 2855 quodam
1362 2806 1531 2846 eunucho
1557 2806 1727 2845 adiutore
