1768 3106
238 119 352 175 366
795 137 1141 180 THEOPHANJS

233 241 436 297 Κοτυαίῳ
484 238 557 279 καί
585 238 810 297 Δορυλαίῳ
839 238 1062 297 ἀπελθεῖν,
1095 242 1167 282 καὶ
1194 241 1373 283 καθίσαι
1401 241 1448 284 ἐν
1478 243 1531 298 τῇ
1562 239 1705 300 Θρᾴκῃ

229 309 276 350 ἐν
306 308 358 365 τῇ
377 305 608 363 Ἶέἶρακλείᾳ
636 303 708 348 καί
747 312 843 357 ταῖς
873 310 994 362 πέριξ
1032 309 1164 363 αὐτῆς
1194 307 1354 351 πόλεσι.
1411 311 1469 366 τῷ
1498 311 1544 352 δὲ
1574 313 1705 364 Μαρ-

227 377 301 433 τίῳ
332 372 435 429 μηνὶ
463 375 753 428 ἐπανέστησαν
785 372 828 416 αἱ
860 376 1017 428 σχολαί
1040 376 1097 432 τῷ
1127 375 1280 430 κόμητι
1310 379 1459 431 αὐτῶν,
1492 374 1564 419 διά
1590 393 1707 427 τινας

227 444 456 497 συνηθείας
487 439 538 489 ἃς
580 438 827 497 ἐλάμβανον,
871 443 945 483 καί
971 443 1185 494 α’πέκοψεν
1213 443 1359 492 αὖτοὶς.
1418 447 1491 486 καί
1521 446 1707 500 ἐπῆλθον

228 510 361 568 αὐτῷ.
421 509 581 565 εὑρέθη
623 509 671 550 δὲ
711 511 805 551 ἐκεῖ
827 507 1052 564 Θεόδωρος
1095 507 1116 550 ὃ
1148 508 1243 560 υἱὸς
1275 514 1448 568 Πέτρου
1480 514 1555 554 τοῦ
1579 513 1705 567 μαγί-

226 593 360 635 στρου
402 574 776 633 ὄΚονδοχαίρης,
817 575 891 618 καί
922 577 1208 632 α’πειλητικοΐς
1257 578 1394 634 λόγοις
1427 577 1705 635 χρησάμενος,

227 644 423 701 ἠδυνήθη
452 642 611 693 αὐτούς
647 642 963 699 καταπραῧναι.
995 646 1050 702 τῷ
1080 647 1115 686 δ’
1145 646 1263 703 αὐτῷ
1292 644 1372 688 ἔτει
1400 645 1659 702 παρελήφθη
1689 650 1706 669 *

228 712 248 756 ὃ
279 712 534 761 Βαισίπολις
562 710 644 753 ὑπὸ
675 713 757 754 τῶν
776 707 970 755 Οὗννων*
1002 714 1075 754 καί
1101 710 1288 767 ἔπεμψεν
1317 713 1340 754 ὁ
1361 713 1565 768 βασιλεὺς
1579 714 1708 769 Mag>-

180 785 369 823 Βκελλον
407 778 478 823 τὸν
519 778 811 835 στρατηλάτην
849 780 922 821 καί
950 779 1061 822 ἴδιον
1094 775 1226 823 αὐτοῦ
1255 779 1436 835 ἀνεψιὸν
1463 778 1571 835 μετὰ
1602 779 1706 836 πλή-

226 853 330 899 θους
359 849 560 904 στρατοῦ,
589 849 665 890 τοῦ
699 844 1031 903 α’ναρρύσασθαι
1067 846 1144 903 τήν
1175 845 1298 890 πόλιν
1338 849 1413 890 καί
1438 847 1513 903 τὴν
1542 849 1705 902 Περσί-

229 919 298 959 δα.
354 919 412 976 τῷ
451 917 499 958 δὲ
536 914 764 974 Ἀπριλλίῳ
791 915 896 970 μηνί
921 914 1180 973 παρελήφθη
1221 919 1294 958 καί
1323 915 1347 971 ἢ
1372 911 1707 972 Ἀναστασιόπο-

87 991 213 1026 V.160
227 988 290 1034 λις
317 986 391 1039 τῆς
421 982 589 1041 Θρᾴκης
619 981 700 1024 ὗπὸ
731 984 815 1025 τῶν
846 979 1032 1025 Οὕννων.
1083 982 1157 1025 καί
1184 984 1244 1041 τῷ
1272 986 1407 1042 Μαίῳ
1436 985 1540 1039 μηνί
1565 982 1599 1039 γ’
1628 1000 1705 1025 κα-

224 1049 441 1107 τηγορήθη
483 1052 709 1106 Ζᾴιαρχος
751 1047 773 1091 ὅ
815 1051 1031 1106 κουράτωρ
1073 1053 1158 1092 τῶν
1192 1052 1460 1107 Πλακιδιάς,
1501 1047 1558 1101 ὥς
1599 1050 1704 1093 κατα

216 1119 301 1162 ’τοῦ
329 1120 540 1172 βασιλέως
580 1115 769 1173 λαλήσας
807 1116 941 1160 πολλὰ
975 1119 1049 1160 καί
1087 1119 1218 1174 δεινά,
1246 1116 1328 1160 ὑπὸ
1358 1119 1400 1161 Γ
1397 1121 1577 1175 εωργιόυ
1609 1135 1706 1160 κου-

1722 521 1744 559 5

1726 869 1768 894 10

226 1185 415 1241 ράτωρος
453 1188 540 1228 τῶν
584 1188 786 1242 Μαρι’νης
825 1185 898 1228 καί
923 1183 1125 1230 Ἰωάννου
1160 1185 1242 1227 α’πό
1279 1183 1456 1228 ὑπάτων
1493 1188 1705 1242 συγγενῶν
1723 1191 1768 1231 15

227 1252 455 1309 Θεοδώρας
481 1255 556 1309 τῆς
581 1255 849 1309 βασιλίσσης.

14 1329 211 1365 Α.Μ.6055
340 1322 483 1380 Τούτῳ
513 1323 570 1380 τῷ
612 1319 697 1363 ἔτει
734 1321 840 1376 μηνί
864 1321 1099 1380 Ὀκτωβρίῳ
1148 1324 1291 1376 γέγονε
1317 1320 1467 1372 στάσις
1494 1321 1701 1378 δημοτική

88 1379 269 1437 Ρ·2ο’ἑν
296 1396 384 1441 τοῖς
420 1390 684 1445 Πιττακιόις,
715 1390 786 1431 καί
814 1387 996 1439 πολλούς
1028 1387 1050 1430 ὅ
1079 1387 1285 1442 βασιλεὺς
1304 1388 1610 1443 ἐτιμωρήσατο.
1640 1391 1701 1448 τῷ

223 1461 270 1503 δὲ
303 1457 532 1516 Νοεμβρίῳ
567 1455 673 1513 μηνὶ
715 1457 902 1513 α’βροχια
945 1455 1077 1511 πολλή
1125 1456 1302 1513 ἐγένετο,
1329 1459 1404 1499 καί
1430 1460 1572 1511 λεϊψις
1599 1454 1704 1499 ὑδά-

324 1604 351 1626 ι.
377 1590 583 1636 Κοτυαγίῳ
598 1589 638 1622 Α.
739 1598 772 1621 2.
798 1593 881 1627 ταῖς
906 1588 1016 1634 πέριξ
1036 1586 1148 1630 αὐτῆς
1172 1586 1305 1622 πόλεσι
1327 1586 1368 1629 Α,
1397 1592 1474 1625 τοῖς
1498 1588 1605 1634 πέριξ
1632 1586 1699 1620 av’-

316 1638 379 1684 τῆς
402 1639 500 1682 vulg.
623 1637 656 1683 4.
684 1633 878 1682 ἀπέκοψεν
904 1637 945 1676 A,
973 1634 1174 1681 ἀπέκοψαν
1189 1636 1282 1681 vulg.
1423 1635 1638 1678 ἐπανῆλθον
1662 1637 1703 1668 Α.

314 1691 350 1725 6.
378 1686 635 1734 Γογδοχαίρης
660 1685 701 1719 A.
799 1687 832 1719 8.
860 1683 879 1719 ὃ
905 1683 1142 1732 Βαισίπολις]
1179 1683 1288 1724 πόλις
1315 1685 1341 1716 Α
1367 1693 1385 1715 e
1411 1683 1435 1724 f,
1463 1683 1545 1716 fort.
1574 1682 1701 1717 Ὀὃεσ-

318 1735 484 1774 σόπολις.
613 1745 663 1768 ιι.
690 1732 740 1780 τῷ
766 1732 806 1767 δὲ
824 1732 1024 1778 Ἀπριλλίῳ
1051 1731 1156 1778 μηνὶῙ
1181 1732 1232 1778 τῷ
1255 1733 1286 1766 δ’
1313 1730 1414 1778 αὐτῷ
1439 1731 1511 1766 ἔτει
1535 1730 1570 1772 b,
1594 1732 1642 1777 ⁷9¹3
1669 1731 1700 1764 δ’

318 1783 417 1831 αὐτῷ
438 1786 530 1831 μηνὶ
553 1794 585 1816 a.
731 1784 797 1816 καὶ
831 1780 851 1825 ἧ
876 1779 951 1817 Ἀν.
978 1783 1019 1822 Α,
1046 1779 1065 1824 ἢ
1088 1779 1165 1816 ’Am
1193 1780 1290 1826 vulg.
1421 1779 1472 1813 13.
1501 1779 1699 1819 Πλακίδας

315 1834 346 1868 Α
374 1833 450 1866 alii.

221 1955 429 1999 Dorlyaeo,
465 1957 507 1986 ut
532 1951 668 1985 relictis
706 1949 762 1983 his
795 1949 886 1983 locis
914 1948 1159 1983 subsisterent
1183 1948 1223 1983 in
1246 1948 1412 1989 Thracia,
1439 1952 1551 1994 atque
1583 1948 1702 1982 Hera-

222 2004 333 2043 cleae,
360 2001 585 2046 caeterisque
605 1998 756 2033 urbibus
773 1998 904 2031 circum
923 1998 1063 2031 vicinis.
1094 1997 1226 2030 Martio
1243 1996 1376 2030 deinde
1402 2007 1528 2030 mense
1553 1995 1701 2030 scholae

222 2051 419 2086 tumultum
455 2055 581 2082 contra
611 2060 714 2081 suum
741 2046 910 2080 comitem
944 2047 1191 2086 concitavere,
1227 2044 1274 2078 ob
1308 2043 1485 2090 quaedam
1514 2043 1700 2089 stipendisi

224 2100 338 2145 recipi
370 2098 499 2136 solita,
532 2108 574 2129 ac
601 2095 734 2129 deinde
769 2095 927 2127 rescissa.
968 2095 1008 2127 in
1044 2105 1124 2127 eum
1152 2094 1276 2137 itaque
1307 2092 1481 2138 impetum
1520 2092 1698 2125 fecerunt.

224 2148 285 2182 hic
311 2153 386 2180 tum
414 2145 506 2178 sorte
531 2144 658 2177 aderat
686 2142 902 2177 Theodorus
933 2142 1029 2175 Petri
1065 2141 1226 2186 magistri
1252 2141 1366 2181 filius,
1403 2140 1462 2173 cui
1497 2151 1700 2184 cognomen

226 2194 493 2233 Condocheres,
519 2193 582 2238 qui
607 2191 737 2225 minaci
763 2186 928 2224 oration'e
953 2202 1060 2231 usus,
1087 2201 1149 2223 eos
1177 2188 1383 2222 demulcere
1408 2193 1444 2221 et
1471 2187 1597 2221 sedare
1635 2200 1702 2221 va-

225 2245 309 2279 luit.
361 2241 489 2275 eodem
513 2251 608 2273 anno
634 2239 834 2283 Baesipolis
876 2238 921 2272 ab
950 2238 1064 2272 Unnis
1100 2242 1204 2282 capta
1234 2242 1304 2270 est:
1344 2235 1576 2283 quamobrem
1600 2237 1699 2269 Mar-

226 2293 358 2327 cellum
390 2289 543 2322 militiae
580 2288 789 2332 magistrum
825 2292 862 2319 et
893 2292 1065 2333 nepotem
1101 2296 1204 2318 suum
1240 2297 1318 2318 cum
1358 2285 1506 2331 copioso
1540 2285 1700 2317 exercitu

226 2340 273 2375 ad
310 2350 388 2372 eam
423 2337 606 2371 civitatem
644 2341 755 2380 atque
794 2335 948 2368 Persiam
986 2332 1212 2367 liberandam
1247 2333 1357 2366 misit.
1420 2331 1551 2366 exinde
1577 2343 1699 2365 mense

225 2387 343 2434 Aprili
366 2383 652 2429 Anastasiopolis
670 2383 846 2417 Thraciae
872 2383 957 2415 urbs
983 2382 1026 2415 ab
1041 2382 1154 2415 Unnis
1180 2387 1373 2427 occupata:
1400 2391 1442 2414 ac
1464 2391 1588 2414 mense
1617 2386 1700 2413 tan-

226 2437 308 2471 dem
340 2435 438 2468 Maio
455 2459 463 2473 ‚
490 2429 694 2465 Zimarchus
722 2429 898 2464 placidiae
933 2435 1085 2470 curator,
1111 2430 1213 2475 quasi
1238 2430 1354 2463 multa
1379 2428 1417 2462 in
1447 2428 1701 2474 imperatorem

226 2495 343 2531 eaque
371 2482 488 2528 gravia
515 2479 790 2518 deblaterasset,
817 2477 960 2511 delatus
985 2483 1039 2511 est
1063 2477 1269 2521 aGeorgio,
1294 2477 1457 2511 Marinae
1486 2476 1701 2510 facultatum

225 2538 404 2572 curatore,
429 2535 466 2563 et
487 2529 624 2562 Ioanne
662 2526 871 2567 exconsule,
900 2525 1075 2559 ambobus
1102 2525 1342 2571 imperatricis
1369 2523 1586 2559 Theodorae
1612 2535 1701 2557 con-

226 2579 447 2627 sanguineis.

42 2632 130 2668 A.e.
147 2630 215 2668 555
323 2629 402 2663 Hoc
431 2635 541 2666 anno,
564 2633 689 2657 mense
715 2621 878 2663 Octobri,
902 2620 1092 2667 popularis
1130 2620 1262 2654 seditio
1289 2620 1326 2654 in
1355 2620 1517 2654 pittaciis
1544 2620 1702 2654 excitata

229 2683 304 2713 est:
335 2682 372 2710 et
397 2676 436 2708 in
461 2672 638 2719 plurimos
675 2671 871 2716 imperator
910 2669 1174 2704 animadvertit.
1237 2679 1358 2702 mense
1384 2679 1468 2702 vero
1492 2667 1702 2709 Novembri,

229 2739 274 2761 ex
306 2723 535 2759 diuturniore
561 2719 687 2753 imbris
712 2718 865 2764 penuria
891 2728 1040 2762 magnus
1075 2717 1214 2763 ubique
1240 2728 1414 2763 aquarum
1440 2715 1605 2750 defectus
1635 2727 1699 2748 ex-

223 2775 321 2810 titit:
351 2771 442 2807 adeo
477 2775 519 2804 ut
542 2766 588 2802 ad
615 2778 789 2814 aquarum
817 2766 1044 2813 receptacula
1071 2766 1169 2799 rixae.
1194 2775 1411 2811 pugnaeque
1434 2764 1571 2799 fuerint
1600 2775 1700 2797 com-
