1768 3106
291 115 402 191 732
768 174 773 181 ,
865 132 1217 177 THEOPHANIS

286 234 362 286 οὓς
391 234 509 291 ἔχετε
538 240 628 290 μετ’
659 238 781 294 ἐμοῦ,
820 238 1010 293 μηνῦσαι
1038 234 1125 291 ἔχω
1163 237 1222 294 τῷ
1246 238 1431 290 βασιλεῖ’.
1491 236 1532 281 οἱ
1561 239 1609 281 δὲ
1639 241 1768 296 φοβη-

284 307 455 361 θέντες,
495 303 737 362 ἐκράτησαν
768 304 902 348 αὐτὸν
945 306 1004 355 εἰς
1034 302 1324 361 παράκλησιν,
1364 306 1439 347 καί
1465 306 1768 360 εἷσενέγκαντες

285 373 345 422 εἰς
374 370 601 427 >gazaram
630 374 862 428 κατέλαβον
889 373 934 416 ἐν
964 374 1018 430 τῇ
1044 370 1165 414 πόλει
1193 374 1251 430 τῷ
1279 371 1484 433 σαββάτῳ
1513 376 1632 430 πρωῒ
1653 375 1701 432 τῇ
1730 390 1768 416 ιε

283 442 363 483 τοῦ
391 441 529 483 αιῗτοῦ
556 439 696 498 μηνός.
723 441 798 483 καί
825 441 1081 484 ἀπέκλεισαν
1115 440 1248 484 αὐτὸν
1276 442 1321 484 ἐν
1349 441 1401 499 τῇ
1425 441 1642 500 πορφύρα,
1673 441 1768 484 ἔνθο

150 515 188 549 P.
204 515 274 562 399
287 508 506 566 ἐγεννήθη.
569 510 645 551 καί
670 508 771 564 περὶ
798 506 918 565 ὥραν
947 508 1123 564 ε’ννοὶτην
1152 510 1440 566 ἐκτυφλοῦσιν
1467 510 1599 553 αὐτὸν
1632 512 1768 560 δεινῶς

284 578 361 619 καί
386 576 571 626 α’νιάτως
615 577 722 633 πρὸς
766 576 814 619 τὸ
844 576 1082 619 α’ποθανεῖν
1127 572 1284 634 αὐτόν,
1329 577 1475 636 γνώμῃ
1514 579 1592 633 τῆς
1619 571 1768 634 μητρὸς

287 645 428 687 αύτοῦ
457 646 532 687 καί
558 646 644 687 τῶν
672 644 931 698 συμβούλων
961 646 1108 698 αὐτῆς.
1170 646 1397 702 ἐσκοτίσθη
1432 646 1482 687 δὲ
1510 641 1532 686 ὃ
1563 642 1682 700 ἥλιος
1711 646 1768 686 ἐπ4

284 708 450 767 ἡμέρας
473 711 524 764 ιζ’
553 711 628 755 καί
659 712 735 754 οὐκ
765 710 898 755 ἔδωκε
929 709 1006 762 τὰς
1026 711 1200 762 ἀκτῖνας
1225 712 1374 767 αύτοῦ,
1402 707 1514 755 ὥστε
1536 713 1768 755 πλανᾶσθα1

285 777 341 821 τοὶ
372 783 498 822 πλοῖα
527 779 602 822 καί
630 782 859 838 φέρεσθαι,
889 778 964 823 καί
986 779 1150 831 πάντας
1185 781 1320 835 λέγειν
1353 778 1429 823 καί
1455 780 1688 837 ὁμολογεῖν,
1718 775 1768 822 ὅτ,

285 845 358 889 διιὲ
405 845 481 904 τήν
524 849 600 890 τοῦ
637 850 852 903 βασιλέως
890 848 1114 905 τύφλωσιν
1147 846 1169 889 ὅ
1214 845 1335 904 ἥλιος
1364 845 1444 898 τοὶς
1471 849 1645 899 α’κτϊνας
1674 847 1768 891 ἀπέ-

285 918 411 958 θετο·
468 915 543 959 καί
569 912 703 966 οὕτως
734 922 885 972 κρατεῖ
906 915 1069 972 Εἰρήνη
1101 915 1125 971 ἦ
1151 917 1291 972 μήτηρ
1327 914 1479 959 αῦτοῦ.

405 986 475 1042 Τῷ
503 986 539 1026 δ’
568 984 687 1042 αύτῷ
715 982 801 1027 ἔτει
831 986 906 1027 καί
929 982 969 1026 οἱ
999 985 1044 1027 ἐν
1076 986 1130 1041 τῇ
1157 981 1301 1041 Ῥώμῃ
1335 989 1554 1039 συγγενεῖς
1583 985 1662 1026 τοῦ
1693 1001 1768 1037 μα-

288 1054 442 1110 καρίου
482 1053 602 1094 noina
640 1053 872 1108 Ἀδριανοῦ
901 1051 1232 1108 συγκινήσαντες
1273 1050 1348 1095 τὸν
1376 1050 1492 1109 λαόν,
1523 1050 1768 1095 ἐστασιάσαῑ

289 1119 398 1164 κατὰ
431 1124 623 1171 Λέοντος
656 1123 733 1163 τοῦ
764 1119 898 1177 noina,
925 1123 1002 1164 καί
1025 1120 1313 1176 κρατήσαντες
1354 1119 1610 1178 ἐτύφλωσαν
1637 1117 1768 1162 αὐτόν

248 1189 341 1231 Boi}
373 1188 837 1245 μέντοιήὸυνήθησαν
881 1191 1034 1238 τελέως
1077 1191 1233 1243 σβέσαι
1276 1189 1324 1231 τὸ
1369 1190 1464 1247 φῶς
1504 1189 1664 1244 αὐτοῦ,
1698 1189 1768 1230 τῶπ

288 1256 603 1314 τυφλωσάντων
641 1255 777 1299 αὐτὸν
820 1254 1147 1314 φιλανθρώπων
1190 1251 1349 1314 ὄντων,
1400 1255 1475 1299 καὶ
1513 1258 1768 1314 φεισαμένακ

289 1324 445 1368 αἰτοῦ.
519 1323 541 1367 ὃ
583 1327 630 1368 δὲ
667 1323 933 1382 προσφυγών
976 1326 1036 1383 τῷ
1067 1324 1172 1382 ῥηγί
1198 1326 1282 1369 τῶν
1315 1325 1524 1382 Φράγγων
1555 1322 1768 1382 Καρούλῳ

287 1391 480 1448 ἠμύνατο
509 1392 611 1443 τούς
642 1394 830 1448 ἐχθρούς
861 1392 1000 1436 αὐτοῦ
1026 1394 1202 1450 πικρῶς,
1233 1393 1308 1436 καί
1333 1391 1464 1436 πάλιν
1491 1393 1768 1445 ἀποκατέστη·

289 1476 364 1503 σεν
407 1461 544 1504 αὐτὸν
591 1462 652 1512 εἰς
679 1459 752 1503 τὸν
779 1458 891 1504 ἴδιον
917 1460 1100 1518 θρόνον,
1130 1463 1356 1518 γενομένης
1397 1462 1475 1517 τῆς
1512 1456 1680 1516 Ῥώμης
1710 1454 1768 1500 οἷπ

293 1528 456 1572 ἐκείνου
495 1530 575 1572 τοῦ
618 1531 775 1586 καιροῦ
813 1527 897 1572 ὑπὸ
937 1527 1013 1586 τήν
1043 1530 1240 1582 ἐξουσίαν
1279 1530 1367 1573 τῶν
1396 1528 1623 1586 Φράγγων.
1683 1526 1704 1569 ὃ
1737 1528 1768 1568 δ’.

386 1663 422 1696 3.
450 1661 562 1710 πρωῒ
581 1661 666 1695 add.
693 1673 738 1696 ex
762 1662 803 1695 A.
927 1662 961 1707 4.
988 1662 1085 1699 ἔνθα
1109 1661 1151 1703 A,
1178 1662 1220 1698 ἓν
1243 1654 1266 1710 ᾗ
1290 1661 1385 1706 vulg.
1499 1662 1531 1695 5.
1557 1657 1672 1696 αὐτὸν
1699 1658 1768 1692 add

386 1722 432 1744 ex
458 1712 509 1752 A,
536 1712 624 1744 item
652 1713 716 1745 καὶ
740 1709 915 1750 α’νιάτως.
1048 1722 1101 1744 10.
1126 1710 1195 1746 τοῦ
1219 1709 1306 1743 add.
1334 1721 1376 1743 ex
1401 1708 1442 1743 A.
1596 1721 1645 1742 12.
1674 1710 1715 1743 ἐν
1741 1721 1768 1756 η

383 1758 504 1807 Ῥώμῃ
539 1760 580 1800 Δ,
608 1759 670 1802 τῆς
686 1757 827 1807 Ῥώμης
852 1759 949 1803 vulg.
1079 1770 1129 1805 ¹7·
1165 1757 1283 1794 αὐτοῦ
1306 1759 1348 1800 A,
1378 1757 1480 1804 αὐτῷ
1506 1758 1604 1804 vulg.
1731 1762 1768 1790 ιδ

385 1806 504 1889 αὖῖιοῦ
528 1807 611 1841 add.
640 1819 683 1841 ex
712 1809 752 1842 A.
889 1805 1113 1844 ἀποκατέστ.
1148 1808 1196 1851 A,
1227 1809 1373 1843 κατέστ.
1399 1807 1498 1852 vulg.
1632 1815 1689 1838 20.
1716 1817 1768 1840 τοι

387 1856 433 1890 ad
465 1881 472 1889 .
501 1867 546 1889 ex
572 1857 613 1890 A.

292 1984 496 2027 secederet,
524 1984 780 2019 meditabatur.
831 1986 932 2032 prius
956 1991 1080 2019 tamen
1114 1984 1160 2019 ad
1188 1986 1333 2027 amicos,
1361 1985 1424 2032 qui
1452 1995 1532 2017 cum
1561 1983 1637 2016 filio
1665 1987 1768 2016 erant

291 2034 448 2079 scripsit.
510 2034 582 2067 nisi
617 2035 796 2067 rationem
831 2046 902 2080 qua
932 2034 1047 2067 filium
1075 2034 1164 2067 mihi
1201 2033 1369 2075 tradatis,
1402 2032 1572 2073 inieritis,
1595 2031 1768 2078 colloqui.-

291 2082 390 2116 inter
415 2092 482 2115 nos
514 2081 641 2116 habita
666 2082 735 2128 ipsi
761 2083 933 2128 aperiam.
958 2083 1016 2116 iili
1042 2083 1173 2116 timore
1194 2082 1363 2127 correpti,
1390 2080 1669 2115 Constantinum
1697 2091 1768 2125 pre.

291 2130 396 2163 cibus
421 2136 608 2163 vacantem
635 2130 969 2177 comprehendunti,
999 2136 1037 2164 et
1061 2130 1255 2164 chelandio
1282 2130 1327 2163 ab
1354 2130 1444 2175 ipsis
1467 2129 1671 2175 impositus,
1697 2127 1768 2161 sab-

289 2178 378 2212 bato
401 2180 533 2211 mensis
561 2179 725 2212 eiusdem
751 2179 810 2213 die
834 2179 974 2213 decimo
999 2180 1129 2225 quinto
1157 2179 1196 2213 in
1215 2180 1339 2212 urbem
1366 2189 1504 2212 summo
1530 2187 1636 2209 mane
1662 2175 1768 2209 dedu-

291 2233 403 2267 ctum,
428 2226 468 2259 in
495 2226 692 2272 porphyra,
718 2239 791 2274 qua
817 2228 974 2273 primum
1001 2228 1040 2261 in
1067 2228 1183 2260 lucem
1218 2226 1368 2274 prodiit,
1394 2224 1599 2266 includunt,
1628 2229 1664 2257 et
1689 2225 1768 2257 circ.-

290 2274 418 2309 horam
460 2286 594 2308 nonam
626 2281 730 2309 tanta
763 2276 989 2309 immanitate
1023 2276 1080 2309 illi
1118 2276 1243 2309 oculos
1279 2273 1477 2309 confodere
1514 2284 1558 2306 ex
1592 2273 1716 2305 matris
1744 2283 1768 2305 e·

291 2323 580 2357 consiliariorum
607 2323 683 2356 eius
710 2325 907 2365 sententia,
933 2330 975 2358 ut
1001 2335 1097 2370 pene
1120 2329 1271 2357 mortem
1297 2323 1486 2356 inferrent.
1523 2321 1578 2355 sol
1603 2326 1690 2355 tunc
1717 2331 1768 2366 pe,

293 2372 373 2405 dies
402 2370 662 2417 septemdecim
700 2372 805 2405 nulla
845 2372 1028 2406 radiorum
1067 2373 1196 2405 emissa
1221 2371 1301 2404 luce
1324 2371 1377 2405 ita
1405 2370 1618 2404 obscuratus
1645 2374 1711 2411 est,
1742 2380 1768 2402 u⁴

293 2421 452 2454 errantia
491 2431 557 2465 per
589 2431 686 2453 mare
719 2421 864 2465 navigia
891 2426 1029 2454 temere
1066 2419 1408 2461 circumferrentur,
1437 2429 1637 2465 omnesque
1661 2417 1768 2463 palan

293 2474 515 2510 assererent,
548 2467 595 2502 ob
624 2469 853 2514 imperatoris
891 2468 1182 2502 excaecationem
1223 2468 1336 2501 solem
1373 2479 1412 2502 se
1435 2469 1510 2503 suis
1535 2465 1647 2501 radiis
1672 2464 1768 2499 abdi«

294 2528 407 2551 casse.
457 2517 509 2550 ita
532 2522 648 2550 mater
675 2517 751 2550 eius
779 2518 883 2550 Irene
912 2517 1105 2562 imperium
1132 2516 1305 2550 obtinuit.

389 2565 528 2599 Eodem
557 2565 666 2599 etiam
698 2576 794 2598 anno
822 2564 921 2599 beati
960 2565 1110 2598 Adriani
1145 2576 1263 2612 papae
1291 2564 1441 2598 Romani
1475 2562 1596 2597 affines
1620 2561 1768 2596 tumulti

293 2615 332 2648 iu
358 2615 518 2649 Leonem
552 2625 684 2660 papam
721 2614 907 2655 excitato,
946 2613 1063 2647 oculis
1092 2625 1174 2647 eum
1211 2613 1490 2647 mulctaverunt.
1552 2622 1677 2645 verum
1700 2621 1768 2644 cun

292 2663 461 2696 homines
488 2662 534 2695 ad
561 2673 644 2696 eum
670 2661 938 2696 excaecandum
964 2661 1144 2707 deputati,
1172 2660 1422 2696 misericordia
1447 2660 1559 2702 ducti,
1584 2660 1618 2692 ei
1648 2669 1768 2705 peper-

294 2713 430 2745 cissent
455 2711 713 2757 aliquatemm,
741 2709 840 2743 haud
866 2711 899 2743 ei
926 2712 1076 2756 penitus
1112 2711 1299 2744 oculorum
1328 2710 1455 2742 lumen
1484 2709 1684 2742 extinctum
1714 2711 1768 2739 est

293 2760 369 2793 Leo
396 2758 625 2793 subinde-ad
654 2759 823 2793 Carolum
853 2759 1066 2792 Francorum
1095 2770 1214 2804 regem
1240 2758 1429 2802 confugit:
1456 2768 1517 2791 rex
1544 2756 1622 2789 eius
1651 2754 1768 2788 adver-

293 2807 405 2842 sarios
433 2807 588 2853 graviter
617 2807 714 2842 ultus
741 2807 779 2843 in
803 2807 989 2855 propriam
1026 2806 1150 2843 sedem
1178 2819 1261 2844 eum
1286 2807 1419 2842 iterum
1449 2805 1620 2848 restituit,
1647 2809 1684 2838 et
1713 2800 1768 2836 sul
