1768 3106
251 121 367 177 626
815 135 1168 180 THEOPHANJS

249 235 692 295 εἰδωλολατρήσαντας
722 239 796 282 ἕπε’
823 240 874 296 τῇ
902 239 1184 295 προσκυνήσει
1200 239 1284 281 τῶν
1305 236 1436 293 ἁγίων
1464 237 1539 279 καί
1565 237 1731 279 σεπτιὸν

109 314 229 360 V.271
248 309 436 363 εἰκόνων,
464 306 524 362 μή
564 309 810 364 χωροῦντος
835 302 970 349 αὐτοῦ
1003 308 1059 349 δι’
1097 307 1298 348 ἀπιστίαν
1325 307 1400 348 καί
1426 301 1583 361 πολλὴν
1611 305 1732 347 ἰδιω-

246 376 366 418 τείαν
394 374 466 418 τὸν
492 373 593 431 περὶ
620 376 812 429 σχετικῆς
842 371 1167 429 προσκυνήσεως
1191 370 1327 429 λόγον.

35 434 234 480 A·M·62¹9
361 439 506 501 Τούτῳ
545 444 603 500 τῷ
644 441 726 485 ἔτει
755 443 939 493 ΖΙῚαυΐας
977 442 1220 499 παρέλαβε-ν
1258 439 1305 484 τὸ
1337 440 1520 499 κάστρον
1549 441 1730 497 Ἀτεοῦς,

244 512 320 554 καί
347 510 630 566 ὑπέστρεψεν.
1741 513 1768 555 5

34 579 231 615 A·M·6220
364 576 507 635 Τούτῳ
538 579 595 635 τῷ
636 574 723 619 ἔτει
769 575 1099 632 ἐπεστράτευσεν
1130 575 1153 619 ὅ
1184 575 1279 627 υἱὸς
1306 574 1514 634 Χαγάνου
1546 578 1623 619 τοῦ
1651 577 1730 618 δυ-

110 651 146 685 Ρ.
162 642 399 697 δίμνάστου
445 645 674 702 Χαζαρίας
719 642 797 700 τήν
840 646 1020 701 Μηδίαν
1067 646 1143 688 καί
1175 645 1429 702 Ἀρμενίαν,
1473 647 1547 687 καί
1589 643 1731 700 εὑρών

243 713 285 755 Γ
283 710 446 767 άραχον
478 709 551 754 τὸν
595 713 681 755 τῶν
721 710 920 769 Ἀράβων
962 713 1192 770 στρατηγὸν
1225 710 1331 755 κατὰ
1376 713 1452 769 τήν
1478 713 1730 771 Ἀρμενίαν,

245 780 411 822 ἀνεῖλεν
445 777 576 822 αὐτὸν
620 779 731 834 μετοὶ
772 782 852 822 τοῦ
880 780 1079 832 συνόντος
1119 781 1240 839 αὐτῷ
1268 779 1483 836 πλήθους·
1541 780 1615 824 καί
1639 784 1732 837 λήϊ-

243 845 426 901 σιὲμενος
453 845 530 902 τήν
554 850 640 890 τῶν
668 849 899 904 Ἀρμενίων
923 846 1075 906 χώραν
1104 851 1178 891 καί
1212 847 1290 904 τήν
1317 848 1512 906 Μήδων,
1539 849 1726 904 ἀνέκαμ..
1746 863 1768 889 11

243 924 338 970 ψεν,
369 914 505 970 φόβον
531 917 669 970 μέγαν
699 913 939 972 ἐμποιήσας
968 922 1055 968 τοῖς
1074 911 1282 972 ’Ἁραψικ

30 988 125 1023 AM.
136 991 225 1024 6221
361 979 507 1041 Τούτῳ
534 983 591 1040 τῷ
621 980 708 1025 ἔτει
736 981 1071 1039 ἐπεστράτευσεν
1087 986 1344 1037 ,Μασαλμᾶς
1369 981 1448 1040 τήν
1474 983 1559 1026 τῶν
1593 981 1729 1040 Τούρ-

242 1065 327 1091 κων
353 1050 442 1106 γῆν,
470 1048 544 1092 καί
567 1053 858 1107 συναφθέντες
886 1051 1085 1107 α’λλήλοις
1113 1053 1173 1102 εἰς
1201 1050 1399 1107 πόλεμον,
1427 1053 1653 1094 πίπτουσιν
1684 1053 1730 1102 ἐξ

242 1117 501 1173 ἀμφοτέρων
529 1120 697 1174 μερῶν·
756 1121 831 1161 καί
860 1119 1170 1175 ὃειλανὸρήσας
1189 1121 1442 1174 Μασαλμᾶς
1471 1120 1589 1177 φυγῇ
1618 1135 1729 1175 χρη-

202 1181 423 1237 Βσοὶμενος
454 1183 526 1227 διὰ
559 1185 643 1228 τῶν
685 1185 820 1241 ὀρέων
846 1188 1077 1244 Χαζαρίας
1106 1187 1382 1243 ὖπέστρεψεν.
1457 1189 1516 1246 τῷ
1546 1188 1582 1228 δ’
1611 1186 1757 1244 αὖτῷι

242 1249 329 1293 ἔτει
358 1252 591 1306 α’πομανείς
627 1256 756 1296 Λέων
786 1252 807 1296 ὅ
837 1252 1081 1309 παράνομος
1112 1253 1317 1309 βασιλεύς
1343 1253 1452 1297 κατὰ
1484 1255 1559 1309 τῆς
1591 1254 1727 1308 ὀρθῆς

241 1321 437 1375 πίστεως,
468 1322 542 1362 καί
570 1322 743 1376 ἐνέγκας
778 1320 852 1364 τὸν
884 1319 1002 1378 ἅγιον
1028 1319 1266 1379 Γερμανόν,
1288 1318 1442 1379 ἤρξατο
1471 1319 1607 1364 αὐτὸν
1637 1325 1727 1363 θω-

241 1393 456 1437 πευτικοῖς
492 1386 631 1443 λόγοις
667 1389 898 1442 ὃελεάζειν.
972 1389 996 1432 ὅ
1033 1392 1080 1433 δὲ
1121 1389 1330 1445 μακάριος
1360 1387 1588 1446 α’ρχιερευς
1615 1391 1729 1444 λέγει

241 1452 349 1507 πρὸς
380 1454 534 1497 αιῖτόν·
591 1453 669 1511 τήν
697 1458 776 1508 μὲν
807 1456 1060 1511 καθαίρεσιν
1098 1459 1182 1499 ταῖν
1215 1458 1345 1512 ἁγίων
1372 1456 1447 1500 καί
1473 1459 1640 1500 σεπτῶν
1669 1459 1729 1499 εἰ·

243 1520 377 1564 κόνων
423 1522 635 1577 ἀκούομεν
673 1521 876 1581 ἔσεσθαι,
915 1525 1008 1567 ἄλλ’
1046 1525 1124 1567 οὐκ
1165 1526 1235 1568 ἐπὶ
1274 1528 1349 1582 τῆς
1388 1526 1464 1582 σῆς
1492 1524 1764 1580 βασιλειάς.2

344 1658 372 1679 1.
402 1646 465 1682 ἐπὶ
500 1646 582 1681 add.
618 1659 662 1682 ex
690 1649 732 1683 A.
878 1661 911 1683 2.
944 1650 1135 1686 ἰδιωτεῖαι]
1168 1651 1216 1693 Α,
1244 1650 1416 1686 ΐδιωτίαν
1448 1651 1545 1695 vulg.
1691 1651 1725 1695 4.

334 1689 510 1734 Ἀστεοὺς
537 1696 577 1730 A.
699 1699 733 1733 8.
763 1695 858 1732 κατὰ
888 1700 915 1732 Α
942 1699 967 1740 f,
995 1701 1047 1738 εἰς
1072 1700 1168 1743 vulg.
1266 1712 1300 1745 9.
1329 1700 1557 1746 ληϊσάμενος
1581 1699 1622 1742 Α,
1648 1700 1727 1743 ληϊ-

339 1742 493 1789 ζόμενος
520 1744 615 1790 vulg.
733 1745 784 1778 13.
815 1749 1068 1792 συναχθέντες
1090 1748 1131 1780 A.
1235 1757 1286 1793 ¹7.
1315 1742 1381 1784 τὸν
1405 1747 1602 1796 μακάριον
1620 1750 1660 1782 Γ.
1684 1749 1726 1782 A.

337 1793 589 1831 θωπευτικοῖς
617 1794 659 1834 A,
689 1796 1000 1835 θεοπνευσῑικοῑς
1028 1796 1124 1840 vulg.

245 1917 369 1939 omnes
397 1905 605 1941 decessores
630 1919 714 1942 suos
739 1909 988 1954 imperatores,
1023 1910 1208 1955 praesules
1232 1910 1531 1957 Christianosque
1557 1912 1728 1957 populos,

243 1959 415 2000 tanquam
443 1954 682 1998 idololatras,
717 1956 763 1990 ob
789 1964 993 1991 sanctarum
1025 1958 1382 2005 venerandarumque
1416 1959 1611 2006 imaginum
1636 1959 1728 1993 ado-

243 2002 424 2035 rationem
452 2003 710 2046 condemnans,
737 2016 817 2038 cum
843 2006 908 2039 ille
944 2018 1031 2052 prae
1058 2007 1169 2040 nimia
1194 2006 1452 2040 incredulitate
1483 2015 1594 2055 atque
1619 2008 1729 2041 rusti—

244 2049 354 2082 citate
381 2049 426 2083 de
454 2053 655 2097 respective
673 2064 795 2087 earum
819 2054 920 2088 cultu
942 2055 1120 2088 rationem
1137 2066 1178 2088 ac
1204 2066 1407 2088 sermonem
1430 2057 1581 2090 minime
1598 2067 1728 2102 capere

243 2097 395 2131 valeret.

55 2142 233 2187 A-C.719
342 2146 420 2178 Hoc
449 2157 545 2178 anno
571 2147 707 2182 Mavias
734 2154 888 2182 castrum
913 2149 1026 2183 Ateus
1054 2150 1284 2194 expugnavit,
1312 2162 1353 2184 ac
1377 2161 1539 2184 reversus
1567 2155 1633 2184 est.

58 2192 234 2237 A.C.72o
342 2194 421 2226 Hoc
451 2205 545 2227 anno
588 2195 686 2229 filius
724 2196 887 2242 Chagani
921 2196 1116 2230 Chazariae
1147 2198 1323 2243 principis
1352 2197 1511 2231 Mediam
1540 2204 1577 2232 et
1598 2200 1729 2232 Arme-

247 2241 346 2274 niam
374 2241 516 2274 infestis
541 2244 646 2277 armis
670 2246 826 2286 vexavit,
853 2251 889 2279 et
918 2244 1121 2279 Garachum
1148 2246 1304 2279 Arabum
1336 2245 1465 2279 ducem
1495 2247 1533 2279 in
1559 2247 1729 2280 Armenia

249 2288 391 2323 obviam
418 2289 552 2322 factum
592 2302 664 2324 una
693 2304 772 2325 cum
817 2292 989 2327 adiuncto
1027 2293 1187 2326 exercitu
1214 2293 1366 2335 delevit,
1390 2299 1467 2328 tum
1494 2306 1579 2328 vero
1606 2295 1730 2328 Arme-

247 2337 392 2370 niorum
419 2342 456 2370 et
481 2337 671 2372 Medorum
700 2341 903 2385 provincias
940 2341 1196 2386 depopulatus,
1236 2352 1365 2387 magno
1390 2343 1446 2376 sui
1471 2343 1631 2376 nominis
1654 2348 1730 2377 ter-

249 2396 330 2418 rore
356 2384 535 2419 Arabibus
564 2387 707 2427 relicto,
739 2387 886 2423 domum
920 2388 1041 2422 rediit.

67 2432 231 2478 A.C.·;21
345 2433 424 2467 Hoc
451 2444 546 2466 anno
579 2434 770 2468 Masalmas
796 2436 835 2469 in
863 2436 1064 2470 Tin-corum
1094 2440 1207 2469 terras
1244 2436 1517 2482 expeditionem
1545 2437 1731 2482 suscepit,

250 2487 493 2527 consertoque
532 2480 578 2515 ad
615 2483 767 2516 invicem
795 2485 962 2529 praelio,
996 2484 1119 2530 plures
1146 2495 1190 2517 ex
1230 2490 1385 2531 utraque
1412 2491 1514 2531 parte
1543 2485 1730 2519 cecidere:

250 2540 364 2575 quare
388 2529 580 2563 Masalmas
607 2536 744 2564 terrore
774 2538 976 2576 prostratus
1000 2533 1084 2576 suga
1112 2532 1221 2566 saluti
1246 2533 1416 2574 consulit,
1442 2539 1478 2567 et
1504 2545 1569 2579 per
1593 2534 1731 2567 Chaza-

250 2578 324 2610 riae
348 2583 491 2611 montes
517 2576 564 2611 ad
589 2589 672 2612 suos
700 2580 902 2612 revertitur.
959 2579 1029 2614 hoc
1055 2578 1183 2613 eodem
1223 2592 1319 2614 anno
1345 2581 1505 2615 nefarius
1533 2582 1732 2628 imperator

250 2624 420 2658 adversus
449 2632 579 2660 rectam
606 2626 711 2660 fldem
752 2627 950 2668 insaniens,
980 2633 1143 2661 sanctum
1176 2627 1399 2663 Germanum
1433 2629 1479 2662 ad
1507 2641 1544 2663 se
1574 2631 1731 2663 accersi-

248 2678 326 2705 tum
352 2672 498 2707 blandis
524 2674 644 2708 verbis
664 2674 763 2720 cepit
789 2675 961 2708 inescare.
1014 2675 1142 2709 beatus
1167 2677 1292 2723 itaque
1316 2677 1462 2723 praesul
1491 2677 1541 2711 sic
1566 2689 1646 2711 eum
1673 2678 1730 2711 al-

249 2720 436 2766 loquitur:
464 2728 665 2756 sanctarum
694 2722 841 2768 quidem
881 2723 1078 2769 imaginum
1110 2723 1266 2757 futuram
1293 2725 1596 2771 proscriptionem
1622 2726 1730 2759 audi-

249 2780 351 2811 mus,
377 2768 476 2803 haud
502 2776 624 2805 tamen
652 2777 687 2805 te
715 2771 929 2818 imperante.
980 2783 1022 2806 eo
1049 2771 1149 2807 cuius
1181 2778 1301 2808 aetate
1329 2773 1385 2809 vel
1413 2774 1564 2820 imperio
1590 2785 1644 2808 res
1670 2774 1732 2808 fo-
