1786 3204
262 185 334 241 82
832 188 1183 234 THEOPHAle

261 301 432 360 πόγωνα
452 299 573 356 λόγον
594 295 867 351 Ἀντιοχικὸν,
896 292 1004 349 πρὸς
1031 288 1200 346 ἄμυναν
1228 289 1371 345 δῆθεν,
1403 285 1604 343 ε’πόνησε·
1637 283 1742 330 Θεό-

264 373 400 427 δωρον
431 369 479 411 δέ
494 383 588 410 τινα
607 365 777 408 νεανίαν
797 360 1143 418 προκατάρξαντα
1173 359 1255 402 τῶν
1284 359 1375 398 κατ’
1405 354 1548 397 αὐτοῦ’
1572 349 1742 411 ὕβρεων

264 439 425 494 πικρῶς
467 435 653 494 ᾐκίσατο.
721 427 856 473 πολλοὶ
903 431 950 471 δὲ
1000 426 1075 470 καί
1112 423 1279 481 μεγάλα
1314 420 1423 465 κατὰ
1469 423 1744 479 Χριστιανῶν

221 505 476 561 nnumin-ag,
519 499 590 544 καὶ
638 497 812 541 πλείονα
853 501 990 539 ποιεῖν
1039 492 1145 549 μετὰ
1189 490 1262 535 τὸν
1298 487 1517 544 Περσικὸν
1557 488 1745 543 πόλεμον

267 569 645 627 ἐπαγγειλάμενος,
684 567 823 615 κακῶς
855 562 927 606 τόν
965 561 1214 617 παμμίαρον
1258 558 1392 601 αὕτοῦ
1428 555 1523 612 βίον
1554 559 1598 599 ἐν
1629 557 1783 614 αὕτῷό

266 639 557 694 πεπλήρωκεν.
624 631 853 688 ὑπερόριος
895 629 974 687 γὰρ
1019 631 1112 687 δίκῃ
1154 626 1255 686 θεία
1296 626 1484 685 ἀνῃρέθη
1513 621 1653 683 τούτῳ
1686 627 1748 683 τῷ

268 705 368 760 ἔτει,
395 701 654 760 βασιλεύσας
683 698 757 757 ἔτη
790 698 868 742 δύο
896 697 970 742 καί
993 699 1131 754 μῆνας
1161 697 1304 747 ἐννέα,
1338 691 1444 737 κατὰ
1474 691 1554 749 τὴν
1580 695 1748 748 Περσι·

269 771 345 830 κὴν
373 771 627 818 θεόκταντος
668 770 834 824 γέγονεν
873 768 917 809 ἐν
947 768 1000 823 τῇ
1039 766 1206 821 εἰκοστῇ
1245 761 1343 821 ἕκτῃ
1371 763 1445 804 τοῦ
1469 760 1748 815 Ἰανουαρίου

269 838 403 897 μηνὸς
430 837 689 885 ἷνδικτιῶνος
719 833 840 890 ἕκτης
870 835 974 876 ἐτῶν
1005 829 1215 887 ὑπάρχων
1247 828 1476 887 τριάκοντα
1505 824 1616 878 ἑνός.
1658 829 1750 883 ἐγέ-

271 923 362 950 νετο
392 907 440 948 δὲ
471 909 644 960 σημεῖον
674 897 793 951 ὄντος
813 901 948 944 αὐτοῦ
972 901 1017 942 ἐν
1038 902 1090 957 τῇ
1104 898 1291 955 Περσίδι
1312 898 1420 955 μηνί
1432 898 1587 956 Δεσίῳ.
1618 896 1782 952 ὑδρίαι

270 974 577 1029 πεπληρωμένη
626 966 781 1019 ὕδατος
822 971 867 1010 ἑν
906 967 1017 1025 οἰκίᾳ
1058 965 1301 1023 ἀγροίκιδός
1339 981 1450 1014 τινος
1486 965 1754 1021 Χριστιανῇς

270 1038 512 1096 μετεβλήθη
556 1039 616 1088 εἷς
667 1033 779 1079 οἶνον
821 1035 1035 1091 βράζοντα
1076 1036 1263 1089 μοῦστον
1303 1032 1411 1076 κατὰ
1452 1030 1529 1089 τὴν
1566 1030 1756 1086 δειλινὴν

273 1106 400 1163 ῶραν.
434 1107 548 1164 αὐτῇ
576 1107 624 1148 δὲ
643 1107 694 1163 τῇ
723 1099 815 1163 ὥρα
842 1101 886 1147 τὸ
922 1103 1088 1158 α’γγεῖον
1116 1101 1447 1158 πεπληρωμένον
1475 1098 1757 1156 προσήνεγκεν

163 1179 322 1234 Ρ.45τῇ
350 1176 549 1232 ἐκκλησίᾳ
587 1175 665 1216 τοῦ
694 1174 872 1228 χωρίου.
943 1168 963 1211 ὃ
996 1172 1043 1213 δὲ
1072 1169 1181 1213 κατὰ
1209 1168 1283 1212 τὸν
1310 1169 1437 1212 τόπον
1465 1164 1757 1224 πρεσβύτερος

272 1242 501 1300 πληρώσας
545 1245 699 1297 μικρὸν
750 1241 917 1296 α’γγεῖον
965 1240 1010 1291 ἐξ
1059 1237 1193 1281 αὐτοῦ
1233 1235 1404 1292 ἐκόμισε
1446 1238 1505 1296 τῷ
1542 1231 1786 1292 ἑπισκόπῳι

268 1311 481 1368 Ἀβγάρῳ.
552 1310 596 1353 ἐν
626 1307 827 1364 Κάρραις
856 1309 903 1350 δὲ
940 1306 1097 1363 εὑρέθη
1139 1305 1243 1361 γυνὴ
1276 1306 1321 1347 ἐκ
1357 1306 1441 1348 τῶν
1470 1305 1634 1360 τριχῶν
1663 1317 1758 1356 κρε-

274 1381 455 1435 μαμένη.
528 1377 602 1419 καί
629 1378 672 1419 ἐν
698 1377 931 1434 Ἀντιοχείᾳ
971 1377 1126 1432 κρανία
1156 1372 1401 1430 ἀνθρώπων
1431 1371 1583 1424 πολλά,
1616 1372 1671 1413 δι’
1701 1364 1761 1412 ὧν

162 1446 299 1500 Υ.366
329 1443 576 1503 παραβάτης
619 1442 672 1486 τοὶ
705 1435 886 1498 μαντεῖα
930 1444 1006 1485 τοῦ
1036 1441 1141 1485 κατὰ
1180 1443 1363 1498 Περσῶν
1394 1442 1584 1494 πολέμου
1613 1439 1761 1482 ποιοῦ..

274 1529 412 1569 μενος,
441 1513 686 1571 σφραγῖδας
715 1514 790 1554 καί
813 1513 991 1567 κλεῖθρα
1025 1515 1112 1561 τοῖς
1137 1507 1282 1560 τόποις
1313 1510 1539 1566 ἐπέθηκεν.

372 1674 406 1708 8.
431 1670 684 1719 Ἰανουαρίου]
716 1669 1021 1727 Ἰουνίουιῃοεοίῐ
1048 1675 1255 1717 temporum
1299 1670 1406 1704 ratio.
1433 1680 1468 1702 v.
1493 1673 1570 1702 not.
1597 1667 1643 1701 ad
1669 1667 1705 1701 11.
1737 1668 1761 1701 l.

380 1733 432 1754 ιο.
463 1719 503 1755 δὲ
533 1726 690 1767 σημεῖον
715 1721 763 1761 Α,
798 1719 837 1755 δὲ
859 1733 899 1754 το
935 1726 1092 1767 σημεῖον
1118 1719 1214 1764 vulg.
1349 1720 1475 1765 Δεσίῳ
1505 1719 1531 1751 Α
1556 1717 1580 1750 b
1607 1728 1648 1759 e,
1673 1718 1768 1751 Δαι-

377 1773 447 1815 σίῳ
474 1780 505 1808 a,
530 1770 609 1814 Δίῳ
635 1769 731 1813 vulg.
855 1767 969 1814 ὑδρία
997 1769 1038 1809 A,
1068 1766 1201 1814 ὑδρεία
1227 1767 1323 1813 vulg.
1427 1767 1478 1800 13.
1504 1764 1769 1813 προσήνεγκεν

377 1818 418 1858 Α,
442 1819 712 1863 προσήνεγκαν
731 1816 828 1862 vulg.
957 1816 1007 1849 16.
1031 1814 1205 1862 Λύγάρῳ
1232 1816 1272 1849 A.
1397 1814 1438 1851 δὲ
1458 1826 1529 1849 om.
1557 1826 1590 1847 a.
1714 1824 1766 1858 ¹7·

379 1863 602 1912 ἀνθρώπων
629 1859 749 1900 πολλὰ
774 1867 815 1906 A,
842 1859 960 1900 πολλὰ
987 1863 1102 1911 ἅνθρ.
1131 1865 1230 1910 vulg.

290 2013 465 2053 tempore,
490 2008 751 2054 Misopogona‚
778 2008 1046 2042 Antiochenum
1076 2020 1191 2055 opus,
1227 2007 1379 2041 iniurias
1405 2006 1577 2040 nimirum
1603 2005 1673 2039 hac
1700 2009 1777 2038 arte

292 2056 529 2102 repulsurus,
557 2057 776 2103 composuit.
828 2057 1063 2091 Theodorum
1099 2063 1220 2091 tamen
1247 2057 1415 2089 iuvenem
1447 2055 1601 2089 audacia
1631 2053 1780 2099 conspi-

293 2115 400 2137 cuum
425 2103 637 2138 iniuriarum
670 2105 710 2138 in
748 2105 865 2150 ipsum
891 2105 1044 2139 latarum
1083 2111 1358 2152 praecentorem
1391 2104 1491 2138 duris
1518 2102 1675 2137 subiecit
1697 2113 1780 2135 ver-

294 2151 457 2185 beribus.
514 2151 645 2186 exinde
685 2153 792 2198 plura
817 2158 855 2187 et
890 2154 1002 2199 magis
1039 2152 1220 2187 horrenda
1254 2154 1292 2186 in
1318 2153 1543 2187 Christianos
1569 2162 1780 2196 aggressus,

295 2199 426 2246 hisque
445 2199 622 2241 foediora,
649 2201 815 2234 confecto
837 2201 977 2235 Persico
996 2202 1108 2244 bello,
1133 2202 1346 2235 moliturum
1375 2212 1413 2235 se
1438 2201 1640 2241 minitatus,
1664 2199 1782 2232 scele—

299 2247 489 2281 stissimam
516 2248 626 2281 vitam
651 2248 690 2281 in
714 2260 758 2282 eo
783 2249 913 2282 misere
943 2250 1073 2284 finivit.
1124 2250 1194 2284 hoc
1231 2250 1368 2296 quippe
1396 2261 1504 2291 anno,
1531 2248 1655 2282 divina
1681 2247 1783 2280 inse-

299 2300 435 2341 quente
463 2294 644 2338 vindicta,
670 2302 770 2330 extra
795 2297 941 2343 imperii
978 2298 1066 2332 fines
1097 2298 1262 2332 sublatus
1292 2304 1358 2339 est,
1384 2303 1470 2344 post
1497 2296 1643 2343 imperii
1668 2305 1783 2328 annos

300 2343 404 2385 duos,
425 2347 463 2377 et
485 2354 625 2377 menses
647 2356 789 2386 novem,
815 2346 975 2379 Ianuarii
1001 2346 1060 2380 die
1087 2352 1188 2380 sexta
1204 2358 1311 2393 supra
1335 2346 1548 2391 vigesimam
1569 2343 1785 2378 indictionis

302 2397 438 2433 sextae,
463 2401 578 2425 annos
606 2392 683 2437 ipse
709 2398 816 2427 natus
848 2406 958 2427 unum
984 2400 1021 2429 et
1046 2396 1193 2440 triginta
1222 2395 1345 2429 divina
1373 2405 1484 2441 opera
1510 2391 1706 2428 inPerside
1732 2396 1786 2425 est

302 2439 528 2473 interfectus.
581 2450 623 2473 eo
644 2440 823 2474 Persidem
854 2442 1013 2487 ingresso
1042 2454 1164 2477 mense
1189 2444 1260 2477 Dio
1287 2448 1498 2489 portentum
1522 2441 1690 2486 contigit.
1717 2438 1786 2484 hy-

305 2487 385 2521 dria
410 2498 528 2533 aquae
561 2488 671 2533 plena
697 2489 735 2522 in
770 2489 920 2523 aedibus
959 2491 1111 2525 rusticae
1153 2491 1340 2526 cuiusdam
1366 2490 1532 2526 mulieris
1561 2489 1786 2523 Christianae

306 2536 345 2569 in
370 2540 529 2569 mustum
555 2546 678 2570 recens
705 2537 777 2570 sive
817 2538 939 2571 vinum
966 2538 1148 2574 ebulliens
1175 2541 1268 2574 circa
1302 2551 1488 2586 vesperam
1515 2549 1688 2572 conversa
1714 2541 1786 2570 est:

308 2582 509 2630 eademque
545 2581 635 2616 hora
660 2596 742 2626 vas,
769 2591 811 2619 ut
844 2592 921 2620 erat
952 2587 1121 2633 plenum,
1158 2589 1197 2623 in
1226 2589 1297 2623 vici
1334 2588 1522 2622 ecclesiam
1550 2587 1720 2627 illatum,
1746 2594 1786 2618 ex

309 2643 383 2677 quo
420 2631 493 2665 loci
526 2631 716 2677 presbyter
756 2635 941 2667 vasculum
978 2635 1081 2669 aliud
1107 2637 1252 2682 replens
1292 2636 1338 2670 ad
1368 2636 1552 2682 Abgarum
1577 2637 1786 2682 episcopum

311 2679 532 2724 deportavit.
584 2679 701 2714 Carris
727 2682 858 2716 mulier
882 2683 1022 2728 capillis
1048 2695 1220 2730 suspensa
1242 2691 1395 2731 reperta.
1445 2682 1664 2719 Antiochiae
1693 2681 1786 2727 pari-

312 2734 368 2762 ter
394 2727 572 2773 plurimae
597 2727 786 2762 hominum
816 2729 994 2764 calvariae
1028 2732 1136 2774 visae,
1163 2733 1298 2780 quibus
1324 2733 1465 2768 indicto
1492 2732 1605 2767 Persis
1630 2730 1730 2764 bello
1755 2729 1786 2762 in

312 2775 496 2810 vaticiniis
525 2776 736 2811 exercendis
763 2779 1028 2823 praevaricator
1061 2785 1233 2815 uteretur.
1286 2782 1366 2816 loca
1391 2783 1430 2816 in
1461 2780 1595 2829 quibus
1620 2779 1712 2812 haec
1737 2788 1786 2812 re-

314 2824 435 2869 posita
462 2830 583 2866 eraut,
608 2825 695 2859 seris
722 2831 832 2872 atque
863 2827 994 2872 sigillis
1020 2827 1215 2875 diiigenter
1241 2831 1443 2865 occluserat
1469 2835 1506 2864 et
1532 2829 1700 2863 firmarat.
