1786 3204
273 129 290 163 I
304 130 337 162 0
819 92 1162 167 THEOPHANffi

263 229 318 286 τῷ
359 228 536 286 στρατῷ.
592 224 735 280 ἐπειδὴ
766 227 812 269 δὲ
857 225 1156 279 κεκλεισμένων
1200 223 1283 266 τῶν
1310 222 1452 263 πυλῶν
1470 253 1482 274 ,
1514 219 1612 262 ου’δὲ
1641 216 1726 267 ἔσω

262 297 341 338 τοῦ
377 295 541 348 τείχους
588 294 779 349 ἠδυνήθη
822 294 1054 347 εἰσελθεῖν,
1103 296 1249 347 χεῖρας
1287 290 1494 340 ἐξέτειναν
1536 285 1575 329 οἱ
1605 286 1725 328 πολέ-

264 378 355 417 μιοι
380 362 485 417 πρὸς
521 360 566 404 τὸ
605 365 832 415 συλλαβεῖν
859 357 1009 403 αὐτὸν·
1077 359 1280 413 σχοινίοις
1305 357 1371 412 δέ,
1411 356 1612 403 καθέντες
1641 351 1724 395 οἷπό

265 433 343 472 τοῦ
380 431 567 484 τείχους,
605 428 854 471 α’νείλκυσαν
895 426 1033 472 αὕτόν.
1091 424 1175 468 ἔσω
1206 426 1253 467 δὲ
1282 422 1523 478 γενόμενος,
1554 419 1627 462 καὶ
1653 418 1727 462 τὸν

264 495 438 553 στρατὸν
468 496 826 551 παραθαρσύνας,
869 492 1105 546 ἐπεξελθών
1134 497 1222 542 τοῖς
1249 492 1452 545 Ἀλανοῖς,
1481 490 1600 544 νίκην
1627 484 1764 549 ἔσχε5

264 562 487 620 λαμπράν,
519 559 627 606 ὥστε
654 561 961 617 ἑξακισχιλίους
990 566 1142 603 πεσεῖν.
1202 555 1474 611 Μαξιμιανὸς
1503 557 1549 598 δὲ
1579 553 1602 596 ὅ
1636 551 1728 610 Ἑρ-

180 631 431 680 Ρ.6κου’λιος
462 632 545 674 ταῖν
583 631 702 672 πέντε
734 630 775 672 Γ
772 630 968 672 εντιανῶν
999 629 1043 670 ἐν
1069 629 1119 686 τῇ
1148 627 1327 683 Ἀφρικῇ
1369 623 1583 679 ἐκράτησε.
1624 625 1728 666 Λιο-

268 696 485 752 κλητιανὸς
514 700 560 740 δὲ
590 698 634 740 ἐν
677 697 971 753 Ἀλεξανδρείᾳ
1007 694 1080 738 τὸν
1122 695 1315 748 Ἀχιλλέα
1355 694 1539 735 καθεῖλε.
1597 690 1728 743 συνῆν

269 766 314 808 δὲ
345 765 458 823 αὐτῷ
492 767 564 807 καί
593 767 907 813 Κωνσταντῖνος
937 762 959 805 ὅ
989 761 1082 812 υἱὸς
1106 762 1422 812 Κωνσταντιόυ,
1454 758 1605 813 κομιδῆ
1637 759 1728 805 νέος

267 830 493 887 ὑπάρχων,
532 829 761 887 α’ριστεύων
788 833 833 873 ἐν
865 837 950 880 τοῖς
992 831 1204 882 πολέμοις.
1263 825 1311 869 ὃν
1341 825 1452 883 ὅρῶν
1493 824 1516 867 ὅ
1545 827 1725 878 Διοκλη-

268 899 408 949 τιανὸς
437 896 580 957 φθόνῳ
610 900 796 954 κινηθείς
823 896 931 955 δόλῳ
963 897 1123 939 ἀνελεῖν
1149 893 1396 946 ἐσπούδαζε.
1427 890 1528 942 θεὸς
1554 894 1601 935 δὲ
1631 892 1729 934 τοῦ·

266 984 333 1010 τον
359 966 603 1021 παραδόξως
632 967 822 1019 διέσωσε,
851 966 923 1007 καί
946 965 1002 1023 τῷ
1032 965 1161 1018 πατρί
1189 963 1394 1005 ἀπέδωκε.

65 1037 256 1082 A.M.5789
377 1034 560 1088 Περσῶν
587 1032 794 1086 βασιλέως
813 1031 1042 1087 Ὁρμίσδα,
1085 1029 1249 1085 Ῥώμης
1279 1026 1507 1071 ἐπισκόπου
1537 1023 1728 1069 Μιλτιά-

271 1103 367 1156 δου,
399 1099 700 1155 Ἱεροσολύμων
728 1096 955 1141 ἐπισκόπου
985 1100 1160 1154 Ζαβδᾶ,
1195 1093 1456 1151 Ἀντιοχείας
1494 1093 1727 1137 ἐπισκόπου

269 1171 472 1212 Βιταλιόυ
493 1165 582 1215 ἔτος
609 1163 659 1208 α’.

384 1232 522 1292 Τούτῳ
552 1236 609 1292 τῷ
647 1232 730 1276 ἔτει
772 1231 999 1288 Ουέτήριος
1041 1229 1415 1286 στρατοπεδάρχης
1456 1228 1554 1277 τούς
1605 1229 1650 1270 ἐν
1679 1228 1728 1284 τῇ

267 1305 449 1359 στρατιᾷ
478 1299 761 1357 Χριστιανοὺς
791 1296 946 1355 ἤλαυνε
984 1298 1189 1355 μετρίως,
1218 1296 1359 1340 ἔκτοτε
1389 1297 1462 1338 τοῦ
1492 1293 1594 1338 κατὰ
1626 1293 1731 1336 πάν-

266 1388 350 1414 των
381 1368 671 1426 ὑποτύφοντος
700 1369 899 1422 διωγμοῦ.

62 1442 255 1491 A·M-5793
370 1435 531 1494 Ῥώμης
560 1433 786 1479 ἐπισκόπου
818 1436 1075 1490 Σιλβέστρου
1098 1431 1188 1484 ἔτος
1220 1434 1270 1475 α’.

368 1586 394 1607 ι.
425 1574 498 1609 ἔσω
521 1574 568 1613 A,
595 1575 684 1608 εἴσω
706 1572 800 1617 vulg.
921 1571 954 1604 3.
982 1573 1146 1616 σχοίνοις
1165 1582 1206 1612 a,
1234 1576 1388 1616 σχοῖνον
1412 1569 1446 1602 b.
1544 1570 1573 1604 5.
1598 1580 1728 1613 παρα-

360 1621 558 1669 θαρσύνεις
576 1623 615 1663 A,
633 1617 941 1667 παραθαρῥύνας
963 1620 1058 1664 vulg.
1154 1631 1187 1664 9.
1212 1622 1275 1653 καὶ
1292 1622 1443 1653 Κωνστ.
1468 1618 1494 1650 A
1516 1627 1547 1658 a,
1574 1616 1592 1651 ὃ
1615 1620 1728 1652 Κων-

366 1680 467 1705 σταν.
494 1669 589 1714 vulg.
754 1666 888 1715 κομιδῆ
915 1668 999 1706 νέος
1021 1668 1071 1708 Α,
1096 1667 1229 1714 κομιδῆ
1260 1667 1299 1701 δὲ
1325 1670 1408 1705 νέος
1431 1665 1524 1708 vulg.
1674 1675 1725 1696 ιο.

365 1717 384 1752 ὁ
411 1730 479 1751 om.
503 1718 544 1750 A.
693 1726 741 1749 ¹2.
770 1714 985 1750 ἀποδέδωκε
1008 1726 1065 1747 om
1089 1714 1125 1748 b.
1263 1715 1312 1747 13.
1339 1711 1516 1748 Μιλτιὰδ.
1542 1713 1583 1754 Α,
1611 1712 1727 1747 listis.

361 1766 459 1810 vulg.
585 1764 634 1807 14.
671 1763 813 1811 Ζαβδᾶ]
852 1762 1045 1808 Γαζάβδας
1067 1762 1108 1796 A.
1229 1762 1374 1802 vitalii,
1400 1759 1618 1794 Antiocheni
1647 1760 1725 1805 epi-

362 1813 481 1859 scopi,
516 1812 754 1846 accessionem
788 1812 826 1846 in
854 1822 988 1844 annum
1017 1809 1177 1856 proxime
1204 1815 1417 1857 sequentem
1442 1809 1616 1842 reiiciunt
1650 1819 1670 1841 a
1695 1807 1727 1841 f:

358 1873 434 1895 non
459 1859 644 1895 adnotavit
669 1860 710 1893 A.
819 1870 870 1905 ¹7·
901 1862 1075 1908 στρατείᾳ
1101 1858 1143 1894 A.

269 1992 353 2022 sunt
387 1987 587 2034 insequuti:
620 1987 697 2032 ipse
732 1996 816 2020 vero
843 1984 916 2018 dux
948 1990 1127 2019 extremus
1161 1984 1331 2030 fugientis
1357 1983 1534 2018 exercitus
1558 1991 1731 2028 premens

268 2036 417 2080 vestigia
440 2046 477 2068 se
501 2034 710 2079 recipiebat.
774 2033 947 2067 obseratis
972 2044 1057 2067 vero
1074 2033 1197 2078 portis,
1223 2044 1301 2066 cum
1328 2033 1422 2066 intro
1448 2043 1522 2064 non
1547 2030 1729 2076 potuisset

269 2084 431 2124 admitti,
458 2087 621 2116 extensas
649 2081 694 2114 ad
713 2092 790 2114 eum
810 2079 1189 2126 comprehendendum
1216 2080 1373 2114 hostium
1397 2091 1522 2112 manus
1547 2089 1725 2123 nusquam

269 2132 459 2172 evasisset,
494 2130 566 2163 nisi
601 2129 765 2162 demissis
790 2139 855 2174 per
877 2140 1017 2161 murum
1049 2128 1198 2162 funibus
1228 2129 1273 2162 ad
1297 2134 1411 2162 castra
1439 2127 1569 2160 suisset
1593 2125 1727 2159 subve-

268 2186 360 2214 ctus.
409 2179 503 2212 intro
529 2183 711 2222 receptus,
748 2176 866 2210 verbis
893 2177 1089 2210 exercitum
1120 2177 1254 2210 animat
1281 2182 1318 2210 et
1338 2175 1565 2216 corroborat,
1591 2179 1629 2207 et
1655 2173 1728 2206 im-

264 2233 354 2274 petu
380 2227 417 2260 in
446 2226 578 2260 Alanos
605 2225 723 2265 facto,
749 2224 860 2258 caesis
884 2235 1007 2258 eorum
1041 2236 1104 2258 sex
1126 2225 1287 2258 millibus
1315 2224 1534 2270 praeclaram
1561 2221 1727 2267 assequi-

265 2281 327 2309 tur
356 2275 551 2307 victoriam.
601 2272 840 2306 Maximianus
876 2272 1066 2305 Herculius
1103 2273 1180 2318 pari
1206 2278 1301 2306 sorte
1331 2273 1495 2318 quinque
1524 2269 1727 2304 Genti-'mos

264 2324 304 2357 in
328 2323 447 2356 Africa
491 2321 671 2354 obtinuit:
705 2325 741 2353 et
766 2319 1003 2353 Alexandriae
1036 2320 1285 2354 Diocletianus
1310 2321 1487 2354 Achillem
1520 2316 1726 2364 prostravit.

265 2372 386 2405 socius
413 2368 655 2414 expeditionis
684 2367 809 2401 aderat
827 2367 1084 2401 Constantinus
1104 2368 1306 2402 Constantii
1331 2369 1356 2402 f.
1393 2368 1510 2414 prima
1534 2368 1730 2399 iuventute

265 2418 498 2464 conspicuus,
527 2422 564 2450 ct
587 2416 803 2449 bellicorum
836 2415 1038 2449 facinorum
1066 2415 1174 2449 laude
1211 2417 1280 2449 iam
1314 2422 1517 2462 praestans:
1544 2425 1615 2459 qua
1638 2413 1730 2446 Dio-

264 2466 441 2500 cletianus
467 2469 676 2510 conspecta,
699 2468 816 2497 motus
843 2463 1003 2505 invidia,
1029 2475 1154 2497 necem
1184 2463 1277 2497 dolis
1302 2463 1586 2497 machinabatur.
1637 2459 1728 2494 deus

264 2519 385 2548 autem
410 2518 555 2559 praeter
578 2512 786 2557 opinionem
814 2512 991 2552 servavit,
1021 2517 1057 2544 et
1090 2511 1184 2557 patri
1214 2512 1376 2546 reddidit
1400 2511 1632 2545 incolumem.

79 2562 169 2597 A.C.
181 2563 251 2607 289
358 2562 544 2595 Persarum
583 2560 674 2603 regis
705 2559 935 2600 Hormisdae,
978 2560 1109 2593 Romae
1136 2560 1296 2605 episcopi
1331 2559 1530 2600 Miltiadis,
1554 2557 1727 2590 Hieroso-

263 2610 443 2654 lymorum
476 2607 636 2653 episcopi
666 2607 824 2649 Zabdae,
849 2606 1063 2641 Antiochiae
1098 2607 1258 2652 episcopi
1282 2607 1407 2641 Vitam
1435 2617 1549 2640 annus
1579 2605 1728 2650 primus.

358 2656 435 2690 Hoc
480 2666 575 2689 anno
601 2655 770 2690 veterius
793 2655 961 2699 magister
997 2655 1150 2688 militiae
1180 2654 1404 2688 Christianos
1440 2654 1575 2688 milites
1599 2650 1730 2686 mode-

267 2711 341 2741 rate
365 2704 561 2737 insectatus
588 2708 659 2744 est,
687 2703 941 2748 persecutione
969 2702 1098 2736 exinde
1125 2703 1164 2735 in
1185 2703 1345 2749 reliquos
1371 2703 1574 2747 ingruente.

77 2756 117 2790 A.
132 2755 170 2791 C.
185 2755 252 2800 293
355 2753 489 2787 Romae
517 2751 677 2798 episcopi
705 2751 876 2795 SJlxzestri
902 2761 1017 2785 annus
1046 2751 1194 2796 primus.

1747 844 1786 870 10

1746 1165 1786 1206 15
