1768 3106
232 133 345 190 652
775 148 1127 191 THEOPHANIS

228 250 368 296 εἶκαὶ
392 250 661 306 (ἇδιόρθωτος
687 246 861 306 ἔμεινεν,
894 248 951 300 ὥς
983 247 1146 304 Φαραώ
1181 245 1226 291 τὸ
1255 247 1402 291 πάλαι.
1459 245 1486 305 ἦ
1517 250 1564 292 δὲ
1595 248 1703 304 αὕτη

227 317 395 375 λοιμικὴ
435 315 559 367 νόσος
606 318 686 359 τοῦ
722 320 940 372 βουβῶνος
986 318 1228 371 ἀνέδραμεν
1268 317 1319 373 τῇ
1358 314 1704 373 πεντεκαιδεκάτῃ

226 385 483 442 ἑπινεμὴσει,
515 386 561 428 ἐν
591 387 641 443 τῇ
667 387 856 439 βασιλίδι
886 384 1019 428 πόλει.
1077 379 1235 440 ἤρξατο
1257 385 1304 426 δὲ
1330 383 1484 441 αἴφνης
1511 383 1706 439 αόράτως

224 453 456 510 γίγνεσθαι,
489 450 536 495 ἔν
563 467 610 495 τε
637 457 726 501 τοῖς
752 451 833 494 τῶν
869 450 1112 507 ἀνθρώπων
1140 450 1325 504 ἱματίοις
1354 450 1428 494 καί
1454 453 1513 502 εἰς
1540 450 1593 495 τοὶ
1622 453 1706 494 τῶν

223 522 455 577 ἐκκλησιῶν
488 518 583 575 ἱερὰ
614 518 833 572 ἐνδύματα
862 521 1050 573 σταυριά
1078 518 1263 575 ἐλαιώδη
1291 522 1485 561 πλεῖστα.
1545 519 1744 573 ἐγένετοό

225 583 302 630 οὖν
331 589 529 631 ἐντεῦθεν
556 590 642 637 τοῖς
671 586 918 642 ἀνθρώποις
944 584 1056 642 λύπη
1083 589 1157 628 καί
1182 586 1354 640 α’θυμία
1381 585 1512 642 πολλή
1545 587 1595 643 τῇ
1620 600 1708 627 τοι·

225 655 353 698 ου’του
381 655 559 710 σημείου
592 649 773 712 ἀπορίᾳ·
848 655 1076 708 κατέλαβεν
1107 654 1155 695 δὲ
1182 651 1256 695 καί
1283 656 1489 710 θεομηνιά
1518 654 1707 710 ἀφειδῶς

225 722 522 777 ὀλοθρεύουσα
553 721 604 763 οὔ
633 718 765 774 μόνον
802 719 901 771 τούς
943 722 988 763 ἐν
1030 723 1083 778 τῇ
1114 720 1245 774 πόλει,
1291 721 1398 763 α’λλοὶ
1429 722 1504 763 καί
1531 718 1629 771 τούς
1661 721 1707 763 ἐν

224 787 341 848 πάσῃ
379 791 434 847 τῇ
476 787 703 847 περιχώρῳ
745 788 890 843 αὐτῆς.
955 788 1142 843 ἐγένοντο
1183 789 1231 830 δὲ
1259 787 1334 831 καί
1379 791 1614 845 φαντασίαι
1645 788 1707 836 εἰς

225 855 409 906 πολλοὺς
445 859 531 899 τιόν
554 855 815 913 ἀνθρώπων,
844 853 920 898 καὶ
945 856 991 898 ἐν
1030 853 1224 898 ἐκστάσει
1253 853 1483 912 γενόμενοι,
1512 853 1705 909 ἐνόμιζον
1726 869 1768 895 10

188 926 360 976 Βξένοις
386 921 509 980 τισίν,
539 922 597 973 ὥς
625 920 812 980 ἐδόκουν,
841 924 917 966 καί
954 926 1151 979 βριαροΐς
1179 924 1421 979 προσώποις
1450 922 1705 978 συνοδεύειν,

224 994 302 1035 καί
326 991 426 1041 τούς
452 991 723 1041 ἀπαντῶντας
752 989 909 1049 αὐτοῖς,
938 991 996 1041 ὥς
1031 992 1162 1047 δῆθεν
1189 989 1343 1047 φίλους
1370 989 1706 1047 προσαγορεύον-
1730 987 1737 992 ’

225 1076 304 1109 τας
347 1061 422 1103 καί
451 1060 791 1114 διαλεγομένους.
851 1057 1155 1116 σημειούμενοι
1176 1060 1224 1102 δὲ
1255 1057 1310 1101 τὰ
1339 1060 1440 1115 παρ’
1470 1059 1610 1101 αὐτῶν
1638 1062 1706 1100 λε-

223 1124 384 1182 γόμενα
413 1128 650 1184 ἐξηγοῦντο,
718 1123 865 1182 ἑώρων
896 1125 996 1177 τούς
1024 1125 1185 1175 αὐτοὺς
1213 1124 1288 1169 καί
1314 1126 1375 1176 εἷς
1404 1124 1545 1176 οἴκους
1569 1125 1705 1180 εἰσερ-

221 1197 447 1249 χομένους,
480 1195 554 1237 καί
581 1192 683 1244 τούς
709 1197 790 1248 μὲν
814 1197 893 1237 τοῦ
921 1193 1038 1238 οἴκου
1059 1193 1358 1250 ἀναιροῦντας,
1384 1193 1484 1245 τούς
1513 1195 1561 1236 δὲ
1590 1192 1703 1250 ξίφει
1722 1191 1768 1234 15

224 1259 557 1316 τιτρώσκοντας.
611 1264 838 1316 συνέβαινε
869 1263 917 1304 δὲ
945 1261 998 1305 τὰ
1026 1267 1200 1305 πλεῖστα
1221 1263 1306 1304 τῶν
1332 1263 1433 1317 παρ’
1465 1257 1609 1311 azima-g
1637 1265 1704 1302 λε-

221 1330 412 1383 γομένων
439 1331 639 1384 γενέσθαι
677 1326 838 1387 οὕτως,
863 1329 1009 1380 καθώς
1047 1326 1171 1372 εἶδον.
1227 1331 1288 1388 τῷ
1318 1330 1365 1372 δὲ
1394 1330 1547 1387 ἐαρινῷ
1571 1329 1706 1386 καιρῷ

221 1397 296 1452 τῆς
323 1395 494 1453 πρώτης
521 1397 781 1447 ι’νδικτιῶνος
809 1399 995 1440 ἐπέτεινε
1009 1395 1228 1453 μειζόνως,
1256 1396 1405 1454 καὶτῷ
1431 1397 1586 1453 θερινῷ
1615 1397 1704 1447 ἐξε-

220 1463 365 1522 καύθη
395 1466 456 1515 εἰς
487 1461 625 1522 ἅπαξ,
662 1463 776 1510 ὥστε
805 1461 1063 1523 ὁλοκλήρους
1106 1464 1245 1517 οἴκους
1273 1467 1525 1521 κλεισθῆναι
1553 1479 1704 1507 παντε-

317 1612 351 1635 2.
377 1597 526 1650 λοιμικὴ
550 1602 666 1644 νόσος
691 1603 742 1645 A,
773 1603 883 1650 λοίμη
913 1602 977 1647 τῆς
1009 1603 1128 1642 νόσου
1150 1603 1247 1648 vulg.
1373 1602 1406 1646 4.
1438 1603 1489 1642 εἰς
1515 1594 1561 1636 τὰ
1591 1601 1633 1642 Α,
1660 1601 1702 1636 ἐν

314 1655 392 1690 ’τοῖς
414 1651 510 1696 vulg·
655 1663 688 1698 7.
716 1652 916 1697 κατέλαβεν
940 1673 983 1680 -—
1013 1671 1060 1678 ·--
1088 1672 1135 1678 —
1159 1646 1249 1686 ἀλλὰ
1274 1651 1338 1685 καὶ
1368 1644 1455 1689 τοὺς
1481 1649 1563 1683 add.
1592 1660 1635 1682 ex
1660 1650 1700 1682 A.

313 1709 350 1741 9.
380 1701 445 1733 καὶ
469 1711 581 1746 (part.
606 1698 648 1741 A,
675 1700 719 1734 αἱ
743 1712 784 1746 φ.
806 1701 904 1746 vulg.
1044 1702 1095 1736 13.
1124 1699 1310 1749 λεγόμενα
1336 1699 1365 1732 Α
1390 1710 1411 1732 a
1437 1699 1462 1739 f,
1488 1696 1701 1745 λαλούμενα

314 1746 412 1791 vulg.
539 1747 591 1791 ¹4·
617 1749 683 1782 καὶ
707 1754 792 1782 ante
817 1750 870 1787 εἰς
899 1747 982 1782 add.
1018 1759 1061 1782 ex
1088 1747 1128 1783 A.
1255 1749 1308 1782 15.
1337 1747 1600 1795 ἀναιροῦντας]
1628 1744 1702 1780 ἑω-

316 1794 465 1842 (nanas
488 1795 519 1829 A
544 1806 566 1828 a
589 1794 616 1829 f.

220 1908 325 1943 malis
353 1909 554 1945 obduratus
578 1915 617 1945 et
639 1911 895 1947 inemendatus
920 1912 1179 1958 perseveravit.
1241 1910 1420 1958 pestilens
1454 1908 1550 1943 illud
1577 1907 1699 1942 bubo-

221 1958 279 1992 nis
305 1958 402 1992 virus
431 1958 478 1992 ad
515 1959 783 2006 imperatricem
822 1972 940 2007 usque
976 1960 1105 1994 urbem
1142 1965 1383 2006 propagatum
1420 1963 1475 1992 est
1497 1955 1699 1990 indictione

222 2004 365 2039 decima
388 2007 528 2052 quinta.
584 2019 627 2041 ac
653 2009 810 2053 primum
844 2008 992 2056 quidem
1034 2008 1151 2043 inviso
1178 2008 1335 2054 quodam
1369 2005 1477 2040 modo
1516 2010 1553 2038 et
1590 2004 1698 2038 dere-

218 2059 333 2099 pente
358 2065 510 2100 corpora
533 2055 730 2091 invadebat
762 2062 839 2091 tum
862 2069 947 2091 vero
978 2057 1018 2090 in
1044 2056 1232 2091 hominum
1257 2055 1417 2090 vestibus
1455 2058 1493 2087 et
1518 2053 1558 2085 in
1582 2052 1701 2086 eccle-

220 2101 354 2135 siarum
383 2103 490 2137 sacris
517 2103 741 2138 indumentis
774 2105 977 2138 cruciculae
1008 2105 1188 2151 plurimae
1224 2103 1414 2148 oleagineo
1439 2101 1582 2147 liquore
1608 2112 1700 2133 con-

219 2160 366 2195 spersae
391 2151 719 2196 conspiciebantur.
770 2164 844 2199 quo
871 2153 974 2198 signo
1003 2152 1093 2199 quid
1124 2151 1404 2198 portenderetur
1427 2161 1508 2183 cum
1531 2148 1700 2182 homines

217 2196 451 2242 ignorarent,
490 2199 530 2232 in
568 2211 739 2242 magnum
773 2212 974 2234 moerorem
1003 2200 1187 2246 animique
1220 2199 1402 2244 angustias
1427 2197 1572 2231 adducti
1600 2201 1696 2230 sunt.

215 2246 271 2279 ira
296 2244 448 2279 deorum
476 2246 697 2280 inexorabili
725 2249 837 2283 exitio
863 2261 939 2283 non
967 2249 1086 2282 solum
1127 2248 1297 2287 urbanos,
1323 2246 1387 2281 sed
1417 2246 1525 2279 etiam
1555 2244 1696 2278 vicinae

217 2294 375 2338 regionis
400 2294 536 2327 incolas
563 2296 756 2340 oppressit.
807 2297 941 2330 exinde
965 2297 1088 2342 plures
1114 2294 1300 2330 hominum
1327 2295 1365 2328 in
1393 2294 1525 2327 mentis
1551 2293 1698 2326 aliena-

216 2341 356 2375 tionem
376 2342 533 2376 coniecti
558 2344 666 2376 variis
687 2355 766 2377 sese
791 2343 1005 2390 phantasiae
1027 2345 1171 2389 figuris,
1198 2344 1258 2377 vel
1285 2343 1434 2388 spectris
1464 2348 1501 2376 et
1526 2352 1697 2375 sensuum

216 2394 368 2435 stupore
384 2391 624 2434 permiserunt
637 2390 757 2432 illudi,
774 2392 866 2426 adeo
883 2398 924 2426 ut
949 2404 1030 2426 cum
1052 2392 1251 2438 peregrinis
1271 2397 1308 2425 et
1330 2390 1572 2425 terriculantis
1589 2388 1697 2422 faciei

168 2469 169 2473 ,
215 2436 442 2479 hominibus,
467 2443 509 2472 ut
530 2438 600 2472 sibi
628 2438 844 2481 videbatur,
872 2440 1083 2474 societatem
1119 2451 1161 2473 ac
1184 2440 1254 2472 iter
1280 2439 1417 2472 habere
1445 2450 1482 2472 se
1512 2441 1699 2483 putarent,

216 2496 310 2530 quos
341 2487 447 2519 etiam
473 2487 575 2521 velut
603 2487 748 2529 amicos,
775 2487 838 2521 ubi
862 2493 1102 2530 occurrerent,
1133 2488 1409 2532 compellarent,
1435 2498 1476 2520 ac
1500 2497 1579 2519 cum
1609 2484 1699 2530 ipsis

216 2533 528 2580 colloquerentur,
557 2540 594 2569 et
624 2546 717 2582 quae
743 2534 789 2568 ab
814 2536 903 2581 ipsis
923 2535 1140 2577 dicerentur,
1166 2535 1415 2576 observantes,
1440 2534 1522 2567 aliis
1547 2544 1698 2566 enarra-

215 2580 317 2615 bant.
369 2581 515 2615 eosdem
543 2583 694 2629 insuper
732 2583 772 2617 in
798 2583 924 2618 (lemos
950 2589 1184 2629 penetrantes
1223 2584 1398 2631 quosdam
1427 2594 1470 2616 ex
1497 2581 1613 2615 obviis
1637 2580 1698 2615 vel

213 2629 326 2674 plane
353 2631 542 2672 conficere,
568 2631 628 2665 vel
653 2630 783 2676 gladiis
810 2632 1002 2667 vulnerare
1028 2632 1315 2677 conspiciebant.
1367 2630 1432 2664 sed
1460 2635 1497 2663 et
1519 2629 1696 2675 pleraque

216 2677 355 2717 exiis,
392 2689 487 2724 quae
519 2679 578 2712 isti
614 2678 840 2723 referebant,
877 2679 1181 2726 quemadmodum
1225 2680 1296 2726 ipsi
1334 2678 1514 2719 viderant,
1540 2678 1590 2710 ita
1616 2676 1697 2709 fieri

215 2726 382 2769 contigit.
433 2727 652 2772 insequente
692 2733 814 2761 autem
853 2729 990 2775 primae
1025 2727 1237 2762 indictionis
1265 2739 1348 2761 vere
1378 2727 1489 2770 magis
1515 2737 1555 2758 ac
1584 2724 1697 2768 magis

216 2784 361 2819 serpere
386 2779 423 2808 et
447 2775 599 2820 grassari
627 2776 855 2822 contagium,
879 2776 974 2811 circa
999 2788 1151 2812 messem
1176 2788 1260 2814 vero
1291 2777 1343 2810 ita
1379 2775 1456 2809 eius
1482 2772 1696 2808 incendium
