1768 3106
230 150 261 207 5
276 171 294 207 1
312 171 340 206 2
761 170 1112 213 TussofflAle

226 267 508 327 γενικωτάτης
537 271 679 326 φυλῆς
709 272 912 327 κατήγετο
933 273 976 324 ἐξ
1002 272 1194 326 Ἰσμαηλ,
1228 269 1328 313 υἱοῦ
1359 272 1570 327 Ἁβραάμ.
1633 257 1747 318 NL*

229 341 357 395 ζαρος
386 338 469 395 γὰρ
501 337 525 380 ὅ
552 340 630 381 τοῦ
658 337 833 395 Ἰσμαὴλ
850 338 1057 395 ἀπόγονος
1076 337 1216 394 πατὴρ
1245 337 1416 382 πάντων
1436 342 1582 385 αὐτῶν
1608 343 1713 386 α’να-

187 405 460 463 Βγορεύεται.
520 401 646 456 οὗτος
673 408 798 464 γεννᾷ
826 406 949 458 υἱούς
979 406 1072 463 δυό,
1102 406 1367 462 ἈἸούνδαρον
1392 407 1468 451 καί
1491 409 1712 464 Ἀραβίαν.

227 476 492 530 Μούνδαρος
525 475 648 532 γεννᾷ
669 473 902 530 Κούρασον
931 477 1004 517 καί
1024 470 1138 518 Ἴσον
1171 475 1244 517 καί
1263 475 1459 533 Θεμιζιιην
1485 480 1560 520 καί
1577 473 1715 521 ’Ἀσα-

227 544 313 598 δον,
344 542 418 585 καί
447 537 604 592 ἄλλους
634 540 891 597 α’γνοόστους.
950 535 1067 585 οὗτοι
1096 540 1253 592 πάντες
1277 537 1412 601 ιξὶκουν
1440 545 1516 601 τὴν
1534 547 1752 593 Machor-5

225 617 334 654 νῖτιν
365 608 537 667 ἔρημον,
566 609 642 652 καί
667 610 713 652 ἒν
747 609 861 667 αὐτῇ
898 610 1255 667 ἑκτηνοτρόφουν,
1295 612 1342 653 ἐν
1371 618 1545 669 σκηναῖς
1573 630 1715 655 κατοι-

227 681 417 729 κοῦντες.
495 677 581 721 εἰσί
612 678 659 720 δὲ
691 678 766 719 καί
793 678 1013 734 ἐνδότεροι
1044 674 1211 732 αὐτῶν,
1241 677 1302 735 μή
1335 673 1446 730 ὄντες
1473 682 1549 735 τῆς
1577 683 1718 739 φυλῆς

225 749 390 803 αὐτῶν,
417 744 527 790 ἄλλα
557 747 634 788 τοῦ
660 745 829 799 Ἰεκτάν,
861 744 900 787 οἱ
937 745 1155 800 λεγόμενοι
1181 746 1423 804 Ἀμανῖται,
1453 750 1567 791 τοῦτ’
1601 747 1717 791 ἔστιν

217 816 459 870 Ὁμηρΐται.
519 813 893 869 ε’πραγματεύοντο
926 815 975 855 δέ
999 829 1107 863 τινες
1145 813 1287 857 αὐτῶν
1317 816 1363 857 ἐν
1388 821 1483 866 ταῖς
1510 813 1718 873 καμήλοις

226 883 378 926 αὐτῶν.
450 881 615 938 α’πόρου
659 882 706 923 δὲ
758 883 832 923 καί
879 882 1081 938 ὀρφανοῦ
1127 876 1243 932 ὄντος
1285 884 1362 925 τοῦ
1403 885 1715 941 προειρημένου
1735 904 1768 930 ι(

228 952 461 1006 ῙΠουαμέδ,
492 948 634 1001 ἔδοξεν
662 948 780 1008 αὐτῷ
809 950 1021 992 εἰσελθεῖν
1047 948 1153 1005 πρός
1180 966 1276 992 τινα
1294 956 1476 1005 γυναῖκα
1495 952 1717 1007 πλουσίαν,

185 1019 410 1076 (ἶσυγγενῆ
441 1017 577 1060 αὐτοῦ
605 1013 754 1071 οὖσαν,
786 1017 965 1071 ὀνόματι
999 1018 1192 1072 Χαδίγα,
1223 1019 1442 1072 μισθωτὸν
1469 1018 1542 1062 ἐπὶ
1570 1017 1619 1062 τὸ
1643 1036 1717 1062 κα-

225 1087 429 1143 μηλεύειν
461 1088 537 1129 καί
573 1082 961 1140 πραγματεύεσθαι
1005 1085 1051 1128 ἐν
1080 1084 1290 1144 Αἰγύπτῳ
1327 1085 1402 1129 καί
1429 1090 1719 1147 Παλαιστίνῃ.

225 1157 319 1197 κατ’
349 1153 491 1209 ὀλίγον
521 1154 569 1196 δὲ
605 1150 1013 1210 παρρησιασάμενος
1056 1153 1294 1210 ὑπεισῆλθε
1325 1156 1377 1214 τῇ
1405 1154 1579 1210 γυναικί
1601 1154 1718 1214 χήρᾳ

226 1218 333 1281 οὔσῃ
352 1259 363 1279 ,
405 1224 480 1264 καί
515 1220 666 1277 ἔλαβεν
712 1219 844 1278 αὐτὴν
882 1227 1088 1276 γυναῖκα·
1162 1223 1237 1265 καί
1263 1220 1365 1277 ἔσχε
1393 1221 1472 1274 τὰς
1502 1223 1717 1280 καμήλους
1738 1227 1768 1268 ιὲ

226 1293 357 1347 αὐτῆς
385 1290 459 1333 καί
485 1290 563 1345 τὴν
592 1286 789 1346 ὕπαρξιν.
858 1287 1091 1345 ἐρχόμενος
1131 1291 1180 1333 δὲ
1210 1291 1257 1333 ἐν
1287 1293 1558 1350 Παλαιστίνῃ
1586 1308 1718 1335 συνα-

227 1361 480 1418 νεστρέφετο
516 1358 744 1408 Ἰουδαίοις
769 1374 814 1401 τε
852 1359 927 1400 καί
968 1360 1262 1413 Χριστιανοῖς.
1321 1359 1509 1416 ἐθηρᾶτο
1538 1361 1586 1402 δὲ
1615 1363 1720 1416 παρ’

228 1424 369 1472 αὐτῶν
395 1428 492 1471 τινὰ
524 1423 731 1486 γραφικά,
761 1428 835 1469 καί
861 1424 963 1482 ἔσχε
994 1424 1041 1470 τὸ
1074 1423 1213 1477 πάθος
1242 1428 1319 1485 τῆς
1338 1428 1586 1484 ἐπιληψίας.
1645 1429 1720 1472 καί

325 1579 359 1623 4.
391 1576 568 1627 Τεμὴμην
594 1578 634 1612 Α.
762 1579 795 1613 5.
823 1575 1084 1613 ,Μανδιανῖτιν
1111 1578 1152 1619 Α,
1179 1577 1445 1622 Μανὸιανίτην
1470 1578 1565 1622 vulg.
1679 1589 1711 1622 7.

320 1629 387 1662 καὶ
410 1627 493 1661 add.
523 1638 567 1660 ex
592 1627 633 1660 A.
784 1637 835 1659 ιι.
863 1628 1024 1662 εἰσιέναι
1050 1627 1091 1660 A.
1234 1637 1285 1659 12.
1313 1626 1477 1674 συγγενῆ
1505 1624 1621 1661 αὐτοῦ
1647 1624 1714 1662 οὖ-

324 1686 400 1712 σαν
425 1677 467 1718 A,
497 1680 678 1723 συγγενεῖ
703 1672 819 1709 αὐτοῦ
858 1673 954 1723 οὔσῃ
979 1674 1075 1720 vulg.
1224 1674 1385 1722 Χαὸιγᾶ
1408 1676 1460 1718 Α,
1484 1674 1641 1720 Χαδίχα
1681 1687 1713 1715 a,

319 1724 472 1760 Χαλίδα
498 1725 524 1757 f.
644 1725 807 1770 μίσθιον
832 1723 859 1756 Α
881 1723 904 1756 f.
1035 1726 1087 1768 ¹4·
1113 1723 1485 1772 παρρησιασάμενος
1507 1722 1715 1767 ὑπεισῆλθε

320 1775 361 1814 Α,
390 1775 761 1820 παρρησιασαμένου
797 1772 946 1815 εἰσῆλθε
980 1770 1100 1825 vulg.¹
1236 1772 1278 1804 16
1314 1776 1644 1819 συνανεστρέφεῐο
1674 1773 1714 1813 Α,

321 1832 524 1867 συνανετρ.
551 1821 646 1866 vulg.
776 1822 828 1856 18.
854 1823 919 1855 καὶ
953 1820 1039 1866 ἔσχε
1064 1832 1105 1856 ιο
1129 1819 1258 1859 πάθος
1284 1821 1347 1866 τῆς
1371 1823 1463 1858 ἐπιλ.
1492 1822 1535 1863 Λ,
1562 1822 1649 1867 ἔσχε
1674 1820 1716 1856 δὲ

320 1871 416 1906 noia.
444 1871 543 1906 ἐπιλ.
570 1870 668 1914 vulg.

226 2003 371 2038 videtur
399 2002 459 2037 hic
485 2003 531 2038 de
576 2004 654 2037 eius
699 2003 840 2047 origine
888 2002 1032 2048 aliquid
1067 2006 1242 2037 attexere.
1303 2004 1332 2037 is
1360 2014 1404 2036 ex
1433 2003 1714 2049 praeclarissima

225 2053 326 2086 tribu
358 2052 464 2086 duxit
505 2052 703 2097 originem,
731 2063 774 2085 ex
816 2052 967 2085 lsmaiile
1005 2051 1175 2084 nimirum
1210 2052 1286 2084 filio
1323 2050 1514 2085 Abraham.
1564 2052 1713 2085 Nizarus

226 2102 364 2147 quippe
389 2101 554 2134 Ismaelis
580 2111 762 2146 pronepos
788 2106 892 2147 pater
910 2101 1061 2133 istorum
1086 2099 1247 2134 omnium
1267 2099 1509 2145 praedicatur.
1532 2099 1592 2133 hic
1617 2100 1714 2134 filios

226 2150 318 2183 duos
346 2149 526 2194 suscepit,
554 2148 773 2182 Mundarum
809 2154 846 2182 et
882 2147 1064 2182 Arabiam.
1126 2160 1145 2181 e
1186 2147 1368 2181 Mundam
1401 2148 1579 2189 Curasus,
1614 2149 1714 2190 Isus,

224 2197 436 2232 Themimes
463 2202 501 2230 et
527 2196 677 2237 Asadus,
705 2203 742 2230 et
779 2197 956 2241 incogniti
987 2197 1049 2230 alii
1077 2201 1344 2242 processerunt.
1395 2196 1457 2230 isti
1483 2207 1607 2230 omnes
1632 2198 1714 2231 Ma-

225 2247 448 2280 dianitarum
485 2245 620 2278 deserti
660 2244 802 2277 incolae
830 2246 1042 2286 extiterunt,
1072 2249 1109 2278 et
1141 2245 1179 2277 in
1205 2244 1372 2277 tentoriis
1400 2243 1621 2287 habitantes,
1649 2257 1715 2292 per

225 2306 307 2328 eam
330 2293 513 2339 regionem
541 2299 703 2326 armenta
730 2293 941 2338 pascebant.
993 2299 1078 2340 sunt
1103 2293 1207 2326 etiam
1225 2293 1267 2325 iis
1295 2292 1485 2327 interiores
1513 2294 1558 2327 ab
1587 2305 1714 2328 eorum

223 2343 324 2378 tribu
346 2342 495 2376 omnino
519 2341 644 2382 alieni,
670 2343 791 2375 lectan
810 2341 981 2375 nimirum
1006 2341 1155 2388 posteri,
1183 2339 1272 2374 dicti
1289 2341 1494 2384 Amanitae,
1513 2342 1578 2389 qui
1604 2343 1714 2377 etiam

223 2391 435 2426 Homeritae
470 2395 658 2424 vocantur.
727 2389 875 2435 quidam
910 2401 995 2423 vero
1031 2401 1075 2422 ex
1107 2390 1158 2422 eis
1184 2400 1263 2422 cum
1300 2390 1448 2424 camelis
1475 2396 1713 2425 mercaturam

224 2445 407 2474 exercent.
457 2443 495 2472 at
519 2449 600 2471 cum
624 2443 841 2471 memoratus
856 2437 1029 2471 Muamed
1055 2436 1238 2483 orphanus
1266 2443 1303 2470 et
1334 2439 1385 2471 rei
1413 2439 1603 2473 familiaris
1629 2450 1714 2485 ege—

224 2494 354 2524 statem
379 2487 599 2527 sustineret,
629 2486 663 2519 ei
692 2486 810 2519 visum
847 2492 913 2527 est,
940 2486 986 2518 ad
1025 2486 1215 2519 mulierem
1242 2486 1423 2532 quandam
1450 2487 1588 2534 oppido
1615 2487 1715 2522 divi-

223 2544 298 2572 tem
320 2536 494 2582 gentilem
520 2546 618 2569 suam
643 2540 885 2579 cognomento
901 2533 1096 2579 Chadigam
1115 2545 1152 2567 se
1180 2534 1359 2576 conferre,
1387 2541 1426 2569 ut
1448 2547 1595 2582 operam
1611 2548 1713 2570 suam

223 2587 282 2620 illi
303 2586 450 2627 locaret,
469 2581 515 2618 ad
531 2583 689 2617 camelos
702 2582 915 2628 pascendos,
945 2588 1254 2629 mercaturamque
1275 2595 1318 2616 ex
1335 2584 1378 2616 iis
1397 2585 1435 2618 in
1450 2586 1652 2630 Aegyptum
1677 2590 1714 2619 et

223 2634 465 2669 Palaestinam
481 2637 676 2666 exerceret·
693 2631 869 2678 paulatim
879 2642 963 2665 vero
977 2631 1150 2664 liberiore
1166 2632 1244 2665 eius
1260 2638 1364 2666 utens
1380 2632 1659 2675 consuetudine,
1675 2639 1715 2667 ut

225 2689 304 2716 erat
317 2682 441 2724 vidua,
460 2681 554 2716 sein
580 2681 728 2725 gratiam
747 2679 825 2712 eius
841 2679 1050 2719 insinuavit,
1073 2678 1164 2712 adeo
1184 2685 1224 2713 ut
1247 2692 1395 2714 uxorem
1422 2682 1536 2727 ipsam
1558 2681 1714 2724 duxerit,

224 2733 378 2778 eiusque
394 2730 551 2764 camelos
565 2729 844 2775 universamque
861 2727 1103 2762 substantiam
1120 2728 1247 2762 fecerit
1262 2740 1373 2762 suam.
1390 2730 1574 2775 profectus
1592 2736 1713 2764 autem

224 2781 262 2814 in
290 2780 542 2820 Palaestinam,
559 2789 640 2812 cum
669 2776 814 2810 Iudaeis
841 2783 878 2810 et
897 2776 1111 2811 Christianis
1142 2777 1377 2819 versabatur,
1403 2784 1441 2811 et
1465 2777 1641 2825 quaedam
1667 2777 1713 2811 (le

224 2829 333 2863 sacris
355 2839 478 2863 eorum
498 2827 640 2876 scriptis
655 2831 807 2863 venatus
825 2831 891 2861 est.
918 2837 1027 2873 porro
1053 2837 1132 2860 cum
1151 2826 1276 2860 morbo
1298 2825 1474 2862 comitiali
1501 2826 1705 2871 laboraret5
