1768 3106
255 137 368 194 558
814 153 1163 217 THEOPHANIS

249 274 328 308 σας
358 255 496 311 αὐτόν,
528 260 680 300 κτείνει
710 256 849 299 αὐτόν.
879 257 1103 311 Ἀβιμέλεχ
1131 258 1178 299 δὲ
1206 254 1427 312 στρατεύει
1457 254 1564 298 κατὰ
1595 259 1720 300 Μου-

247 323 408 382 σάρου,
449 325 522 367 καί
561 323 732 380 νικήσας
762 327 910 366 κτείνει
938 323 1093 366 αὐτόν·
1165 323 1239 366 καί
1264 323 1444 376 ὑπέταξε
1474 325 1616 368 πᾶσαν
1644 325 1722 380 την

249 393 464 448 Περσίδα.

37 467 229 502 Δ.Μ.6ι8ι
363 457 506 518 Τούτῳ
546 463 604 517 τῷ
631 457 717 501 ἔτει
746 458 993 502 ἀπέστειλεν
1019 458 1252 514 Ἀβιμὲλεχ
1288 458 1396 502 κατὰ
1425 462 1505 502 τοῦ
1532 462 1722 514 Ζουμεῐρ

209 524 402 582 ΟΧαγοὶν
430 528 490 576 εἰς
520 526 567 568 τὸ
600 527 792 579 Μὰκκα,
821 527 895 567 καί
922 525 1070 568 κτείνει
1101 522 1232 568 αὕτόν
1263 527 1354 570 ἐκεῖ
1376 525 1399 570 ὅ
1424 527 1591 583 Χαγάν.
1653 530 1764 581 καί5

247 592 461 646 ὑποτάξας
480 596 540 652 τῷ
563 594 795 648 Ἀβιμέλεχ
839 591 915 649 τήν
941 590 1090 650 χώραν
1116 595 1195 637 τοῦ
1221 593 1378 650 Χαγάν
1402 596 1727 650 ἐναντιουμένην

250 663 389 719 αὐτῷ,
423 663 624 717 ἐνέπρησε
647 660 718 703 τὸν
748 657 860 703 οἶκον
885 662 962 704 τοῦ
993 661 1172 704 εἰδώλου
1211 662 1344 705 αὐτοῦ
1374 661 1454 706 σύν
1482 664 1539 722 τῷ
1566 660 1725 721 εἰδώλῳ

249 732 322 785 τῆς
355 730 686 784 σεβασμιότητος
715 728 879 772 αὐτῶν·
938 730 993 771 δι’
1020 725 1073 784 ἢν
1104 730 1245 773 αἰτίαν
1273 728 1348 773 τὸν
1363 729 1517 785 Χαγοὶν
1545 747 1728 786 στρατη-

249 797 323 852 γὸν
349 799 423 852 τῆς
451 798 670 853 Περσίδος
698 795 968 851 προεβάλετο.
1043 798 1118 839 καί
1148 795 1334 854 ὑπετάγη
1362 803 1419 856 τῷ
1443 798 1672 853 Ἀβιμέλεχ
1701 797 1725 853 ἡ

250 867 416 919 Περσίς
446 866 520 906 καί
545 863 902 919 ἢΜεσοποταμία
931 865 1006 906 καί
1035 863 1061 920 ἦ
1091 864 1256 920 μεγάλη
1282 866 1467 921 Ἀραβία
1494 869 1570 909 τοῦ
1594 865 1768 922 'impl-1,

248 935 351 986 βου·
412 932 488 973 καί
515 930 554 974 οἱ
586 931 791 988 ἐμφύλιοι
822 930 1001 985 πόλεμοι
1031 930 1178 974 αὐτῶν
1206 930 1413 975 ἔπαυσαν.

38 1013 237 1048 A.M.6182
370 996 516 1058 Τούτῳ
544 1001 602 1058 τῷ
631 996 715 1040 ἔτει
745 1000 862 1049 τέλος
890 996 1016 1054 ἔσχεν
1044 1001 1118 1042 καί
1142 999 1391 1055 α’παλλαγὴν
1420 1000 1579 1051 παντὸς
1607 1004 1730 1043 πολέ.

208 1076 336 1122 ὀμου
369 1066 394 1123 ἡ
422 1068 505 1110 τῶν
534 1064 729 1123 Ἀράβων
761 1064 874 1122 α’ρχή
892 1082 904 1094 -
973 1067 1048 1109 καί
1074 1067 1319 1124 εἰρήνευσεν
1347 1068 1586 1125 Ἀβιμέλεχ,
1619 1069 1728 1111 ὑπο..

252 1134 381 1187 τάξας
410 1134 582 1184 πάντας.
844 1127 846 1129 ’

369 1199 511 1261 Τούτῳ
539 1204 597 1261 τῷ
626 1199 712 1244 ἔτει
741 1199 819 1257 τήν
847 1201 954 1258 πρὸς
982 1203 1210 1258 Ἀβιμέλεχ
1240 1201 1407 1259 εἰρήνην
1432 1203 1760 1256 Ἰουστινιανόςι

249 1272 294 1323 ἐξ
323 1271 466 1319 ἀνοίας
497 1267 668 1312 ἔλυσεν·
728 1269 802 1312 καί
828 1268 910 1327 γάρ
937 1268 1015 1325 την
1051 1269 1260 1324 Κυπρίων
1300 1266 1428 1327 νῆσον
1463 1270 1627 1327 οἰλόγως
1654 1289 1729 1325 με-

249 1339 447 1394 τοικῆσαι
476 1334 762 1394 ἐσπούδασεν,
802 1339 879 1381 καί
904 1332 950 1381 τὸ
985 1340 1137 1381 σταλὲν
1178 1336 1384 1394 χάραγμα
1413 1337 1528 1395 παρὰ
1559 1339 1731 1394 Ἀβιμέ-

250 1411 326 1460 λεχ
353 1408 557 1462 νεοφανὲς
588 1400 635 1447 ὂν
657 1405 732 1448 καί
758 1406 971 1462 μηδέποτε
999 1405 1165 1462 γεγονὸς
1197 1407 1245 1448 οὐ
1267 1408 1564 1462 προσεδέξατο.
1623 1410 1732 1463 πλῆ-

251 1476 328 1524 θος
363 1475 410 1516 δὲ
440 1472 652 1529 Κυπρίων
679 1472 906 1530 περώντων
931 1473 1253 1531 κατεποντίσθη,
1284 1476 1359 1517 κατ’
1384 1470 1469 1518 oin«)
1489 1474 1732 1532 ἀρρωστίας

347 1613 380 1646 5.
407 1606 448 1646 τὸ
466 1610 606 1646 Μάκκα
635 1612 676 1651 Α,
701 1606 769 1647 τὸν
786 1609 904 1647 ’Ἀκκα
929 1610 1028 1656 vulg.
1134 1613 1186 1645 13.
1213 1609 1289 1648 τῶν
1313 1611 1397 1646 add.
1424 1622 1468 1646 ex
1494 1612 1536 1646 Δ.
1633 1611 1731 1649 ὑπο-

346 1659 460 1700 τάξας
483 1659 630 1699 πάντας
653 1660 692 1701 Α,
721 1658 785 1695 ὑπ.
808 1662 872 1694 καὶ
898 1658 1119 1707 εἰρηνεὺσας
1142 1659 1291 1700 πάντας
1314 1660 1412 1706 vulg.

253 1776 372 1821 sugam
399 1774 572 1820 arripere,
598 1780 635 1808 et
660 1773 699 1808 in
720 1774 859 1819 Syriam
899 1786 937 1809 se
966 1775 1128 1821 recipere
1153 1776 1294 1821 coegit,
1337 1788 1492 1823 eumque
1518 1775 1665 1811 tandem
1693 1777 1732 1812 in

252 1825 384 1857 itinere
410 1828 643 1869 praevertens
660 1848 670 1864 ,
707 1834 726 1856 e
750 1822 871 1856 medio
898 1824 1057 1857 sustulit.
1106 1823 1317 1858 Abimelech
1343 1836 1428 1859 vero
1454 1824 1624 1859 adversus
1648 1826 1731 1859 Mu-

251 1884 370 1906 sarum
401 1871 635 1918 expeditione
662 1876 828 1917 suscepta
873 1877 910 1905 et
933 1872 1084 1906 victoria
1120 1874 1282 1918 potitus,
1309 1872 1450 1907 hostem
1477 1874 1560 1908 neci
1585 1873 1667 1915 dat,
1695 1879 1733 1907 et

253 1921 459 1954 universam
484 1919 667 1953 Persidem
694 1930 758 1952 suo
786 1919 959 1964 subiugat
982 1921 1146 1966 imperio.

64 1984 92 2018 Α
117 1984 142 2018 C
167 1985 232 2018 63¹
343 1968 420 2002 Hoc
443 1979 538 2002 anno
565 1967 780 2002 Abimelech
804 1968 904 2001 misit
929 1967 1073 2013 Chagan
1101 1969 1140 2002 in
1153 1969 1275 2003 Macen
1300 1968 1468 2003 adversus
1493 1969 1612 2002 Zumir
1634 1979 1732 2002 arma

98 2011 103 2016 ¹
148 2009 155 2016 ⁶
252 2021 447 2050 moturum.
499 2015 645 2061 Chagan
672 2022 792 2050 autem
829 2017 950 2050 Zumir
978 2016 1113 2058 deleto,
1148 2017 1368 2063 provinciam
1395 2016 1539 2062 Chagan
1566 2017 1634 2062 ipsi
1658 2017 1733 2050 ini-

250 2064 379 2097 micam
407 2064 472 2098 sub
501 2063 713 2098 Abimelech
752 2070 970 2110 potestatem
1005 2064 1167 2110 redegit,
1203 2071 1240 2099 et
1264 2065 1357 2099 idoli
1389 2065 1467 2099 eius
1497 2064 1623 2098 aedem
1649 2066 1732 2111 igne

250 2111 450 2153 succendit,
477 2112 542 2145 sed
571 2118 607 2146 et
635 2111 775 2146 idolum
796 2124 932 2148 summa
955 2114 1130 2158 religione
1149 2113 1193 2146 ab
1220 2114 1271 2147 eis
1291 2114 1430 2147 cultum
1449 2113 1616 2147 extinxit.
1654 2125 1732 2147 eam

252 2159 300 2194 ob
329 2171 404 2194 rem
429 2159 641 2194 Abimelech
668 2160 813 2205 Chugan
838 2161 977 2195 Persiae
1005 2161 1132 2195 ducem
1162 2162 1344 2203 instituit,
1383 2166 1494 2207 atque
1519 2162 1572 2194 ita
1601 2162 1732 2203 Persia,

252 2209 529 2254 Mesopotamia,
556 2220 686 2253 magna
711 2208 865 2250 Arabia,
891 2220 984 2255 quae
1022 2209 1188 2250 Edu-ibi,
1212 2208 1425 2243 Abimelech
1461 2210 1615 2254 imperio
1643 2210 1732 2243 sub-

252 2262 476 2298 sternuntur,
504 2257 698 2303 omniaque
724 2258 820 2290 inter
835 2257 970 2291 Arabes
992 2259 1101 2291 variis
1127 2257 1308 2291 aetatibus
1327 2257 1462 2302 agitata
1488 2257 1587 2292 bella
1611 2259 1732 2292 civilia

254 2316 452 2339 cessavere.

66 2367 242 2402 *4101682
313 2368 318 2374 ¹
350 2353 428 2386 Hoc
451 2363 546 2386 anno
580 2351 813 2385 dissidiorum
849 2353 957 2387 finem
983 2359 1021 2388 et
1048 2353 1265 2399 praeliorum
1298 2354 1457 2387 omnium
1485 2354 1619 2387 exitum
1646 2355 1734 2388 Arn-

254 2400 343 2435 bum
366 2400 592 2446 principatus
618 2399 791 2434 obtinuit.
851 2406 888 2434 et
914 2412 993 2434 cum
1033 2401 1194 2447 reliquos
1219 2401 1402 2447 principes
1428 2413 1494 2435 suo
1521 2402 1734 2436 subiecisset

256 2450 409 2495 imperio
449 2454 486 2482 et
510 2448 666 2494 populos
691 2449 730 2481 in
754 2459 844 2494 pace
870 2451 1123 2491 continuisset,
1153 2450 1231 2495 ipse
1255 2449 1466 2484 Abimelech
1495 2461 1621 2496 pacem
1646 2462 1733 2496 pro-

256 2498 361 2544 sequi
388 2496 540 2531 studuit.

351 2547 428 2579 Hoc
452 2555 547 2578 anno
573 2544 810 2590 compositam
838 2555 922 2577 cum
943 2543 1155 2578 Abimelech
1190 2556 1317 2590 pacem
1346 2557 1390 2580 ex
1412 2548 1521 2580 animi
1549 2545 1733 2579 dementia

256 2594 478 2627 Iustinianus
505 2592 624 2626 solvit.
676 2592 784 2637 Cypri
810 2592 946 2638 quippe
971 2592 1110 2625 incolas
1141 2593 1178 2625 in
1205 2594 1310 2627 aliam
1339 2596 1520 2640 regionem
1548 2599 1734 2639 transpor-

254 2648 330 2674 tare
351 2640 490 2679 -stolide
515 2639 691 2686 nulloque
728 2651 814 2672 sano
849 2639 1002 2673 consilio
1028 2640 1223 2675 meditatus
1262 2649 1327 2683 est,
1352 2653 1594 2688 nummosque
1619 2642 1733 2686 figura

255 2695 421 2723 recenter
450 2688 652 2733 excogitata
683 2694 720 2721 et
743 2687 916 2721 hactenus
942 2689 1089 2723 omniuo
1126 2700 1201 2722 non
1228 2691 1304 2724 visa
1329 2691 1373 2723 ab
1402 2689 1610 2725 Abimelech
1640 2701 1731 2723 con-

251 2737 359 2771 flatos
385 2743 422 2771 et
458 2738 497 2770 in
523 2737 679 2782 vectigal
703 2737 829 2769 missos
864 2736 1056 2770 admittere
1083 2738 1272 2772 recusavit.
1336 2738 1547 2785 Cypriorum
1575 2737 1731 2772 subinde

253 2784 452 2820 multitudo
476 2786 626 2830 ingens,
649 2796 729 2818 cum
752 2795 851 2819 mare
874 2785 1082 2827 traiiceret,
1120 2785 1302 2820 submersa
1327 2792 1398 2830 est,
1428 2799 1509 2834 pars
1538 2787 1647 2821 etiam
1673 2787 1730 2819 in-
