1708 3172
518 192 865 234 THEOPHANJS
901 194 1047 234 VITA.
1406 196 1518 235 xvn

55 291 160 341 μίαν
188 288 479 346 προκειζιιενος,
505 293 580 333 καί
603 293 677 346 τῆς
697 291 897 348 μητρῴας
922 290 1076 347 νηδυός
1093 290 1343 344 ἐκβάλλεται
1372 291 1522 346 ἀστέρι

56 357 252 414 ὀπωρινῷ
282 357 511 411 ἐναλίγκιος
528 392 539 413 ,
567 357 645 413 τήν
672 359 746 412 τῆς
770 360 916 413 ψυχῆς
943 357 1180 414 ὥραιότητα
1211 361 1263 415 τῇ
1290 354 1521 418 εὖπρεπείᾳ

55 425 392 478 καθυποφαίνων
417 424 496 465 τοῦ
521 418 727 477 σώματος.
797 426 851 466 ου’
888 424 971 479 γὰρ
997 427 1117 483 ἐῴκει
1145 424 1301 479 α’νὸρὸς
1322 428 1522 480 γεννητοῦ

55 495 155 538 παῖς
182 490 385 545 ἐμμέναι,
414 488 519 531 dno}
551 493 690 547 θεοῖο,
735 492 783 533 ἐκ
822 491 991 546 μήτρας
1031 491 1282 546 ἧγιασμένος
1310 491 1417 534 κατα
1446 491 1520 535 τὸν

17 553 272 611 5προφήτην
295 556 513 611 Ἰερεμίαν,
543 558 617 598 καί
642 561 749 601 πᾶσι
776 562 919 607 καλοῖς
947 558 1139 614 ἀρχῆθεν
1162 560 1294 615 μεχρί
1321 562 1418 613 βίον
1445 561 1521 601 δυ-

51 622 171 675 σμῶν
200 619 529 675 ἐλλαμπόμενος.

156 687 274 731 Ἀλλ’
303 685 325 730 ὅ
354 691 435 742 μὲν
466 691 617 732 τούτου
645 692 814 747 γενέτης
840 693 900 750 τῷ
935 692 1080 750 χωρίῳ
1104 694 1187 734 τῶν
1216 693 1355 734 κακῶν
1373 691 1517 748 βραχύ

47 754 304 811 προσβιούς,
332 755 483 806 αὐταῖς
514 757 706 813 φροντίσι
746 758 823 799 καί
849 762 1078 815 στρατηγίᾳ
1113 760 1239 801 τοῦτο
1270 757 1416 815 λιπών,
1446 758 1521 814 τὴν

49 819 286 877 ὡρισμένην
308 821 475 877 ὑπῆλθε
502 825 633 866 πᾶσιν
652 824 906 882 ἀποδημίαν,
936 827 1126 880 τριετοῦς
1154 820 1234 882 ἤδη
1264 829 1342 868 τοῦ
1366 825 1521 875 παιδὸς

0 888 338 943 [οτυγχάνοντος.
370 888 401 944 ἢ
430 890 478 931 δὲ
478 921 816 934 ........
928 904 931 910 ·

155 959 176 978 *
213 958 374 998 Τοῦτον
417 957 578 1012 ἐκείνην
614 957 863 1010 ἐξεικόνιζον
902 958 1131 1013 ἁρμονίαν,
1170 959 1215 1001 ἐν
1243 952 1272 1016 ᾗ
1300 961 1450 1009 παῖδες
1478 958 1519 1001 οἱ

46 1028 158 1079 τρεῖς
184 1021 295 1076 μετὰ
322 1025 396 1077 τῆς
423 1023 632 1078 ἁρμονίας
663 1027 744 1066 τοῦ
771 1028 1025 1079 τυραννικοῦ
1042 1024 1363 1080 προστάγματος
1389 1043 1519 1069 κατα-

45 1087 323 1145 πτύσσαντες,
354 1091 398 1132 ἐν
426 1092 541 1148 με’σῳ
583 1092 763 1144 καμίνου
802 1090 957 1147 φλογὸς
995 1089 1070 1134 τὸν
1109 1092 1370 1147 παγκόσμιον
1399 1088 1520 1136 αἶνον

45 1158 104 1213 τῷ
127 1154 330 1198 σεσωκότι
355 1157 633 1212 προσήγαγον.
707 1158 857 1208 πάντες
904 1161 951 1201 δὲ
986 1157 1094 1214 πρὸς
1128 1158 1175 1201 τὸ
1216 1162 1410 1214 θυμῆρες
1446 1159 1520 1202 καί

9 1224 33 1264 5
47 1222 232 1278 φαιδρὸν
251 1224 476 1279 α’νειμένοι,
495 1223 570 1279 τήν
593 1225 880 1278 ἐπιθαλάμιον
901 1227 1060 1281 ἐκείνην
1085 1224 1388 1282 ἐπανηγύριζον
1408 1227 1518 1268 ειῖω-

41 1293 157 1346 χιάν,
187 1290 279 1332 ἄλλ’
306 1291 384 1331 οὐκ
411 1285 598 1345 ἤμβλυνε
639 1294 776 1334 ταῦτα
817 1294 915 1333 νοῦν
944 1298 1032 1342 τοῖς
1060 1294 1194 1342 θείοις
1222 1295 1516 1346 ἐμμελετῶντα

44 1359 119 1399 καί
144 1355 221 1412 τήν
250 1359 493 1412 προσοῦσαν
529 1356 734 1411 πρόθεσιν
760 1355 962 1409 ἐξανύσαι
1006 1359 1384 1411 διασπουδάζοντα.
1441 1375 1515 1400 νυ-

42 1425 141 1474 κτὸς
182 1421 236 1479 δὴ
272 1426 330 1481 τῷ
355 1427 523 1466 κοιτῶνι
564 1426 616 1482 τῇ
644 1428 812 1484 συμβίῳ
852 1422 944 1479 ἅμα
984 1427 1314 1480 προσορμισθείς
1341 1425 1414 1468 ἐπὶ
1439 1428 1514 1481 τῆς

42 1492 183 1547 κλίνης
212 1491 634 1548 παρακαθισάμενος,
672 1489 766 1542 ὅλος
794 1508 841 1534 τε
884 1495 966 1535 τῶν
1005 1495 1134 1536 θείων
1158 1494 1388 1548 γενόμενος,
1417 1509 1513 1536 στε-

0 1560 185 1616 ,οναγμῷ
211 1556 258 1600 τὸ
286 1556 445 1612 προσόν
471 1561 524 1615 τῇ
554 1562 676 1616 ’ψυχῇ
708 1558 847 1608 πάθος
886 1558 1201 1615 ὑποσημαίνων,
1234 1562 1408 1603 τοιῶνδε
1437 1560 1513 1602 λό-

40 1641 126 1679 γων
167 1623 434 1679 α’ποὶρχεται·
503 1625 525 1666 ὁ
553 1628 633 1679 μὲν
660 1625 808 1680 παρών
834 1627 948 1679 βίος,
986 1623 1021 1668 αἶ
1055 1625 1203 1683 γύναι,
1238 1625 1425 1683 βραχύς,
1453 1626 1512 1677 ὥς

40 1694 171 1734 πᾶσιν
197 1687 399 1749 εὔδηλον,
439 1691 514 1734 καί
547 1692 700 1751 α’δηλίᾳ
727 1693 804 1735 τοῦ
828 1694 1053 1746 μέλλοντος
1088 1697 1228 1735 τέλεον
1256 1697 1510 1749 κεκρατημέ-

138 1827 191 1849 ιο.
217 1815 358 1849 Desunt
382 1815 508 1855 multa,
537 1821 577 1848 ut
604 1821 641 1849 et
665 1816 702 1849 iu
716 1816 906 1862 Lipomani
927 1816 1017 1850 cod.
1045 1828 1152 1863 quem
1179 1819 1294 1863 ipsum
1319 1818 1414 1852 hunc
1428 1820 1508 1853 Ve-

130 1868 256 1897 netum
288 1863 465 1904 arbitror,
500 1864 600 1896 cuius
634 1863 881 1910 apographum
916 1870 1158 1910 repraesento.
1200 1866 1300 1911 (Not.
1325 1866 1382 1899 ed.
1410 1868 1504 1915 Par.)

136 1923 145 1944 ι
154 1911 187 1944 5.
215 1911 378 1956 ἔνωχίαν
403 1911 480 1945 Par.

36 2026 235 2060 autumnali
269 2026 396 2060 stellae
436 2026 655 2072 persimilis,
690 2026 823 2060 eximia
856 2027 1017 2072 corporis
1047 2026 1342 2072 pulchritudine,
1377 2039 1503 2074 parem

36 2075 145 2107 animi
172 2080 397 2108 venustatem
434 2074 502 2108 sub
531 2074 694 2108 obscuris
718 2074 861 2107 indiciis
894 2074 1087 2120 prodebat.
1137 2086 1256 2121 neque
1285 2076 1381 2108 enim
1407 2088 1504 2109 mor-

34 2122 118 2155 talis
145 2122 313 2162 hominis,
339 2122 404 2156 sed
429 2122 489 2155 dei
516 2122 613 2155 filius
643 2133 721 2155 esse
747 2121 960 2163 videbatur,
985 2133 1029 2155 ex
1060 2123 1183 2156 matris
1212 2128 1316 2156 utero
1343 2124 1381 2157 in
1405 2125 1504 2158 Iere-

33 2170 126 2202 miae
150 2169 351 2215 prophetae
374 2181 510 2203 morem
537 2170 793 2210 sanctificatus,
818 2176 856 2203 et
877 2171 948 2203 iam
965 2169 1052 2203 inde
1080 2169 1126 2203 ab
1153 2171 1233 2215 ipso
1259 2176 1340 2203 ortu
1365 2170 1411 2204 ad
1436 2183 1502 2205 ex-

32 2222 185 2251 tremum
211 2229 327 2263 usque
352 2219 450 2252 vitae
473 2218 581 2251 finem
617 2217 811 2251 virtutibus
835 2216 1004 2251 omnibus
1031 2217 1182 2251 illustris
1207 2229 1248 2251 ac
1276 2219 1404 2252 clarus.

126 2267 174 2299 At
197 2270 302 2310 pater
323 2266 448 2311 ipsius,
478 2277 557 2298 cum
587 2265 716 2310 exiguo
743 2266 917 2310 temporis
949 2265 1065 2310 spatio
1089 2266 1128 2298 in
1152 2265 1327 2299 malorum
1347 2265 1415 2299 hac
1439 2277 1501 2299 re·

33 2312 140 2356 gione
167 2313 277 2346 vitam
302 2313 541 2359 produxisset,
568 2323 610 2345 ea
634 2324 715 2346 cum
738 2313 831 2346 curis
855 2318 964 2358 atque
980 2312 1207 2358 praefectura
1232 2313 1370 2354 relicta,
1392 2325 1501 2360 prae-

31 2360 157 2394 finitae
182 2362 318 2394 cunctis
351 2360 656 2406 peregrinationis
690 2361 885 2394 terminum
911 2359 1077 2402 absolvit,
1113 2371 1193 2393 cum
1221 2361 1294 2394 iam
1316 2372 1408 2407 puer
1431 2362 1499 2395 tri-

31 2408 149 2441 mulus
177 2414 283 2442 esset.
334 2414 448 2443 mater
472 2414 591 2442 autem
620 2433 629 2441 .
659 2431 667 2440 .
696 2433 704 2440 .
734 2433 742 2441 .
1354 2442 1358 2444 ,

125 2455 223 2488 Illud
249 2457 427 2490 canticum
452 2460 729 2501 expresserunt,
755 2466 828 2502 quo
861 2460 934 2489 tres
958 2454 1087 2500 pueri,
1113 2458 1324 2500 contempto
1352 2456 1497 2499 tyranni

32 2502 154 2543 iussu,
184 2504 224 2537 in
258 2503 379 2537 medio
417 2504 548 2537 camini
575 2503 734 2536 ardentis
769 2508 985 2536 servatorem
1011 2500 1276 2536 collaudatum.
1326 2502 1391 2536 sed
1416 2515 1497 2536 cum

32 2561 155 2583 omnes
171 2550 217 2584 ad
234 2549 468 2592 hilaritatem,
491 2551 741 2596 laetitiamque
758 2550 911 2596 profusi,
939 2551 1147 2595 nuptiarum
1164 2549 1369 2583 convivium
1396 2551 1496 2583 cele-

29 2596 199 2639 brarent,
223 2609 324 2632 mens
350 2604 470 2632 tamen
496 2598 595 2633 illius
623 2597 717 2631 nihil
741 2597 797 2632 his
822 2598 952 2632 obtusa
980 2603 1046 2638 est,
1069 2608 1164 2642 quae
1193 2596 1314 2630 divina
1342 2597 1496 2631 medita-

31 2650 140 2684 retur,
169 2646 354 2692 animique
378 2646 601 2692 propositum
630 2645 778 2691 explere
807 2651 966 2692 cuperet.
1026 2656 1107 2678 cum
1129 2645 1202 2677 iam
1225 2644 1350 2690 itaque
1377 2656 1493 2690 appe-

28 2697 132 2724 iente
155 2698 262 2727 nocte
285 2704 364 2727 cum
391 2705 524 2739 sponsa
559 2692 717 2727 cubiculi
755 2699 892 2727 secreta
917 2693 1096 2738 petiisset,
1118 2703 1159 2724 ac
1183 2692 1278 2724 lecto
1302 2691 1491 2735 assideret,

30 2744 185 2786 totoque
223 2741 342 2774 animo
381 2753 437 2775 res
477 2741 617 2775 divinas
664 2741 834 2785 agitaret,
874 2741 1028 2786 suspirio
1065 2738 1227 2772 indicans
1271 2738 1490 2774 desiderium

31 2798 155 2829 suum,
189 2788 240 2821 sic
264 2799 340 2821 eam
377 2789 516 2835 alloqui
546 2799 728 2834 aggressus
752 2794 825 2823 est:
860 2788 955 2822 vitae
991 2787 1234 2827 curriculum,
1270 2787 1419 2830 coniux,
1446 2793 1489 2821 ut

1191 2854 1227 2869 *oe

111 2857 342 2902 Theophanis
373 2858 468 2892 Vita.
