1768 3106
286 126 319 183 3
335 128 400 185 18
419 193 422 195 Α
858 149 1207 192 THEOPHAle

279 249 339 306 μή
371 247 417 291 τὸ
448 248 574 305 τάχος
604 248 643 292 οἱ
673 250 907 308 δορυφόροι
926 251 1192 309 φραξάμενοι
1222 249 1376 308 ἔφερον
1395 251 1534 309 ἵππον,
1563 253 1636 298 κατ’
1663 257 1760 298 τοῦ·

278 332 351 359 τον
378 318 643 371 ἐνεβίβασαν.
685 320 908 372 τρέπονται
935 323 1078 363 τοίνυν
1104 318 1144 362 οἱ
1175 321 1462 375 στρατιῶται,
1492 323 1566 365 καί
1594 321 1617 364 ὅ
1654 322 1758 375 Τζό-

276 384 378 436 τζας
410 386 453 426 ὲν
481 386 538 443 τῷ
568 384 739 444 θορύβῳ
770 387 908 446 τούτῳ
939 387 1020 430 συν
1051 386 1204 441 ὀλίγοις
1234 388 1461 443 διαφυγεῖν
1489 387 1678 444 ἴσχυσεν.
1735 392 1758 434 ὁ

275 453 323 494 δὲ
351 450 572 507 Γερμανὸς
614 459 699 503 τοῖς
739 454 848 510 ἄμφ’
881 454 1013 497 αύτὸν
1045 453 1410 510 ἐγκελευσάμενος,
1444 454 1579 507 εὐθυς
1609 458 1679 502 ἐπὶ
1708 458 1753 502 τὸ

273 517 562 575 στρατόπεδον
600 522 684 562 τῶν
728 522 941 573 πολεμίων
983 519 1210 578 ω’ρμησεν,
1258 539 1326 564 και
1357 525 1482 566 τοῦτο
1512 529 1754 582 παρέλαβεν

273 588 458 645 πολέμῳ.
514 589 706 630 ἐνταῦθα
735 590 782 630 δὲ
811 587 860 631 τὰ
893 587 1099 644 χρήματα
1129 588 1166 632 οἱ
1188 592 1447 645 στρατιῶται
1474 587 1619 636 ούδενι
1645 593 1753 653 λόγω

277 651 557 709 ἁρπάζοντες,
585 657 664 696 τοῦ
696 659 935 711 στρατηγοῦ
966 655 1086 712 λόγον
1123 658 1198 699 ούκ
1228 659 1458 701 ἐποιοῦντο.
1518 658 1672 716 νοήσας
1706 664 1754 705 ὸὲ

134 722 177 759 V·
198 722 297 768 ¹396
318 725 358 764 Ι
355 723 549 778 ερμανός,
579 721 639 778 μή
672 725 1047 780 συμφρονήσαντες
1078 724 1117 766 οἱ
1138 725 1332 779 πολέμιοι
1358 728 1422 768 ἐπ’
1453 726 1587 770 αὐτὸν
1615 727 1752 782 ἴωσιν,

232 790 418 833 Βῖστατο
450 787 725 845 ὀδυρόμενος,
773 790 848 832 καί
874 793 982 847 πρὸς
1010 791 1239 845 εὐκοσμίαν
1269 794 1442 843 τούτους
1477 799 1750 850 παρακαλῶν.

272 857 310 900 οἱ
341 859 387 900 δὲ
406 855 686 914 ΙΙἸαυρούσιοι
705 857 782 914 τὴν
801 858 959 914 τροπήν
980 859 1239 914 θεασάμενοι
1259 860 1363 903 κατὰ
1384 865 1467 905 τῶν
1483 865 1751 907 στασιαστῶν

270 923 491 981 ὥρμησαν,
522 927 595 967 καί
626 923 805 977 τούτους
830 928 1004 969 ἐδίωκον
1026 926 1106 971 σύν
1140 930 1199 986 τῷ
1229 931 1306 971 τοῦ
1328 932 1539 984 βασιλέως
1569 934 1748 990 στρατῷ.

279 995 467 1046 Τζότζας
490 994 535 1035 δὲ
559 1009 605 1035 το
624 991 788 1049 &donoc
803 996 863 1043 εἰς
881 995 1041 1045 αὐτους
1068 993 1190 1052 ε’χων,
1212 993 1412 1053 εωρακώς
1433 995 1486 1040 τά
1512 998 1586 1041 υη’
1609 999 1752 1042 αὐτῶν

268 1059 471 1116 γενόμενα
497 1057 604 1114 μετά
631 1057 781 1104 εκατὸν
813 1064 874 1113 εἰς
910 1062 1052 1120 φυγήν
1072 1063 1247 1120 ετράπη,
1276 1067 1347 1106 καί
1365 1081 1424 1115 εις
1442 1066 1750 1122 Μαυριτανίαν

267 1127 344 1185 τὴν
361 1129 628 1184 ἐνδοτέραν
606 1126 836 1185 εχώρησεν,
855 1147 926 1173 και
947 1128 972 1186 ἡ
992 1128 1137 1181 στάσις
1157 1134 1202 1174 ἐν
1220 1130 1388 1183 τούτοις
1406 1131 1614 1176 ἐτελεύτα.
1642 1137 1748 1190 Γερ-

263 1194 402 1250 μανὸν
431 1198 478 1240 δὲ
506 1194 586 1239 σύν
621 1199 819 1255 Λομνίκιο
843 1197 977 1242 καί
944 1198 1166 1258 Συμμάχω
1209 1200 1596 1255 μεταπεμψάμενος
1617 1199 1639 1243 ὅ
1668 1206 1768 1257 βοε-4

263 1263 410 1315 σιλευς
445 1265 504 1314 εἰς
535 1261 799 1319 Βυζάντιον,
839 1268 1060 1320 Σολομῶνι
1097 1268 1222 1310 πάλιν
1251 1266 1305 1310 τὰ
1334 1270 1411 1323 τῆς
1440 1267 1611 1325 Λιβύης
1637 1269 1747 1324 προί-

265 1349 408 1387 γματα
439 1333 684 1387 ἐνεχείρισε,
717 1335 1087 1389 (τρισκαιδέκατον
1120 1337 1166 1377 δὲ
1194 1334 1287 1384 ἑτος
1314 1330 1365 1390 ἦν
1382 1338 1511 1379 τοῦτο
1539 1337 1615 1392 τῆς
1644 1339 1747 1380 Ἰου-

223 1400 481 1444 (Σστινιανοῦ
506 1401 747 1456 βασιλείας)
779 1399 1102 1456 παρασχόμενος
1131 1402 1244 1461 αύτῷ
1273 1397 1486 1458 ἄρχοντάς
1513 1420 1559 1446 τε
1591 1399 1748 1455 ἄλλους

262 1467 338 1510 καί
358 1467 585 1525 Ῥουφῖνον
614 1470 686 1510 καί
716 1465 922 1511 Λεόντιον
949 1472 1023 1512 καί
1056 1468 1251 1526 Ἰωάννην
1290 1468 1362 1512 τὸν
1392 1472 1604 1514 Σισιννίου
1633 1471 1743 1515 υἱόν.

356 1629 390 1651 2.
421 1617 645 1663 ἐνεβίβασαν
670 1618 718 1659 A,
744 1617 843 1662 ἄνεβ.
873 1618 968 1664 vulg.
1116 1619 1149 1651 3
1171 1618 1289 1666 τούτῳ
1325 1630 1397 1656 συν
1423 1617 1566 1667 ὀλίγοις
1589 1620 1642 1664 A,
1672 1617 1743 1658 σὺν

357 1666 496 1714 ὀλιγων
521 1666 620 1711 vulg.
744 1668 901 1711 ἴσχυσεν
925 1668 967 1708 A,
994 1666 1155 1712 ἰσχύσας
1179 1668 1273 1749 vulgi
1418 1679 1470 1701 10.
1498 1670 1743 1706 στασιαστῶν

354 1715 397 1753 A,
425 1713 718 1750 στασιασάντων
736 1725 770 1755 e,
796 1715 1039 1763 στρατιωτῶν
1065 1715 1162 1760 vulg.
1307 1714 1384 1751 ,δὲ
1407 1715 1740 1752 add.exA.18.

356 1760 457 1811 αὐτῷ
485 1764 526 1806 Α,
556 1758 669 1802 αὐτὸς
695 1762 792 1808 vulg.

261 1906 359 1953 piam
384 1906 580 1940 interfecit.
630 1906 832 1940 Germanus
859 1906 898 1939 in
924 1911 1057 1940 terram
1080 1917 1254 1953 praeceps
1279 1910 1380 1940 actus
1404 1907 1573 1942 ultimum
1597 1909 1740 1954 pericu·

263 1956 340 1989 lum
364 1954 547 1995 subiisset,
572 1954 643 1988 nisi
669 1955 847 1988 satellites
875 1956 985 1988 armis
1013 1954 1258 2001 undequaque
1283 1954 1474 1996 vallantes,
1501 1967 1596 2002 equo
1622 1968 1740 2003 quan-

267 2004 386 2037 tocius
423 2002 595 2043 adducto,
624 2013 706 2036 eum
733 2014 857 2036 rursus
886 2003 1130 2037 sustulissent.
1192 2008 1382 2036 vertuntur
1405 2004 1531 2049 itaque
1556 2005 1596 2038 in
1620 2006 1738 2050 lugam

263 2051 332 2084 adv
324 2051 402 2084 ersi
427 2051 577 2092 milites,
601 2050 736 2096 vixque
762 2051 915 2084 Tzotzas
950 2051 989 2084 in
1013 2057 1116 2085 tanto
1143 2050 1301 2084 tumultu
1330 2062 1409 2084 cum
1437 2052 1561 2097 paucis
1586 2064 1625 2086 se
1653 2054 1738 2098 iuga

263 2099 445 2144 surripere
470 2099 597 2132 valuit.
662 2109 774 2153 porro
804 2099 1005 2132 Germanus
1032 2100 1089 2133 115.
1117 2099 1223 2144 quia
1248 2109 1285 2131 se
1323 2098 1472 2144 propius
1506 2099 1669 2143 aberant,
1698 2108 1739 2135 ut

263 2152 360 2180 recta
386 2147 424 2179 in
448 2146 609 2179 hostium
632 2151 746 2180 castra
764 2146 956 2188 irruerent,
975 2147 1172 2192 praecepit,
1199 2156 1316 2191 eaque
1333 2152 1417 2192 post
1442 2154 1642 2193 reparatam
1666 2161 1738 2196 pu-

264 2206 370 2240 gnam
396 2194 568 2228 obtinuit.
618 2199 694 2227 tum
723 2205 808 2226 vero
833 2195 971 2228 milites
991 2201 1152 2240 repertas
1178 2194 1319 2227 obviam
1345 2194 1484 2240 absque
1511 2195 1654 2231 delectu
1681 2198 1738 2231 vel

264 2243 408 2277 ratione
437 2242 581 2275 divitias
607 2241 820 2287 diripientes
839 2242 980 2276 nullam
1006 2242 1106 2276 ducis
1130 2253 1251 2275 curam
1276 2253 1411 2287 gerere,
1428 2243 1566 2278 nullam
1589 2245 1628 2279 in
1654 2257 1737 2279 eum

264 2290 527 2325 observantiam
557 2290 725 2323 retinere.
773 2290 911 2323 veritus
940 2291 1050 2335 igitur
1071 2301 1117 2324 ne
1142 2291 1332 2335 resumptis
1367 2291 1496 2325 animis
1521 2291 1644 2327 hostes
1669 2293 1736 2326 ad—

263 2341 455 2379 orirentur,
483 2337 648 2372 substitit
673 2336 717 2371 de
746 2342 818 2370 tam
852 2338 1003 2383 indigno
1031 2338 1190 2371 facinore
1219 2345 1450 2384 conquestus,
1489 2340 1588 2385 ipsos
1612 2342 1650 2374 in
1675 2353 1737 2375 or·—

263 2387 384 2421 dinem
411 2385 566 2420 subinde
592 2397 775 2419 revocans.
826 2385 1003 2419 Maurusii
1026 2396 1111 2420 vero
1137 2385 1199 2418 ubi
1227 2386 1345 2431 sugam
1374 2388 1479 2421 istam
1503 2400 1736 2435 conspexere,

263 2436 359 2470 facto
402 2436 441 2468 111
474 2435 651 2480 ipsosmet
682 2434 816 2467 milites
854 2433 1063 2478 perduelles
1098 2433 1255 2479 impetu,
1295 2446 1366 2468 una
1403 2447 1482 2469 cum
1509 2436 1738 2483 imperatoris

262 2484 340 2517 acie
377 2494 438 2517 eos
470 2482 659 2528 insequuti
695 2487 789 2514 sunt.
850 2481 1085 2527 quamobrem
1108 2482 1271 2524 Tzotzas,
1297 2484 1358 2529 qui
1399 2483 1566 2518 fiduciam
1592 2497 1737 2519 omnem

262 2533 302 2566 in
327 2532 377 2566 eis
408 2535 631 2577 reposuerat,
661 2540 742 2562 cum
766 2529 871 2562 istam
898 2529 1046 2564 illorum
1072 2529 1261 2564 adversum
1291 2543 1328 2564 se
1355 2532 1627 2567 conversionem
1655 2534 1736 2568 ani-

262 2579 470 2620 madvertit,
494 2589 531 2612 se
552 2588 633 2611 cum
661 2582 806 2611 centum
835 2577 917 2610 aliis
942 2578 982 2610 in
1017 2578 1137 2622 sugam
1163 2579 1330 2621 coniecit,
1358 2585 1395 2614 et
1418 2581 1456 2613 in
1478 2580 1736 2616 Mauritaniam

263 2629 474 2662 interiorem
499 2626 665 2660 recessit.
692 2631 802 2671 atque
828 2626 879 2659 ita
896 2624 1042 2659 demum
1070 2626 1201 2660 seditio
1230 2628 1394 2662 cessavit.
1445 2628 1643 2674 imperator
1669 2641 1734 2663 au-

262 2682 335 2710 tem
374 2676 592 2710 Germanum
641 2685 713 2706 una
746 2685 827 2707 cum
863 2673 1040 2708 Domnico
1079 2679 1115 2708 et
1145 2674 1358 2718 Symmacho
1384 2677 1594 2720 Byzantium
1630 2689 1734 2711 revo-

262 2736 358 2766 cans,
382 2723 533 2768 Libyam
551 2723 683 2757 iterum
707 2721 1030 2756 administrandam
1044 2722 1227 2756 Salomoni
1252 2724 1446 2758 commisit.
1497 2727 1627 2760 tertius
1649 2730 1736 2759 tunc

264 2783 372 2818 supra
396 2771 578 2807 decimum
610 2770 756 2817 imperii
790 2769 984 2806 Iustiniani
1024 2771 1283 2806 numerabatur
1316 2783 1455 2807 annus:
1480 2773 1648 2821 aliosque
1673 2773 1735 2808 Li-
