1786 3204
295 152 361 208 16
831 161 1175 206 THEOPHANJS

397 267 542 327 Τούτῳ
573 269 630 324 τῷ
657 264 739 308 ἔτει
770 268 1092 313 Κωνσταντϊνος
1126 264 1147 303 ὁ
1179 259 1399 309 θειότατος
1430 260 1504 301 καὶ
1532 260 1743 314 Χριστια-

283 338 507 386 νικοότατος
527 334 747 387 Ῥωμαίων
778 334 1050 386 ἐβασίλευσεν
1081 333 1126 373 ἐν
1155 332 1194 372 Γ
1193 328 1357 378 αλλίαις
1386 328 1459 369 καί
1486 326 1741 384 Βρεττανίᾳ.

282 404 384 449 κατὰ
427 403 498 448 τὸν
537 401 663 445 αὐτὸν
705 395 780 442 οὖν
816 397 971 455 χρόνον
1012 401 1215 453 τέσσαρες
1254 390 1368 438 οὗτοι
1413 397 1744 448 συνεβασίλευον

282 473 420 530 αύτῷ,
449 466 723 522 Μαξιμιανὸς
764 464 784 508 ὃ
815 469 856 510 Γ
853 469 1045 521 αλλέριος
1074 463 1153 507 σὺν
1195 464 1297 506 δυσί
1336 464 1537 517 καίσαρσι
1565 458 1742 518 Σευήρῳ

282 541 356 583 καί
381 537 613 594 Μαξιμίνῳ
642 538 699 593 τῷ
723 536 762 577 Γ
762 535 956 589 αλλεριόυ
991 531 1069 591 ὐἱῷ
1097 530 1172 573 καί
1201 533 1426 588 Μαξεντίῳ
1468 531 1526 587 τῷ
1551 525 1630 586 υἱῷ
1663 529 1742 570 τοῦ
1755 536 1780 577 5

273 605 515 664 Ἑρκουλιόυ
532 640 543 660 ‚
571 605 616 646 ἐν
636 601 778 660 Ῥώμῃ
803 599 884 643 ὑπὸ
906 603 987 644 τῶν
1008 600 1278 653 στρατιωτῶν
1308 597 1636 652 οἷναγορευθέντι
1657 599 1741 650 βα-

243 678 401 717 Βσιλεῖ.
459 666 575 713 οὗτοι
595 667 803 725 ἀλλήλους
823 668 1075 722 ὑπερβαλεῖν
1094 664 1298 708 ἔσπευδον
1328 666 1388 714 εἰς
1415 662 1487 706 τὸν
1515 661 1624 705 κατὰ
1655 665 1741 705 τῶν

282 739 553 796 Χριστιανῶν
582 735 773 791 διωγμόν.
844 738 1080 787 Μαξέντιος
1115 735 1162 775 δὲ
1209 731 1229 775 ὃ
1270 733 1478 788 τύραννος
1521 733 1574 789 τῇ
1596 730 1738 787 Ῥώμῃ

278 805 446 862 οἷνόμως
482 801 720 860 βασιλεύων
764 803 967 847 πάνδεινα
1002 799 1225 856 εἰργάσατο
1265 796 1394 853 κακά,
1430 799 1628 853 μοιχείας
1655 799 1741 840 τῶν

279 877 325 918 ἐν
358 877 464 917 τέλει
507 873 741 928 γυναικῶν,
783 868 939 927 φόνους
975 870 1048 912 καί
1086 867 1302 924 ἁρπαγάς,
1342 866 1417 910 καὶ
1451 862 1533 910 ὅσα
1572 865 1738 916 τούτοις
1756 888 1786 915 1.

277 937 423 995 ὅμοια.
486 936 591 982 κατὰ
621 940 668 981 δὲ
707 937 782 993 τήν
811 935 1018 992 ἀνατολὴν
1047 938 1291 988 ῙΙἸαξιμῖνος
1331 932 1506 990 χείρονα
1538 931 1738 989 διεπράτ-

275 1023 368 1051 τετο
399 1006 532 1063 κακά,
576 1006 653 1047 δύο
680 1005 818 1047 κακῶν
843 1005 1053 1060 μεγίστων
1083 1001 1292 1058 α’νατολὴν
1320 1002 1394 1044 καί
1420 1001 1546 1045 δύσιν
1572 1004 1737 1057 κληρω-

274 1076 492 1129 σαμένων,
531 1075 604 1115 καί
632 1070 701 1115 τὸν
738 1070 843 1114 κατὰ
871 1074 954 1114 τῶν
986 1072 1262 1127 Χριστιανῶν
1299 1068 1484 1124 διωγμὸν
1510 1070 1736 1124 οἶναρριπι-

274 1141 441 1191 ζόντων.
499 1141 590 1183 τότε
619 1138 693 1181 καί
728 1140 921 1182 Λικίνιον
960 1140 1148 1194 καίσαρα
1183 1137 1388 1190 Ῥωμαῖοι
1423 1135 1735 1193 ἀνηγόρευσαν,

268 1206 542 1264 χαριζόμενοι
572 1208 873 1263 Κωνσταντίνῳ
918 1207 1095 1264 γαμβρῷ
1137 1200 1269 1247 azzo&
1314 1199 1404 1246 ὄντι
1443 1205 1504 1253 εἰς
1545 1202 1786 1260 α’ὃελφῆνιξ

271 1277 596 1327 Κωνσταντιάν,
638 1275 710 1316 καί
737 1269 1065 1326 ὑποκρινόμενον
1094 1273 1266 1326 ψευδῶς
1292 1269 1370 1325 τὴν
1397 1274 1499 1314 καθ’
1523 1269 1636 1327 ἡμᾶς
1665 1273 1735 1313 ev'-

226 1345 437 1397 coe'ssstav
455 1374 466 1394 ,
495 1339 686 1395 Σευήρου
717 1338 878 1394 δηλαδὴ
908 1335 1247 1393 τελευτήσαντος.

302 1452 311 1459 ,
385 1411 452 1464 Τῷ
482 1409 519 1449 δ’
548 1408 663 1465 αὐτῷ
695 1404 780 1448 ἔτει
810 1408 977 1459 Πέτρος
1005 1403 1026 1447 ὃ
1065 1407 1384 1461 Ἀλεξανδρείας
1410 1404 1654 1459 ἐπίσκοπος,
1687 1409 1733 1450 ἐν

269 1477 439 1532 φυλακῇ
465 1474 672 1530 ὑπάρχων
715 1473 1009 1529 προστάγματι
1052 1475 1333 1527 Μαξιμιανοῦ
1378 1474 1455 1516 τοῦ
1494 1476 1731 1530 Γαλλεριόυ

360 1641 393 1674 7.
419 1628 644 1674 ὑπερβαλεῖν
671 1628 700 1662 Α
728 1639 748 1660 a
769 1654 777 1668 ,
804 1627 1051 1674 ὑπερβάλλειν
1073 1629 1167 1673 vulg.
1285 1628 1360 1665 τῶν
1385 1628 1468 1662 add.
1497 1640 1540 1663 ex
1558 1631 1598 1664 A.
1693 1642 1727 1674 9.

356 1672 453 1711 κακὰ
481 1697 523 1703 —-
551 1676 696 1723 φόνους
721 1678 783 1710 καὶ
808 1688 865 1709 om
891 1678 918 1708 A
945 1688 972 1709 e.
1053 1687 1104 1709 ιι.
1137 1675 1415 1723 Μαξιμινιανὸς
1441 1689 1472 1710 a.
1575 1689 1625 1711 ια.
1648 1690 1729 1724 χει-

356 1726 588 1772 ρωσαμένων
612 1735 645 1759 a.
771 1723 822 1756 13.
851 1723 925 1759 τῶν
952 1735 1021 1756 om.
1040 1723 1080 1757 A.
1202 1730 1286 1758 ante
1313 1719 1484 1773 διωγμὸν
1511 1725 1629 1759 delevi
1657 1727 1727 1762 πό-

356 1774 494 1820 λεμον,
520 1770 619 1818 quod
643 1770 746 1804 codd.
771 1782 845 1810 non
872 1771 1067 1804 omittunt:
1094 1772 1192 1805 solus
1228 1784 1247 1805 a
1273 1773 1441 1807 exhibet:
1470 1773 1639 1822 πόλεμον
1662 1778 1729 1810 καὶ

357 1819 538 1867 διωγμόν,
573 1819 596 1852 b
625 1819 871 1865 Χριστιανῶν
898 1815 1082 1867 διωγμὸν.
1209 1820 1259 1863 ¹3}-
1283 1819 1475 1868 Ῥωμαίων
1504 1824 1544 1856 Α.
1675 1825 1725 1859 18.

357 1867 475 1915 τούτῳ
500 1867 552 1915 τῷ
575 1868 646 1902 ἔτει
669 1867 709 1900 Α.
833 1868 1037 1907 ἐπίσκοπος
1063 1879 1131 1901 om.
1158 1869 1186 1901 A
1214 1879 1244 1901 e.

355 1983 434 2017 Hoc
455 1994 549 2017 anno
588 1983 628 2016 in
655 1982 785 2016 Galliis
813 1989 849 2016 et
876 1983 1061 2016 Britannia
1102 1984 1312 2018 sacerrimus
1338 1991 1375 2019 et
1398 1984 1727 2022 Christianissimus

265 2033 504 2064 Romanorum
540 2030 736 2076 imperator
771 2031 1030 2064 Constantinus
1065 2032 1249 2076 regnavit:
1287 2045 1366 2066 cum
1408 2033 1536 2068 eodem
1564 2040 1728 2082 tempore

265 2083 419 2124 quatuor
452 2078 513 2111 isti
552 2089 633 2112 curn
667 2078 733 2111 illo
760 2077 922 2111 eiusdem
958 2079 1079 2112 forent
1104 2080 1246 2125 imperii
1277 2081 1458 2126 collegae,
1484 2082 1728 2119 Maximianus

263 2125 430 2160 Galerius
467 2136 547 2159 cum
583 2125 724 2158 duobus
750 2125 960 2159 Caesaribus
983 2126 1113 2161 Severo
1142 2134 1178 2161 et
1211 2128 1432 2172 Maximino,
1459 2128 1598 2165 Galerii
1626 2132 1725 2174 filio,

264 2178 374 2219 atque
407 2173 515 2207 etiam
543 2172 742 2215 Maxentio,
770 2174 927 2207 llerculii
954 2174 1029 2207 filio
1048 2200 1057 2216 ‚
1082 2175 1145 2221 qui
1175 2177 1308 2210 Romae
1330 2189 1349 2211 a
1369 2177 1547 2212 militibus
1571 2180 1729 2225 impera-

263 2227 321 2254 tor
345 2221 463 2254 fuerat
487 2221 729 2254 renunciatus.
756 2221 827 2261 isti,
855 2221 936 2266 quis
960 2221 1053 2255 alter
1077 2224 1228 2257 alterum
1251 2225 1288 2257 in
1304 2225 1518 2260 Christianis
1544 2227 1727 2262 crudelius

262 2267 524 2314 persequendis
558 2269 739 2309 vinceret,
778 2268 822 2301 ad
848 2270 1000 2302 invicem
1038 2271 1320 2306 contendebant.
1369 2274 1576 2309 Maxentius
1604 2282 1726 2310 autem

216 2333 227 2345 .
262 2322 435 2360 tyrannus
480 2314 667 2361 quibusvis
708 2316 935 2361 pessundatis
977 2317 1116 2362 legibus
1159 2321 1289 2353 Romae
1328 2321 1509 2367 imperans
1547 2323 1725 2369 flagitiosa

263 2374 430 2410 quaeque
464 2363 620 2409 patravit
659 2363 839 2405 facinora,
874 2364 1054 2398 nobilium
1091 2367 1300 2401 feminarum
1335 2369 1535 2412 adulteria,
1576 2372 1724 2414 caedes,

261 2411 440 2444 bonorum
480 2410 725 2457 direptiones,
765 2418 801 2444 et
837 2418 1018 2458 quotquot
1048 2415 1180 2448 scelera
1217 2416 1272 2450 his
1309 2417 1452 2450 similia.
1511 2420 1635 2464 peiora
1661 2433 1727 2466 per

261 2461 437 2492 orientem
464 2458 683 2492 Maximinus
709 2460 971 2504 exequebatur:
1000 2459 1138 2495 duabus
1165 2464 1328 2497 exitiosis
1353 2466 1517 2510 pestibus
1546 2469 1725 2502 orientem

261 2506 560 2551 occidentemque
590 2506 686 2540 inter
710 2517 746 2539 se
771 2507 1036 2552 partientibus,
1063 2515 1099 2542 et
1129 2509 1266 2544 bellum
1293 2512 1461 2547 adversus
1487 2514 1724 2557 ChristianOS,

258 2554 548 2599 persecutionem
569 2554 749 2595 nimirum,
778 2554 913 2600 ubique
949 2557 1217 2592 suscitantibus.
1245 2565 1332 2593 tunc
1361 2562 1532 2608 temporis
1560 2565 1725 2605 Romani,

257 2602 406 2647 gratiam
432 2601 670 2635 Constantino
701 2603 903 2647 reposituri,
932 2603 1122 2646 Licinium,
1147 2605 1193 2638 ob
1220 2617 1376 2641 sororem
1405 2610 1656 2646 Constantiam
1687 2614 1725 2646 in

257 2649 444 2694 coniugem
470 2654 650 2695 acceptam
681 2650 758 2683 eius
786 2650 956 2692 levirum,
991 2662 1171 2686 caesarem
1197 2655 1435 2699 appellavere,
1462 2658 1594 2694 Severo
1620 2661 1724 2695 vide-

259 2697 347 2731 licet
371 2702 534 2738 mortuo,
559 2697 772 2730 familiarem
798 2697 905 2731 nobis
931 2698 1105 2744 pietatem
1132 2701 1256 2734 dolose
1281 2705 1522 2740 simulantem.

353 2745 488 2778 Eodem
525 2745 634 2779 etiam
659 2756 754 2778 anno
784 2746 909 2779 Petrus
934 2746 1174 2782 Alexandriae
1211 2750 1402 2796 episcopus
1428 2765 1569 2788 carcere
1595 2754 1734 2789 ‹leton-1

258 2796 335 2834 tus,
379 2792 591 2827 Maximiani
624 2792 759 2827 Galerii
798 2798 834 2827 et
860 2794 1047 2830 Maximini
1084 2796 1162 2830 eius
1188 2797 1253 2832 filii
1280 2800 1449 2835 mandato
1476 2803 1594 2848 capite
1619 2808 1724 2838 trun—
