1786 3204
267 141 303 198 3
318 142 383 209 14
597 190 605 195 .
826 160 1171 207 TflEOPHAle

266 279 342 312 κας
372 264 579 318 κατέσχον
617 261 717 313 τούς
758 263 917 320 α’γροὺς
964 263 1106 305 αὐτῶν
1146 260 1203 313 ὦς
1241 263 1390 320 ῖὸἰόυς,
1421 262 1496 306 καί
1524 269 1658 308 τελεῖν
1687 268 1747 324 τῷ

265 333 441 384 βασιλεῖ
466 329 516 374 τὰ
545 330 652 386 ὑπὲρ
685 331 828 374 αὐτῶν
853 335 948 388 τέλη
977 334 1053 373 ov’u
1079 327 1258 387 ἤθελον·
1315 329 1337 373 ὅ
1369 332 1415 377 ,δὲ
1434 332 1633 386 Σολομῶν
1660 351 1741 375 πα-

266 398 385 458 ρῄνει
413 400 560 449 αὐτοῖς
586 398 646 455 μὴ
677 399 892 455 ἀνταίρειν
920 398 1023 442 κατὰ
1041 401 1120 441 τοῦ
1144 401 1367 454 βασιλέως,
1397 397 1507 442 α’λλά
1526 398 1580 442 τοὶ
1611 399 1746 455 ὁρῶν-

265 483 317 510 τα
347 465 482 526 τούτῳ
514 466 781 510 ἀποδιδόναι.
839 469 1069 520 μετέπεσον
1115 468 1161 509 ὸὲ
1189 482 1298 516 τινες
1328 463 1487 521 αὐτῶν,
1518 467 1591 510 καί
1617 469 1745 521 μάλι-

265 551 343 577 στα
371 537 456 577 τῶν
485 532 661 577 Γότθων
707 532 811 591 πρὸς
851 533 928 590 τήν
956 533 1122 591 Ἀρεών
1155 533 1294 590 δόξαν,
1340 532 1416 584 οὓς
1446 532 1484 576 οἱ
1514 532 1642 590 ἱερεῖς
1670 536 1782 590 τῆςό

266 602 488 658 ἐκκλησίας
517 598 749 659 α’φιόριζον,
781 601 854 644 καί
882 602 984 645 ον’δὲ
999 600 1049 645 τὰ
1080 604 1203 644 τέκνα
1233 601 1373 644 αὐτῶν
1393 603 1616 656 βαπτίζειν
1642 596 1746 656 ἤθε-

228 673 352 714 Βλον.
410 666 512 711 ὅθεν
555 671 600 712 ἐν
627 670 679 728 τῇ
706 667 829 728 ἑορτῇ
856 673 1020 726 γέγονεν
1051 669 1077 725 ἦ
1108 667 1272 723 στάσις,
1306 666 1666 724 ἐπεβουλεὺσαντο
1698 670 1745 711 δὲ

267 735 308 780 οἱ
338 738 597 793 στρατιῶται
643 740 874 792 Σολομῶνα
905 739 950 780 ἐν
986 739 1041 795 τῷ
1071 736 1170 795 ἱερῷ
1199 743 1368 780 κτεῖναι.
1426 736 1667 788 ἐξελθόντες
1699 736 1746 778 δὲ

263 806 337 860 τῆς
381 803 544 854 πόλεως
579 805 791 861 ἐληΐζοντο
828 805 878 849 τὰ
912 807 1069 861 ἐκείνης
1106 806 1275 860 χωρία,
1324 805 1399 847 καί
1428 801 1528 854 τούς
1574 802 1748 858 Λιβυας

264 871 322 921 ὥς
351 871 579 926 πολεμίους
612 875 817 929 ἐχρῶντο.
888 873 1090 927 Σολομῶν
1133 875 1178 915 δὲ
1211 862 1552 923 οἷκούσαςηταῦτα
1581 871 1641 921 εἷς
1669 871 1778 914 3021

263 942 396 996 ρυβον
443 938 578 1003 πολιξν
613 939 834 995 ἐμπεσών,
875 942 1197 996 πιθᾳνολογιάις
1245 942 1412 983 πείθειν
1451 938 1525 983 τὸν
1563 937 1747 993 στρατόν

263 1008 463 1065 ἐπειρᾶτο
494 1007 744 1051 παύσασθαι
774 1010 846 1064 τῆς
875 1006 1079 1058 στάσεως.
1116 1011 1384 1063 συλλεγέντες
1413 1008 1459 1050 δὲ
1488 1004 1564 1049 τόν
1590 1022 1637 1049 τε
1666 1008 1746 1047 Σο-

260 1078 456 1130 λομῶνα,
482 1076 557 1119 καί
596 1075 694 1126 τούς
721 1073 933 1133 ἄρχοντας
958 1076 1144 1125 α’ναιδῶς
1174 1072 1368 1131 ὕβριζον.
1446 1073 1669 1130 Θεόδωρον
1697 1074 1746 1116 δὲ

258 1142 332 1186 τὸν
358 1141 631 1187 Καππάδυκα
671 1145 731 1194 εἷς
767 1143 812 1187 τὸ
843 1142 1051 1186 παλάτιον
1091 1144 1285 1193 ἐλθόντες
1325 1141 1558 1200 στρατηγὸν
1597 1142 1745 1185 τοῦτον

259 1210 545 1268 ἐψηφίσαντο,
578 1214 651 1254 καί
678 1214 1067 1269 σιδηροφοροῦντες
1108 1208 1273 1253 ἅπαντα
1306 1210 1378 1254 τὸν
1405 1208 1744 1267 προστυγχάνων-
1763 1226 1786 1252 ι,

257 1295 312 1321 τα
341 1277 527 1332 ἔκτανον,
559 1278 645 1322 εἴτε
675 1281 847 1334 Aah-v,
886 1277 970 1322 εἴτε
993 1278 1228 1333 Ῥωμαῖον,
1260 1279 1479 1332 Σολομῶνι
1508 1274 1742 1332 γνώριμον,

217 1344 311 1401 Cta'
340 1362 385 1389 τε
426 1345 632 1403 χρήματα
672 1348 916 1404 ἐληῖσαντο,
956 1350 1030 1390 καί
1071 1349 1132 1396 εἷς
1161 1345 1238 1396 τοὶς
1277 1347 1413 1397 οἶκιάς
1453 1341 1743 1402 εἰσερχόμενοι

258 1409 426 1457 ἅπαντα
452 1413 504 1457 τοὶ
536 1415 657 1468 τίμια
688 1411 892 1471 ἥρπαζον.
950 1414 1152 1470 Σολομῶν
1184 1416 1230 1457 δὲ
1260 1415 1321 1465 εἷς
1347 1412 1393 1457 τὸ
1424 1411 1543 1470 ἱερὸν
1559 1414 1634 1455 τοῦ
1662 1427 1743 1452 πα-

257 1483 405 1525 λατιόυ
437 1483 724 1540 προσφυγών,
758 1480 926 1527 ἔλαθεν.
996 1481 1143 1533 νυκτὸς
1171 1484 1218 1525 δὲ
1243 1482 1538 1543 ἐπιγενομένης
1558 1476 1744 1531 ἐξελθών

356 1631 391 1665 3.
421 1629 618 1678 ἀνταίρειν
631 1633 671 1673 Α,
698 1630 872 1680 ἀντερεῖν
889 1632 984 1677 vulg.
1082 1633 1116 1665 6.
1145 1631 1345 1680 α’φώριζον
1360 1631 1403 1673 Α,
1430 1629 1618 1678 ἧφόριζον
1642 1630 1741 1674 vulg.

359 1691 412 1713 10.
438 1679 656 1727 ἐχειροῦντο
683 1690 714 1713 a.
841 1692 893 1726 ¹7·
915 1682 967 1718 εἰς
992 1692 1050 1714 om
1076 1680 1106 1714 A
1134 1692 1166 1712 a.
1320 1691 1374 1727 ¹9·
1402 1680 1675 1727 ἐπιλαβομένης
1698 1678 1740 1713 Α.

259 1830 323 1877 qui
346 1829 384 1863 in
409 1828 524 1873 Libya
551 1829 799 1871 morabantur,
832 1829 870 1863 in
908 1830 1134 1864 Salomonem
1175 1829 1391 1864 tumultuati
1419 1833 1515 1869 sunt,
1543 1827 1612 1862 hae
1638 1839 1744 1862 occa·

258 1880 372 1912 sione.
422 1883 647 1911 mortuorum
682 1878 722 1911 in
746 1877 847 1911 bello
873 1877 1122 1911 Vandalorum
1163 1889 1291 1911 uxores
1330 1877 1459 1911 viduas
1485 1876 1660 1910 ducentes
1685 1877 1742 1909 illi

258 1937 362 1971 agros
391 1936 517 1959 eorum
554 1937 619 1959 ceu
647 1926 813 1971 proprios
839 1925 1082 1971 possederunt
1099 1953 1108 1967 ,
1148 1937 1272 1959 eorum
1298 1931 1420 1958 tamen
1457 1925 1599 1958 ratione
1623 1925 1741 1969 impe-

257 1975 369 2008 ratori
395 1973 535 2008 tributa
562 1973 721 2019 pendere
747 1973 956 2007 noluerunt.
986 1974 1159 2008 Salomon
1179 1979 1300 2006 autem
1325 1984 1371 2006 ne
1399 1973 1627 2018 imperatoris
1655 1984 1741 2005 sen-

258 2023 398 2056 tentiae
426 2022 614 2056 adversum
641 2023 755 2064 irent,
790 2022 882 2068 quin
908 2022 1027 2067 potius
1063 2033 1155 2068 quae
1182 2021 1395 2054 decerneret
1419 2020 1510 2066 ipse,
1540 2026 1581 2055 ut
1611 2019 1743 2054 redde-

257 2076 351 2112 rent,
380 2069 573 2104 exhortari.
600 2082 643 2103 ex
672 2071 759 2115 ipsis
783 2081 881 2110 vem,
909 2076 946 2103 et
971 2081 1012 2103 ex
1030 2068 1178 2103 Gotthis
1197 2069 1363 2109 maxime,
1381 2068 1551 2101 nonnulli
1581 2068 1621 2101 in
1639 2068 1741 2101 Aria-

257 2129 342 2152 nam
366 2117 546 2152 haeresim
572 2117 797 2157 defecerunt,
823 2129 915 2164 quos
941 2118 1115 2151 ecclesiae
1142 2116 1347 2150 sacerdotes
1373 2115 1418 2148 ab
1440 2115 1616 2149 ecclesiae
1642 2128 1742 2149 com-

255 2167 431 2200 munione
457 2171 608 2200 tenuere
636 2171 821 2206 extorres,
850 2177 917 2199 nec
942 2178 1067 2199 eorum
1097 2165 1231 2198 liberos
1260 2163 1441 2209 baptismo
1467 2163 1618 2198 initiare
1643 2165 1743 2198 fere-

256 2213 369 2248 bant:
398 2225 511 2259 quare
536 2214 690 2248 solemni
716 2213 924 2260 peragendo
960 2214 1142 2260 baptismo
1169 2212 1228 2246 die
1261 2211 1395 2245 seditio
1423 2217 1562 2253 exorta,
1587 2212 1743 2246 initum-

258 2274 332 2309 que
361 2273 382 2294 a
420 2261 598 2296 militibus
641 2261 686 2295 de
726 2262 922 2295 Salomone
966 2262 1004 2294 in
1038 2260 1193 2294 ecclesia
1236 2259 1491 2293 interficiendo
1535 2260 1741 2293 consilium.

259 2310 393 2355 egressi
420 2308 603 2355 siquidem
629 2310 775 2343 civitate
800 2309 903 2342 villas
933 2314 970 2343 et
995 2309 1204 2342 adiacentes
1232 2319 1335 2352 agros
1363 2306 1594 2354 depopulati,
1610 2307 1744 2351 Libyas

260 2359 299 2392 in
324 2368 459 2391 morem
483 2356 642 2391 hostium
666 2356 852 2391 hostiliter
881 2362 1111 2403 exceperunt.
1161 2356 1296 2390 nuncio
1323 2354 1368 2389 de
1390 2355 1448 2389 his
1474 2361 1636 2401 accepto,
1663 2367 1743 2388 ma·-

260 2417 330 2450 gna
359 2405 470 2439 animi
498 2406 774 2451 perturbatione
801 2405 956 2439 iactatus
976 2405 1160 2445 Salomon,
1184 2409 1226 2437 ut
1254 2415 1275 2437 a
1299 2403 1481 2438 seditione
1506 2403 1745 2443 abstinerent,

259 2452 516 2489 blandioribus
551 2453 670 2487 verbis
706 2452 885 2486 militibus
922 2447 1140 2497 persuadere
1177 2453 1345 2486 tentavit.
1406 2452 1463 2485 illi
1485 2451 1523 2485 in
1551 2450 1743 2485 adversum

260 2502 407 2536 collecti
432 2501 663 2536 Salomonem
693 2506 731 2534 et
757 2500 951 2546 optimates
971 2511 1136 2546 quosque
1162 2500 1396 2534 contumeliis
1422 2499 1657 2545 impudenter
1683 2510 1741 2531 re-

259 2561 439 2596 spergere.
498 2555 575 2583 tum
619 2560 705 2582 vero
746 2548 785 2581 in
820 2547 995 2593 palatium
1035 2548 1188 2593 profecti
1219 2547 1456 2582 Theodorum
1486 2546 1742 2594 Cappadocem

259 2596 511 2632 communibus
550 2596 728 2641 suffragiis
753 2595 881 2629 ducem
920 2596 1200 2637 constituerunt,
1228 2602 1265 2630 et
1289 2596 1386 2630 ferro
1411 2595 1563 2629 accincti
1593 2594 1743 2628 obvium

260 2657 442 2693 quemque
483 2646 558 2679 sive
593 2644 746 2688 Libym,
771 2644 846 2676 sive
883 2644 1094 2684 Romanum,
1122 2644 1153 2676 si
1187 2643 1298 2677 modo
1324 2643 1514 2678 Salomoni
1541 2642 1744 2682 familiaris,

260 2700 428 2735 mactare,
454 2694 644 2728 facultates
672 2690 902 2738 depraedari,
930 2697 966 2725 et
994 2693 1031 2725 in
1058 2692 1184 2724 domos
1213 2692 1362 2737 ingressi
1387 2692 1548 2737 pretiosa
1573 2700 1743 2736 quaeque

260 2741 434 2788 diripere.
485 2741 658 2776 Salomon
682 2740 720 2773 in
746 2750 882 2773 sacram
912 2740 1037 2784 palatii
1063 2739 1188 2773 aedem
1214 2740 1442 2785 profugiens,
1471 2738 1631 2772 delituit.
1660 2748 1744 2770 suc-

262 2790 425 2825 cedentis
460 2790 576 2825 noctis
618 2788 767 2824 silentio
806 2787 943 2835 palatio
972 2799 1051 2821 cum
1078 2787 1254 2835 Procopio
1289 2788 1466 2834 scriptore
1509 2792 1545 2820 et
1581 2785 1742 2820 Martiae
