1820 3120
285 152 394 229 742
815 166 1169 212 TnEoPflAms

275 274 470 329 κειμένης
514 272 637 325 ἀξίας
675 272 865 328 α’ληθεῖς,
895 271 952 321 ὥς
982 269 1030 314 τό
1073 270 1190 320 τέλος
1223 267 1434 325 ἀπέδειξε,
1459 268 1543 312 ’τῶν
1570 268 1770 324 πραγμά-

237 353 360 386 Βτων
388 339 545 396 α’κοοίς,
589 339 642 391 ἃς
682 340 759 382 οὐκ
790 336 966 395 ἆγνοεῖς,
995 335 1064 390 αἷς
1092 338 1133 381 εἰ
1163 339 1237 380 καί
1264 337 1569 393 συναπήχθην,
1599 336 1770 379 α’κωλύ-

272 426 354 460 τως
384 405 504 465 εἶχον
533 409 612 452 τοῦ
640 407 806 452 ἀνελεῖν
835 423 897 451 σε.
935 404 1045 450 ἀλλὰ
1076 403 1125 449 τὸ
1157 407 1239 461 μὲν
1266 410 1354 456 τοῖς
1382 409 1474 455 σοῖς
1500 403 1645 461 ὅρκοις
1676 420 1769 446 πει-

270 480 448 535 θομένη,
479 475 528 520 τὸ
559 479 607 520 δὲ
636 476 870 534 φειδομένη
897 490 977 517 σου
1021 472 1207 524 πολλοὺς
1237 471 1505 531 ἒννοὴτορας,
1534 477 1770 529 παρελογη-

269 545 414 603 σάμην
441 547 498 603 τῷ
526 547 627 603 θεῷ,
655 546 732 587 καί
752 545 988 600 τηνικαῦτα
1016 541 1072 586 τοὶ
1104 543 1191 586 κατ’
1222 539 1413 599 ἐμαυτὴν
1441 541 1680 599 ἀποδοῦσα,
1713 540 1808 584 δι’5

273 608 327 656 οὗ
355 618 549 669 βασιλεῖς
575 611 858 668 βασιλεύουσι
891 612 967 655 καί
994 608 1206 655 δυνάσται
1235 612 1441 667 κρατοῦσι
1468 613 1558 668 γῆς.
1616 609 1691 653 καί
1720 608 1773 654 τὰ

272 685 350 726 νῦν
381 682 440 733 ὥς
470 682 647 737 εὐσεβεῖ
661 696 730 724 σοι
758 681 835 722 καί
864 680 910 732 ἐξ
943 679 1080 723 αὐτοῦ
1107 681 1423 737 προβληθέντι,
1453 680 1683 735 προσκυνῶ
1723 694 1772 723 σε

274 754 332 801 ὠς
359 753 558 806 βασιλέα.
616 750 692 791 καί
725 749 933 803 αἰτοῦμαι
965 748 1208 806 φείσασθαί
1230 762 1317 803 μου
1337 748 1412 805 τῆς
1442 744 1673 798 ἇσθενειάς
1700 744 1776 789 καί

273 819 563 875 συγχωρῆσαί
585 835 662 873 μοι
691 815 766 861 τὸν
795 815 867 859 ὑπ’
897 818 1008 872 ἐμοῦ
1037 819 1267 861 κτισθέντα
1293 817 1381 860 τῶν
1406 816 1678 875 Ἐλευθερῶν
1707 811 1773 859 οἶ.

274 904 347 931 κον
383 889 444 938 εἰς
489 887 778 943 ψυχαγωγίαν
819 887 897 942 τῆς
935 886 1194 942 α’συγκρίτου
1233 901 1320 940 μου
1363 886 1609 943 συμφορᾶς.
1677 880 1820 928 ὃδὲιι

273 956 387 1015 ἔφη·
422 956 498 999 καί
534 957 576 999 εἰ
620 956 748 998 τοῦτο
772 956 918 1005 θέλεις
949 969 1019 998 σοι
1054 956 1276 1011 γενέσθαι,
1307 949 1465 1009 ὅμοσὸν
1491 969 1570 1009 μοι
1598 953 1660 1006 εἷς
1692 954 1776 996 πᾶ-

274 1042 356 1069 σαν
383 1025 509 1068 θείαν
542 1022 730 1078 δύναμιν
758 1020 816 1079 μὴ
850 1020 1105 1078 α’ποκρύψαι
1139 1039 1183 1067 τι
1221 1025 1308 1066 τῶν
1337 1024 1412 1079 τῆς
1438 1020 1664 1078 βασιλείας
1693 1024 1776 1078 θη-

235 1094 476 1149 (Σσαυραῖν,
517 1091 593 1135 καί
618 1092 768 1148 πληρῶ
795 1106 876 1135 σου
919 1089 1000 1148 τήν
1033 1090 1225 1148 αἴτησιν,
1255 1089 1330 1134 καί
1357 1089 1502 1134 πᾶσάν
1528 1106 1609 1134 σου
1642 1092 1777 1146 θερα-

276 1163 402 1205 πείαν
429 1162 505 1204 καί
532 1159 776 1204 ἀνάπαυσιν
805 1161 932 1202 ποιῶ.
992 1159 1018 1215 ἧ
1050 1160 1098 1202 δὲ
1136 1155 1305 1215 ὤμοσεν
1334 1159 1453 1219 αὐτῷ
1480 1159 1541 1210 εἷς
1567 1156 1620 1202 τὰ
1654 1159 1778 1213 τίμια

277 1233 353 1274 καί
381 1228 570 1283 ζωοποιά
603 1227 739 1286 ξύλα,
768 1224 834 1272 ὅτι
864 1230 942 1271 ούκ
973 1229 1219 1285 α’ποκρύψω
1249 1227 1334 1271 α’πό
1363 1243 1468 1285 σου,
1493 1226 1575 1279 ἕως
1607 1226 1778 1282 ὀβολοῦ·
1796 1244 1809 1270 ι

279 1298 304 1342 ὃ
332 1301 406 1342 καί
428 1297 667 1356 πεποίηκεν.
741 1296 763 1342 ὃ
806 1299 855 1341 δὲ
898 1301 977 1341 τοῦ
1004 1299 1278 1352 ποθουμένου
1317 1295 1546 1353 ἐπιτυχών,
1574 1292 1776 1353 παρευθύ

279 1369 482 1425 ἐξώρισεν
525 1365 665 1423 αὐτὴν
694 1368 739 1410 έν
785 1369 840 1425 τῇ
868 1365 982 1425 νήσῳ
1012 1369 1088 1423 τῆς
1114 1367 1379 1423 Πριγκίπου,
1420 1367 1467 1410 έν
1494 1367 1546 1424 τῇ
1574 1367 1698 1424 μονῇ,
1727 1364 1781 1420 ἣν

280 1436 390 1493 adv)
420 1436 706 1494 ᾠκοδόμησεν,
738 1429 870 1479 ὄντων
900 1433 1043 1491 ἀκμήν
1070 1437 1157 1477 τῶν
1185 1434 1526 1491 α’ποκρισιαρίων
1541 1433 1779 1490 Καρούλου

280 1505 328 1548 έν
354 1507 407 1563 τῇ
436 1505 558 1547 πόλει
587 1504 663 1547 καὶ
695 1502 896 1561 ὁρώντων
943 1503 996 1547 τὰ
1029 1499 1318 1560 πραττόμενα.
1366 1500 1388 1545 ὃ
1415 1505 1520 1559 γοῦν
1548 1499 1782 1560 παμφάγος

283 1567 407 1625 οὗτος
433 1576 512 1617 τοῦ
543 1572 730 1631 κράτους
755 1573 1090 1629 ἐπιλαβόμενος,
1117 1571 1220 1615 ου’δὲ
1246 1568 1328 1615 κᾶν
1345 1570 1455 1629 πρὸς
1479 1570 1626 1630 βραχὺ
1653 1569 1817 1626 fulv-2

386 1731 414 1753 ι.
448 1714 590 1763 ἀληθὴς
614 1719 712 1765 vulg.
853 1719 889 1753 6.
919 1719 985 1752 καὶ
1014 1717 1093 1754 dur.
1126 1716 1166 1760 A,
1194 1719 1261 1753 καὶ
1289 1718 1329 1754 οἱ
1355 1717 1388 1754 δ.
1416 1717 1515 1764 vulg.
1645 1728 1698 1753 ιι.
1726 1717 1782 1756 εἰς

379 1767 464 1801 add.
493 1780 537 1801 ex
559 1769 599 1801 A.
705 1764 846 1804 tantuin!
873 1765 958 1801 add.
974 1778 1018 1800 ex
1031 1769 1071 1800 A.
1150 1777 1204 1813 ¹7·
1232 1763 1279 1811 ἢν
1307 1763 1402 1813 αὐτὴ
1426 1767 1468 1812 A,
1491 1761 1517 1817 ᾗ
1544 1761 1663 1811 αὐτὴν
1684 1766 1781 1812 vulg.

387 1817 438 1851 18.
463 1817 540 1853 τῶν
565 1815 651 1850 add.
677 1828 722 1851 ex
748 1816 790 1850 A.
889 1826 948 1849 20.
975 1812 1073 1863 πρὸς
1098 1814 1180 1850 add.
1198 1826 1244 1850 ex
1268 1815 1309 1850 A.

289 1962 444 2008 adeptus
470 1974 535 2003 es,
565 1961 743 2007 dignitate
781 1961 953 1995 adversus
993 1967 1030 1996 te
1056 1972 1200 2007 sparsos
1244 1965 1283 1996 et
1318 1959 1365 1994 ad
1395 1971 1452 1994 me
1490 1970 1640 2007 quoque
1686 1959 1782 1994 latos

289 2013 402 2045 fuisse
418 2023 535 2053 veros,
562 2012 683 2045 exitus
698 2011 962 2057 comprobavit,
982 2009 1047 2044 sed
1070 2022 1140 2044 nec
1153 2021 1216 2044 eos
1238 2009 1406 2055 ignoras:
1427 2009 1471 2043 iis
1486 2009 1516 2042 si
1535 2007 1783 2055 permisissem

289 2073 347 2094 me
371 2059 518 2101 abduci,
542 2060 647 2093 nullo
675 2071 763 2093 sane
789 2060 982 2093 resistente
1008 2059 1191 2105 periisses.
1219 2069 1346 2093 verum
1377 2068 1451 2104 qua
1476 2057 1782 2091 iuribusiurandis

288 2110 363 2143 tuis
392 2109 629 2149 confirmata,
659 2119 731 2154 qua
758 2108 915 2141 consciis
944 2107 1017 2141 tuis
1043 2108 1253 2153 parcitura,
1283 2108 1369 2148 tuis,
1395 2108 1565 2154 inquam,
1600 2106 1665 2152 qui
1693 2105 1785 2140 haec

288 2159 329 2191 in
354 2169 412 2191 me
453 2156 638 2197 refundis,
668 2162 703 2190 te
730 2162 890 2202 tuosque
926 2155 1198 2190 commendatos
1223 2155 1323 2190 volui
1348 2154 1430 2196 deo,
1454 2165 1520 2201 per
1545 2165 1654 2201 quem
1682 2165 1784 2199 reges

288 2210 445 2252 regnant
489 2210 526 2239 et
557 2205 741 2251 principes
782 2204 862 2238 orbi
901 2203 1149 2238 dominantur.
1210 2203 1550 2250 impraesentiarum
1595 2203 1709 2248 igitur
1747 2207 1785 2236 te

290 2261 465 2302 tanquam
492 2253 705 2298 religiosum
745 2258 783 2287 et
808 2253 854 2287 ab
881 2264 926 2287 eo
951 2259 1161 2299 promotuum
1187 2253 1446 2299 imperatorem
1469 2262 1638 2286 veneror.
1690 2262 1785 2298 qua-

288 2309 443 2350 propter
469 2301 676 2336 infirmitati
704 2312 807 2335 meae
830 2312 957 2347 parcas
981 2313 1122 2348 precor,
1151 2307 1189 2336 et
1212 2302 1252 2336 in
1276 2299 1586 2346 incomparandae
1610 2311 1786 2346 praesen-

291 2353 335 2386 tis
361 2362 462 2386 meae
505 2350 726 2384 calamitatis
753 2349 949 2391 solatium,
987 2349 1191 2384 Eleutherii
1228 2349 1356 2383 aedem
1386 2360 1407 2381 a
1455 2361 1514 2383 me
1540 2354 1786 2383 constructam

290 2400 426 2434 habere
453 2411 510 2433 me
534 2399 736 2445 permittas,
763 2409 863 2442 rogo.
900 2399 947 2431 ad
973 2398 1063 2433 haec
1088 2398 1166 2432 ine:
1190 2397 1283 2432 haec
1306 2398 1337 2431 si
1364 2397 1435 2431 tibi
1462 2397 1641 2444 praestari
1669 2397 1785 2443 cupis,

290 2462 355 2496 per
388 2449 563 2483 virtutem
597 2457 866 2494 quamcumque
898 2446 1060 2481 divinam
1097 2447 1199 2493 prius
1238 2446 1318 2480 iura
1358 2447 1504 2493 imperii
1530 2445 1786 2480 thesaurorum

290 2498 385 2532 nihil
409 2504 447 2531 te
473 2496 710 2538 occusturam,
737 2500 775 2530 et
803 2495 997 2529 confestim
1026 2496 1151 2541 petitis
1177 2495 1406 2541 acquiescam
1432 2495 1517 2537 tuis,
1543 2499 1581 2529 et
1608 2493 1654 2529 de
1683 2494 1786 2528 cultu

290 2547 357 2580 tibi
392 2545 602 2579 exhibendo
638 2544 760 2591 deque
809 2543 937 2589 quiete
964 2543 1208 2591 relinquenda
1246 2543 1462 2589 providebo.
1513 2543 1580 2577 illa
1604 2543 1643 2576 in
1670 2553 1788 2577 vene-

290 2594 402 2628 randa
430 2601 467 2628 et
490 2594 634 2628 vivifica
659 2593 774 2626 crucis
799 2592 899 2637 ligna
924 2591 1054 2634 iurata,
1080 2604 1155 2626 non
1180 2591 1418 2633 abscondam,
1441 2591 1575 2638 inquit,
1607 2590 1668 2625 vel
1693 2590 1787 2624 obo-

289 2644 366 2676 lum
394 2643 556 2684 unicum,
583 2641 684 2689 quod
709 2646 747 2675 et
774 2640 969 2687 praestitit.
1028 2641 1058 2674 is
1087 2640 1354 2674 desideriorum
1387 2652 1534 2687 compos
1559 2640 1599 2673 in
1624 2639 1784 2684 principi

289 2692 459 2732 insulam,
481 2692 521 2724 in
545 2689 808 2725 monasterium
833 2688 881 2722 ab
910 2689 990 2734 ipsa
1016 2688 1263 2730 aedificatum,
1292 2689 1416 2723 Caroli
1442 2689 1574 2735 legatis
1602 2686 1724 2721 adhuc
1747 2687 1788 2722 in

288 2740 380 2773 urbe
407 2739 600 2784 agentibus
628 2744 666 2773 et
691 2749 786 2784 quae
828 2737 1050 2784 gerebantur
1076 2737 1343 2783 spectantibus,
1377 2749 1458 2771 eam
1486 2737 1671 2782 relegavit.
1700 2746 1787 2769 sane

290 2788 547 2822 thesaurorum
573 2789 642 2821 iste
669 2786 796 2821 helluo
822 2791 1042 2832 potestatem
1074 2786 1244 2832 adeptus,
1268 2799 1315 2820 ne
1339 2785 1440 2821 brevi
1469 2785 1619 2832 quidem
1641 2790 1785 2829 tempo-

290 2838 338 2872 ris
380 2838 496 2884 spatio
534 2838 697 2872 innatam
724 2835 797 2871 sibi
833 2834 879 2869 ad
915 2835 1050 2870 malum
1096 2836 1322 2882 pronitatem
1359 2841 1398 2871 et
1437 2835 1628 2871 avaritiam
1668 2833 1787 2868 celare
