1708 3172
171 194 339 232 XXXVI
636 191 933 233 THEOPHAN
939 193 984 232 IS
1026 191 1170 232 viTA.

170 292 250 346 ραν
283 293 423 335 ἐλθεῖν
450 291 774 348 ἐπειχθήσομαι,
801 292 824 333 ὁ
853 294 928 347 γῆς
958 295 1154 347 ἐπιβῆναι
1183 287 1287 341 ὅλως
1317 290 1366 331 ου’
1397 290 1639 344 δυνάμενος,

168 358 243 414 την
274 361 535 414 ἐπικειμένην
563 359 790 402 ἀσθένειαν
818 359 1039 415 ἐκνικήσας
1063 362 1116 416 τῇ
1141 358 1372 415 προθυμίᾳ.

286 427 427 468 Ταῦτα
447 424 604 480 μαθών
638 425 662 467 ὅ
684 425 944 481 τρισάθλιος,
974 424 1214 480 κατεπλάγη
1233 427 1311 479 μὲν
1340 426 1429 481 οἴης
1453 428 1529 467 τοῦ
1548 441 1640 481 γεν-

167 496 288 536 ναιόυ
321 495 468 547 ψυχῆς
497 491 541 534 τὸ
575 492 853 550 παράστημα·
914 494 965 535 οὕ
1006 492 1092 548 μην
1123 494 1288 548 α’πέγνω
1319 491 1395 547 τήν
1425 492 1553 549 νίκην,
1584 494 1641 548 τῷ

167 561 444 617 γενναιοτάτῳ
484 562 568 602 τῶν
603 562 701 614 παρ’
741 562 856 619 αὐτῷ
885 562 1060 615 θαρρῶν
1102 562 1320 616 α’θλητῶν,
1354 557 1400 610 ὃς
1429 565 1678 615 γοητικαῖς5

168 630 227 686 τῷ
257 622 347 668 ὄντι
380 626 745 679 καλλωπιζόμενος
788 631 1066 682 μαγγανείαις
1106 626 1181 669 καὶ
1214 634 1481 684 σοφιστικαῖς
1510 629 1642 682 δῆθεν

168 693 502 737 ἐκεκαλλιόπιστο
543 693 798 750 τερατείαις,
842 701 934 743 ταῖς
968 691 1174 749 Ἑλλήνων
1214 696 1532 743 οἰωνοσκοπίαις
1570 695 1645 735 ’καί

167 766 258 811 ταῖς
288 761 340 802 δι’
368 756 526 816 ἥπατος
545 763 763 813 μαντείαις
794 763 865 803 ε’πί
895 764 1024 803 πλείω
1052 762 1467 816 μεγαλαυχούμενος,
1498 757 1526 815 ἢ
1554 766 1642 809 τοῖς

168 826 432 883 μαθήμασιν.
467 823 589 906 οὗτος
620 828 727 883 πρὸς
759 827 804 870 τὸ
838 845 909 884 της
942 827 1140 882 ἀσεβείας
1170 825 1350 878 ελκύσας
1381 827 1452 870 τὸν
1482 827 1643 882 δυ’στη-

169 912 238 939 νον
266 895 503 951 βάραθρον,
530 893 582 937 τὰ
613 913 758 950 πρωτα
787 899 888 950 παρ’
917 896 1034 953 αὔτιῦ
1063 898 1135 950 τῆς
1155 897 1404 973 δυναστείας
1424 897 1640 975 ε’κέκτητο.
1665 912 1708 938 ιο

169 962 303 1021 τούτω
334 961 406 1005 τὸν
450 960 658 1018 μακάριον
698 964 921 1019 ἐκδίδωσι,
951 963 1112 1005 ἁλῶναι
1149 979 1313 1012 παντως
1342 959 1394 1021 τῇ
1421 962 1463 1006 i'i
1469 979 1533 1016 γγι
1563 965 1643 1004 τῶν

167 1029 320 1073 τούτου
353 1029 487 1084 λόγων
518 1027 718 1082 οιόμενος.
744 1030 836 1072 ἀλλ’
866 1045 960 1079 ονος
988 1025 1104 1072 αὸων
1132 1028 1237 1086 πρὸς
1268 1029 1403 1084 λύραν
1434 1030 1640 1085 ἡλίσκετο·

169 1099 242 1139 καί
271 1097 318 1154 τνῇ
349 1092 502 1154 ἀμάχῳ
530 1098 609 1138 τοῦ
635 1095 792 1153 ἀνδρὸς
823 1098 1038 1156 παρρησίᾳ
1072 1100 1153 1140 τῶν
1183 1096 1318 1152 λόγων
1352 1101 1643 1151 καταπλαγείς,

169 1164 250 1219 πρὸ
283 1165 526 1219 συμπλοκῆς
557 1163 634 1218 την
665 1159 797 1220 ἧτταν
830 1163 1047 1221 ἠσπάζετο,
1077 1167 1150 1207 καί
1179 1167 1238 1224 τῷ
1267 1166 1491 1218 κρατοῦντι
1520 1164 1643 1219 ὸίἡγ-

168 1237 303 1286 γειλεν
342 1230 397 1280 ὦς
437 1232 635 1286 κρείττων
682 1231 834 1282 παντὸς
876 1230 1002 1287 λόγου
1030 1232 1109 1274 καί
1137 1233 1322 1274 α’πειλῶν
1362 1231 1384 1272 ὁ
1413 1232 1543 1286 ἀνήρ,
1574 1231 1708 1273 καὶι5

168 1297 270 1347 τούς
303 1294 381 1353 ἤδη
425 1302 786 1354 πεισθησομένους
832 1301 1054 1353 ἐπιμείνας
1090 1300 1146 1356 τῷ
1187 1297 1295 1358 τόπῳ
1337 1297 1545 1351 α’νακόψει
1573 1300 1646 1352 τῆς

169 1364 465 1421 ἐγχειρήσεως.
525 1363 561 1408 αἳ
590 1367 757 1422 γνώμης
789 1367 1030 1420 α’δάμαντος
1058 1367 1338 1423 στερροτέρας
1367 1368 1439 1407 καί
1473 1365 1645 1407 α’νυπεί-

168 1449 268 1475 κτου
301 1435 403 1476 πᾶσι
436 1439 524 1483 τοῖς
548 1432 656 1475 κατὰ
688 1435 762 1488 τῆς
790 1433 992 1489 ἀληθείας
1028 1433 1346 1489 μηχανήμασιν.
1403 1428 1438 1475 αἲ
1470 1434 1647 1489 φίλτρον

168 1499 269 1555 περὶ
295 1498 369 1543 τὸν
402 1499 568 1557 κτιστήν
605 1498 841 1557 ἀκόρεστον,
884 1500 965 1542 ὑπὸ
995 1500 1178 1556 μηδενὸς
1210 1502 1294 1542 τῶν
1322 1502 1399 1542 τοῦ
1427 1501 1524 1554 βίου
1554 1515 1642 1540 πει-

169 1570 383 1623 ρατηρίων
412 1565 703 1622 δῖαλυὸμενον.
734 1567 825 1610 ἀλλ’
856 1568 948 1610 οὐδ’
983 1567 1042 1617 αἱς
1059 1570 1239 1623 α’πέληγε
1267 1569 1408 1623 μάχης
1434 1567 1456 1607 ὅ
1486 1582 1641 1622 τυραν·
1657 1583 1708 1609 20

169 1637 283 1691 νικῆς
312 1633 528 1690 ω’μότητος
559 1634 759 1688 ὲζιιπλεος*
789 1642 877 1684 τοῖς
908 1637 992 1677 τῶν
1019 1635 1287 1690 Ἐλευθερίου
1318 1636 1365 1677 δὲ
1398 1633 1644 1690 α’νακτόροις

264 1761 296 1794 3.
321 1758 411 1808 οἵης]
433 1760 515 1794 sort.
532 1760 603 1804 τῆς.
702 1772 734 1805 7.
761 1759 961 1796 ἐκκαλλώπ.
988 1759 1065 1794 Par.
1169 1760 1217 1793 15.
1244 1762 1396 1806 κρείττω
1413 1760 1488 1794 Par.
1590 1759 1642 1792 16.

261 1811 564 1856 πειθησομένους
591 1810 666 1841 Par.

169 1917 242 1940 non
267 1906 371 1940 valeo
388 1931 398 1948 ,
431 1906 648 1940 valetudinis
689 1907 898 1940 infirmitate
934 1910 1122 1953 superata,
1160 1905 1198 1938 in
1224 1915 1347 1949 rogum
1374 1909 1560 1950 promptus
1587 1904 1644 1936 in-

168 1954 298 1988 siliam.

263 2002 327 2035 His
354 2000 501 2043 auditis,
530 2002 756 2046 turpissimus
777 2001 838 2034 ille
867 2001 1104 2034 constantiam
1135 1999 1283 2046 quidem
1306 1999 1416 2032 animi
1447 1999 1550 2032 fortis
1577 1998 1643 2032 ad-

169 2048 318 2082 miratus
343 2054 415 2091 est,
442 2050 486 2082 de
514 2050 666 2083 victoria
695 2055 815 2082 tamen
841 2061 940 2094 spem
965 2059 1040 2081 non
1079 2047 1224 2088 abiecit,
1250 2046 1408 2081 hominis
1434 2047 1531 2080 inter
1557 2058 1639 2080 suos

169 2095 263 2130 dolis
290 2073 530 2130 strenuissimi
559 2097 671 2130 fretus
698 2096 831 2130 suadae
852 2097 906 2129 vi.
932 2096 961 2129 is
994 2107 1130 2150 nempe
1151 2105 1334 2150 magorum
1360 2094 1575 2141 praestigiis,
1604 2106 1643 2127 ac

169 2143 408 2190 sophistarum
435 2145 660 2189 imposturis,
700 2145 992 2189 Graecorumque
1029 2143 1217 2188 auspiciis,
1244 2148 1353 2188 atque
1386 2142 1555 2176 iecinoris
1583 2142 1643 2175 in-

169 2192 430 2247 spectionibus,
460 2203 567 2237 quam
596 2191 798 2237 disciplinis
825 2191 1037 2225 instructior
1062 2196 1159 2234 erat3
1195 2201 1349 2236 cumque
1377 2191 1546 2224 miserum
1574 2189 1642 2223 ho-

168 2240 301 2273 minem
323 2241 361 2273 in
381 2240 579 2285 impietatis
599 2239 811 2273 barathrum
836 2240 1014 2280 traxisset,
1043 2238 1140 2284 apud
1166 2250 1247 2271 eum
1264 2237 1409 2272 valebat
1433 2239 1640 2284 plurimum.

169 2286 252 2320 huic
278 2287 425 2320 beatum
467 2287 577 2320 tradit
600 2287 886 2333 Theophanem,
916 2298 1062 2332 sperans
1096 2286 1196 2319 illius
1234 2285 1424 2319 verborum
1458 2285 1642 2320 lenocinio

169 2335 319 2368 omnino
347 2334 537 2380 deceptum
569 2335 624 2368 iri.
692 2337 812 2368 verum
840 2341 1011 2380 tanquam
1036 2335 1157 2367 asinus
1183 2333 1228 2366 ad
1255 2334 1365 2377 lyram
1395 2333 1641 2380 deprehensus

169 2388 233 2416 est.
283 2383 450 2416 invictam
490 2383 617 2428 itaque
643 2383 710 2415 viri
738 2384 850 2416 sancti
893 2381 1036 2415 dicendi
1062 2381 1267 2415 libertatem
1295 2382 1547 2415 vehementius
1576 2381 1643 2414 ad-

167 2432 327 2471 miratus,
355 2437 549 2475 antequam
578 2430 882 2474 congrederetur,
910 2442 947 2463 se
972 2431 1102 2464 victum
1131 2440 1208 2463 esse
1234 2429 1418 2462 confessus
1447 2435 1521 2463 est:
1547 2442 1643 2464 nun-

169 2479 350 2524 ciavitque
375 2479 597 2523 imperatori,
626 2490 706 2510 eum
723 2478 1023 2523 praestantiorem
1051 2489 1139 2518 esse,
1165 2488 1273 2523 quam
1306 2483 1346 2511 ut
1374 2478 1552 2520 oratione,
1580 2483 1644 2511 aut

167 2527 274 2560 minis
303 2526 387 2559 ullis
414 2526 578 2571 superari
604 2532 744 2571 posset:
784 2526 873 2572 quin
900 2526 1008 2558 etiam
1040 2525 1069 2558 si
1106 2524 1157 2558 ibi
1184 2524 1321 2558 diutius
1350 2532 1642 2566 commoraretur,

168 2574 259 2615 sore,
287 2579 327 2607 ut
351 2574 503 2607 aliorum
532 2574 668 2606 animos
703 2575 738 2606 in
764 2574 979 2607 sententiam
1010 2572 1153 2605 iamiam
1180 2583 1434 2614 concessuros,
1459 2585 1479 2606 a
1508 2585 1643 2619 propo-

169 2623 238 2655 sito
264 2621 494 2655 absterreret.
560 2633 580 2654 ο
606 2627 764 2654 mentem
799 2620 988 2654 adamante
1019 2620 1226 2661 firmiorem,
1252 2626 1289 2653 et
1316 2621 1425 2654 nullis
1453 2621 1643 2655 cedentem

168 2668 343 2703 machinis
373 2668 670 2714 oppugnantibus
691 2668 898 2702 veritatem!
950 2680 970 2702 o
998 2669 1127 2701 amoris
1152 2668 1224 2702 vim
1257 2679 1338 2713 erga
1363 2674 1557 2702 creatorem
1584 2670 1643 2701 in-

169 2717 398 2758 credibilem,
428 2727 520 2762 quae
548 2717 660 2749 nullis
688 2718 782 2750 vitae
811 2716 1077 2750 tentationibus
1107 2715 1256 2749 dissolvi
1280 2717 1411 2761 potuit.
1463 2723 1644 2750 caeterum

170 2765 215 2797 ab
245 2766 519 2811 impugnatione
545 2776 618 2798 non
646 2765 788 2798 destitit
816 2764 924 2797 homo
951 2764 1136 2807 tyrannica
1164 2764 1294 2808 plenus
1311 2763 1550 2797 crudelitate:
1581 2763 1644 2797 sed

173 2813 284 2846 virum
311 2819 471 2847 sanctum
501 2813 538 2846 in
567 2812 768 2846 Eleutherii
795 2812 931 2858 palatio
965 2811 1104 2846 includi
1141 2811 1254 2853 iubet,
1283 2811 1458 2846 adhibitis
1487 2811 1645 2846 custodi-
