1786 3204
252 174 269 208 1
283 154 318 220 4
793 163 1136 208 THEOPHAle

243 272 316 319 καὶ
342 272 466 315 οὐδὲν
500 270 616 327 αὐτῷ’
645 268 752 324 πρὸς
791 267 836 310 τὸ
864 271 1034 320 ταμεῖον
1074 262 1380 314 ἐσπουδάζετο·
1450 259 1614 313 μᾶλλον
1660 259 1707 299 δὲ

242 340 342 393 τούς
382 336 592 394 ὑπηκόους
630 333 878 392 θησαυρούς
915 332 1028 387 ἔχειν
1056 328 1279 385 ἐβούλετο,
1326 325 1401 370 καὶ
1427 327 1626 369 τοσοῦτον
1655 320 1709 380 ἦν

244 405 448 465 ἐγκρατὴς
473 405 572 460 περὶ
594 401 826 460 χρημάτων
855 404 1022 456 κτῆσιν,
1052 395 1161 441 ὥστε
1194 399 1268 439 καί
1293 391 1542 451 πανδήμους
1568 394 1708 436 ἐπιτε-

246 482 333 519 λεῖν
362 472 529 529 ἑορτάς,
557 472 630 512 καί
657 467 836 517 πολλοὺς
864 470 947 510 τῶν
978 466 1115 523 φίλων
1154 463 1406 518 συμποσίοις
1436 462 1570 515 τιμῶν
1601 458 1708 516 ἤγα-

208 545 350 590 Βπᾶτο
377 540 486 582 πάνυ
516 537 633 591 παρὰ
654 540 735 579 τῶν
762 537 937 578 Γάλλων
962 536 1019 591 τῷ
1049 533 1182 590 πικρῷ
1210 533 1288 573 τοῦ
1302 528 1608 585 Διοκλητιανοῧ
1637 525 1747 569 καίὄ

245 612 305 668 τῷ
347 608 502 666 φονικῷ
542 604 820 658 ΠΙαξιμιανοῦ
866 604 945 644 τοῦ
978 600 1220 656 Ἑρκουλιόυ
1268 593 1604 653 συγκρινόντων,
1652 587 1711 636 ὧν

249 672 546 732 α’πηλλάγησαν
575 673 630 713 δι’
671 669 817 712 αὐτοῦ.
892 663 1012 717 οὗτος
1038 667 1214 724 τελευτᾷ
1244 666 1289 708 ἐν
1319 665 1600 718 Βρεττανίαις
1629 665 1711 717 βα·

248 740 445 791 σιλεύσας
471 737 544 795 ἔτη
575 737 737 792 ἕνδεκα,
770 732 1058 791 ἀναγορεύσας
1079 734 1167 776 ἄντ’
1195 732 1329 774 αὐτοῦ
1369 732 1550 785 βασιλέα
1580 732 1710 772 Κων-

247 814 462 853 σταντῖνον
501 805 573 849 τὸν
612 802 872 860 πρωτότοκον
912 802 1047 844 αυ’τοῦ
1096 798 1192 842 υἱὸν
1236 801 1318 851 ζῶν
1354 796 1438 852 ἔτι,
1481 799 1547 840 ἐπ’
1578 791 1711 851 ὄψεσι

247 874 404 924 παντὸς
442 875 519 916 τοῦ
562 873 692 926 λαοῦ,
733 871 961 927 περιόντων
988 867 1060 910 καί
1087 869 1169 910 τῶν
1198 868 1354 909 λοιπῶν
1383 865 1518 907 αὐτοῦ
1545 866 1711 907 παίδων

245 944 326 987 τῶν
345 941 611 996 ὁμοπατρίων
631 935 950 994 Κωνσταντίνῳ,
983 934 1297 990 Κωνσταντιόυ,
1326 934 1459 990 φημί,
1488 935 1562 975 καί
1588 934 1714 976 Ἀνα-

245 1008 471 1064 βαλλύιου,
513 1008 592 1049 τοῦ
626 1005 699 1048 καί
742 1004 1017 1057 Δαλματιόυ,
1063 1002 1347 1057 γεννηθέντων
1387 1001 1434 1042 ἑκ
1481 998 1714 1055 Θεοδώρας

243 1073 454 1132 θυγατρὸς
474 1072 731 1130 Ἑρκουλιόυ.
790 1071 813 1112 ὗ
844 1069 923 1127 γὰρ
956 1073 1280 1118 Κωνσταντῖνος
1305 1069 1349 1120 ἐξ
1369 1067 1536 1124 Ἑλένης
1562 1063 1613 1123 ἦν
1637 1069 1714 1122 τῆς

244 1145 453 1199 προτέρας
480 1139 676 1197 γυναικὸς
698 1141 1015 1183 Κωνσταντίου·
1053 1135 1075 1178 ὅ
1105 1138 1152 1178 δὲ
1173 1135 1475 1184 Κωνστιέντιος
1502 1131 1525 1176 ὅ
1554 1133 1714 1177 τούτων

244 1209 381 1264 πατὴρ
408 1209 691 1263 θυγατριδοῦς
720 1203 772 1261 ἦν
800 1206 1026 1248 Κλαυδίου
1050 1206 1128 1246 τοῦ
1150 1206 1372 1258 βασιλέως,
1402 1204 1636 1257 Γαλλέριος
1666 1203 1713 1244 δὲ

242 1275 432 1333 γαμβρός
459 1274 766 1329 Διοκλητιανοῦ
792 1268 844 1328 ἦν
876 1273 949 1314 ἐπὶ
982 1272 1171 1326 θυγατρί
1200 1271 1404 1328 Βαλερίᾳ.
1473 1266 1565 1311 τότε
1598 1271 1714 1311 Γαλ-

207 1346 381 1399 (Σλέριος
415 1339 686 1395 Μαξιμιανὸς
711 1342 783 1383 ἐπί
805 1339 989 1382 Ἰταλίαν
1030 1336 1189 1390 ἐλθών,
1228 1334 1524 1391 ἐχειροτόνησε
1562 1338 1715 1378 καίσα-

245 1426 324 1468 ρας
353 1410 429 1451 δύο
447 1427 460 1438 ·
516 1411 592 1450 καί
619 1409 820 1462 ἐπέστησε
851 1408 1098 1459 Μαξιμῐνον
1125 1406 1204 1458 μὲν
1233 1402 1306 1447 τὸν
1337 1401 1447 1446 ἴδιον
1478 1401 1575 1445 υἶὸν
1607 1401 1712 1445 κατὰ

247 1477 323 1534 τὴν
350 1475 485 1534 ἑῴαν,
531 1476 718 1531 ,Σευῆρον
744 1475 791 1517 δὲ
835 1471 939 1515 κατὰ
976 1470 1055 1528 την
1078 1471 1278 1515 Ἰταλίαν.
1354 1469 1394 1512 οἱ
1422 1471 1469 1513 δὲ
1500 1471 1544 1513 ἐν
1567 1469 1714 1528 Ῥώμῃ

339 1627 375 1671 4.
403 1622 516 1672 τιμᾷν
545 1623 649 1658 codd.
674 1623 796 1658 Goari.
873 1624 905 1657 5.
930 1622 982 1668 τῷ
1008 1621 1190 1667 πικρῷ-
1210 1619 1346 1667 καὶτῷ
1385 1619 1533 1667 φονικῷ
1559 1621 1585 1651 Α
1614 1630 1645 1660 e,
1673 1614 1714 1653 τὸ

338 1668 483 1720 πικρόν
506 1675 571 1707 καὶ
595 1666 636 1708 τὸ
661 1668 824 1719 φονικὸν
851 1671 946 1715 vulg.
1081 1672 1114 1703 6.
1143 1671 1390 1717 Μαξιμιανοῦ
1414 1668 1479 1702 τοῦ
1499 1668 1716 1714 Ἑρκουλίου

338 1722 369 1755 Α
395 1733 426 1762 e,
451 1722 516 1756 τοῦ
541 1719 788 1767 ΒΙῙαξιμιανοὸ
812 1718 907 1763 vulg.
1030 1721 1294 1764 συγκρίνοντες
1317 1717 1344 1749 Α
1371 1727 1401 1749 e.
1536 1728 1570 1760 9.
1602 1713 1718 1749 αὐτοῦ

337 1764 425 1804 υἱὸν
443 1768 483 1810 A,
505 1765 589 1804 υἱὸν
614 1767 729 1803 αὐτοῦ
752 1767 846 1812 vulg.
967 1764 1020 1799 ἔτι
1045 1777 1115 1798 om.
1143 1765 1183 1799 A.
1287 1776 1337 1798 ιι.
1363 1766 1645 1810 Κωνσταντίνῳ
1675 1764 1717 1802 Α,

339 1820 633 1852 Κωνσταντίνου
657 1815 753 1860 vulg.
868 1811 1116 1859 Ἀναβαλίνου
1144 1814 1184 1854 A,
1206 1810 1502 1859 Ἀναβαλλιάνου
1524 1811 1560 1844 b.
1665 1820 1715 1843 ια.

338 1865 544 1911 Δελματίου
566 1865 608 1898 A.
712 1864 763 1908 14.
793 1861 812 1897 ὅ
843 1861 882 1897 δὲ
906 1862 946 1902 Α,
973 1860 991 1896 ὁ
1019 1858 1095 1909 γὰρ
1121 1860 1218 1907 vulg.
1322 1862 1372 1895 15.
1398 1858 1652 1906 θυγατριδοῦς
1677 1859 1717 1898 Α,

338 1912 566 1960 θυγατρίὸης
587 1911 686 1956 vulg.
812 1910 863 1945 16.
895 1905 938 1952 ἦν
964 1921 1033 1942 om.
1058 1909 1093 1942 b.
1220 1910 1272 1942 18.
1303 1909 1403 1948 Μαξ.
1428 1907 1501 1955 μὲν
1525 1904 1592 1942 τὸν
1618 1906 1719 1941 ἴδιον

338 1958 423 1996 υἱὸν
450 1962 489 2003 A,
515 1955 579 1996 τὸν
596 1960 665 2008 μὲν
695 1957 744 1993 ἴὸ.
768 1953 853 1993 υἱὸν
879 1960 932 1992 Μ.
957 1957 1052 2002 vulg.
1207 1968 1257 2003 ¹9·
1281 1958 1452 2005 Σευῆρον
1481 1957 1523 1998 A,
1548 1954 1719 2003 EessrJqor

340 2009 435 2053 vulg.

247 2122 339 2170 perii
371 2127 467 2156 sorte
505 2126 718 2162 contentus,
767 2120 923 2166 plurima
962 2119 1241 2154 mansuetudine
1282 2131 1497 2167 morumque
1530 2120 1718 2166 probitate

249 2171 474 2217 praecelluit.
524 2169 625 2202 nulla
652 2170 683 2202 ei
711 2168 755 2201 de
783 2169 921 2202 aerario
949 2179 1051 2201 cura:
1091 2170 1253 2214 quinimo
1293 2168 1452 2203 thesauri
1477 2170 1559 2204 loco
1588 2168 1716 2202 subdi-

249 2225 306 2252 tos
333 2217 467 2251 habere
493 2217 634 2250 maluit.
685 2216 776 2249 adeo
805 2215 1036 2262 pecuniarum
1061 2227 1080 2248 a
1106 2217 1335 2262 possessione
1368 2217 1439 2251 sibi
1465 2217 1716 2263 temperabat,

247 2272 290 2300 ut
318 2265 394 2299 dies
421 2265 532 2298 festos
561 2263 657 2297 ludis
682 2263 853 2297 exhibitis
882 2264 1092 2309 frequenter
1124 2265 1347 2306 celebraret,
1373 2271 1410 2299 et
1437 2277 1601 2310 magnam
1628 2266 1720 2298 ami-

249 2325 371 2348 corum
394 2318 532 2359 partem
559 2323 637 2344 cum
665 2310 802 2346 honore
830 2312 1003 2345 conviviis
1028 2313 1221 2358 exciperet.
1255 2325 1275 2346 a
1293 2313 1419 2356 Gallis,
1449 2325 1588 2347 morum
1613 2324 1721 2359 aspe-

249 2362 393 2395 ritatem
424 2362 462 2394 in
494 2360 749 2401 Diocletiano,
787 2364 823 2392 et
864 2360 902 2392 in
946 2360 1167 2395 Maximiano
1206 2361 1370 2395 caedium
1414 2361 1720 2396 consuetudinem

247 2409 400 2456 (quibus
426 2408 529 2442 malis
550 2419 614 2452 per
641 2419 722 2440 eum
742 2413 826 2440 sunt
851 2408 983 2454 erepti)
1009 2408 1344 2452 condemnantibus,
1371 2411 1570 2456 praecipuo
1596 2420 1720 2443 amore

248 2457 451 2491 colebatur.
501 2467 596 2489 anno
621 2455 762 2501 imperii
791 2454 982 2488 undecimo
998 2456 1073 2489 vita
1096 2457 1258 2501 fungitur
1280 2459 1318 2491 in
1346 2459 1544 2492 Britannia.
1596 2457 1717 2491 adhuc

248 2510 429 2550 superstes
463 2504 501 2537 in
537 2504 649 2537 totius
676 2503 803 2549 populi
831 2509 1048 2548 conspectu,
1089 2505 1406 2539 circumstantibus
1433 2507 1540 2540 etiam
1568 2506 1720 2552 reliquis

247 2553 324 2586 eius
354 2553 458 2594 filiis,
485 2550 613 2585 eodem
642 2551 811 2585 nimirum
843 2557 945 2596 patre
972 2563 1051 2584 cum
1077 2552 1314 2586 Constantino
1340 2554 1460 2596 natis,
1490 2555 1722 2594 Constantio,

248 2601 355 2641 dico,
399 2606 436 2633 et
467 2599 714 2640 Anaballino,
748 2599 811 2644 qui
837 2604 874 2632 et
912 2599 1136 2640 Dalmatius,
1164 2599 1359 2635 Theodora
1397 2608 1530 2644 matre,
1557 2602 1721 2636 Herculii

242 2649 335 2690 filia,
354 2647 497 2693 genitis»,
523 2646 801 2681 Constantinum
825 2647 1103 2692 primogenitum
1131 2647 1324 2683 declaravit
1348 2651 1611 2696 imperatorem.
1661 2649 1721 2684 hic

243 2697 343 2729 enim
382 2695 641 2729 Constantinus
682 2694 843 2728 Helenae
889 2695 1018 2739 prioris
1069 2695 1270 2730 Constantii
1325 2699 1443 2732 uxoris
1489 2704 1614 2744 partus
1655 2709 1722 2731 ex—

247 2745 336 2778 titit.
398 2755 521 2778 eorum
546 2748 651 2789 pater
686 2742 918 2776 Constantius
951 2754 1065 2788 nepos
1099 2743 1243 2777 Claudii
1272 2745 1499 2791 imperatoris
1541 2758 1584 2780 ex
1621 2746 1721 2779 filia:

249 2791 442 2835 Galerius,
479 2790 554 2826 filia
587 2790 733 2826 valeria
778 2790 908 2833 ducta,
945 2790 1167 2827 Diocletiani
1205 2804 1315 2838 gener
1360 2793 1438 2828 fuit.
1499 2806 1541 2828 ea
1578 2800 1720 2840 tempe-

1731 877 1777 903 10

1733 1199 1780 1239 15
