1820 3120
268 130 379 213 736
828 148 1182 192 'rquPnANis

261 253 576 311 ἒξκουβίτωρας
606 249 698 308 ἅμα
734 257 821 303 τοῖς
853 248 1064 309 ἄρχουσιν
1091 247 1235 295 αὐτῶν
1265 248 1537 306 δεξιούμενος
1564 251 1761 310 χρήμασι

262 327 338 367 καί
362 326 557 380 δωρεαῖς.
590 319 751 379 Εἰρήνη
782 322 830 364 δὲ
867 320 894 376 ἦ
929 318 1112 376 εὐσεβής
1140 320 1351 363 σιλὲντιον
1381 318 1677 377 ποιήσασακέν
1703 324 1764 381 τῷ

255 388 564 436 Ἰουστινιανοῦ
596 393 818 449 τρικλίνῳ,
847 387 983 431 πάντα
1013 386 1356 444 στρατευόμενον
1383 385 1599 433 ἐκώλυσεν
1628 406 1763 447 προσ-

261 459 463 513 πελάζειν
501 477 558 519 trgi
601 459 874 517 Eravpam'cp.
934 458 1009 499 καί
1035 453 1170 506 οὕτως
1199 454 1351 513 ἔτυχεν
1379 458 1539 512 μικρᾶς
1565 457 1765 511 εὕταξίας

262 528 318 572 τοὶ
349 527 595 585 πράγματα.
652 528 809 576 Ἀέτιος
840 527 887 568 δὲ
920 523 942 566 0‘
972 525 1236 582 προρρηθείς
1263 523 1338 568 καί
1355 524 1547 583 Νικήτας
1576 524 1659 570 σὺν
1687 520 1803 573 ‘'ih-5

263 603 355 648 λοις
398 595 488 640 τισί
527 595 862 652 κατηγωνίζοντο
909 594 1200 647 Σταυρακίου.
1271 592 1293 636 ὅ
1336 594 1385 637 δὲ
1430 592 1767 651 καρδιόπληκτος

261 664 483 722 γενόμενος
521 659 633 718 αἷμα
676 661 746 705 διὰ
792 663 874 705 τοῦ
910 661 1119 716 στόματος
1166 661 1317 719 ἄνῆξεν
1359 662 1565 720 α’φρῶδες
1594 665 1641 706 ἐκ
1679 665 1765 706 τῶν

224 732 373 780 Βκατὰ
403 732 583 787 θώρακα
608 728 684 774 καί
711 730 931 784 πνεύμονα
963 731 1139 785 μορίων.
1198 731 1324 774 τοῦτο
1358 729 1398 774 οἱ
1429 732 1576 788 ἰατροί
1603 729 1765 774 θεασά-

262 818 384 856 μενοι
414 799 658 854 θανάσιμον
686 797 977 857 ἀπεφήναντο·
1009 796 1048 841 οἱ
1080 800 1127 842 δὲ
1154 800 1300 842 λοιποὶ
1327 797 1505 850 κόλακες
1535 801 1611 842 καί
1634 799 1765 856 ἀνόη-

262 886 343 926 τοι,
374 870 429 912 ου’
455 869 587 924 μόνον
629 868 794 923 ἰατροί,
837 865 944 910 ἀλλὰ
977 866 1058 910 καί
1078 883 1192 918 τινες
1233 866 1447 924 α’μόναχοι
1473 870 1662 923 μοναχοί
1693 870 1767 911 καί
1784 887 1820 912 ι(

261 937 431 995 γόητες,
460 935 635 980 ἔπειθον
676 932 819 993 ὅρκοις
860 937 942 985 ἓως
978 937 1052 992 τῆς
1086 937 1222 993 αὐτῆς
1264 935 1432 992 ἡμέρας
1467 937 1543 992 τῆς
1569 937 1767 992 τελευτῆς

263 1006 410 1063 αὐτοῦ,
440 1003 469 1062 ἢ
493 1005 663 1061 γέγονεν
701 1002 811 1047 κατὰ
859 1002 937 1047 τὸν
973 1001 1152 1048 Ἰούνιον
1196 1007 1312 1061 μῆνα
1339 1007 1413 1062 τῆς
1446 1005 1583 1062 αὐτῆς
1613 1004 1768 1061 ὀγδόης

122 1076 525 1129 ν.319ἷνδικτιαῖνος
569 1071 710 1131 ἡμέρᾳ
747 1070 892 1131 τρίτῃ,
931 1068 999 1116 ὅτι
1042 1073 1216 1129 ζήσεται
1257 1073 1333 1116 καί
1371 1071 1636 1129 βασιλεύσει.
1704 1068 1768 1124 οἷς

263 1141 643 1198 ὁπερερειδὸμενος
685 1139 839 1184 στάσιν
883 1142 930 1184 ἕν
962 1146 1059 1191 ταῖς
1091 1143 1428 1192 Καππαδοκιάις
1456 1137 1769 1185 συνεσκεύασεν

263 1210 371 1254 κατὰ
411 1210 577 1254 Ἀετίου
621 1210 853 1266 γενέσθαι,
895 1207 951 1265 ἢν
980 1209 1057 1252 οὐκ
1087 1210 1252 1266 ἠξιώθη
1297 1211 1384 1263 ζῶν
1413 1211 1626 1253 α’κοῦσαν
1657 1208 1766 1264 μετά
1788 1212 1820 1255 ιξ

261 1277 345 1336 γὰρ
386 1277 464 1321 δύο
498 1278 664 1336 ἡμέρας
686 1280 766 1320 τοῦ
793 1281 944 1321 θανεῖν
976 1276 1119 1335 αὑτόν,
1159 1281 1394 1332 κατέλαβεν
1432 1277 1458 1335 ἦ
1486 1278 1589 1334 περὶ
1614 1276 1767 1321 τούτου

265 1345 426 1405 φάσις·
467 1349 543 1391 καί
583 1344 624 1389 οἱ
656 1347 921 1390 στασιασταί
954 1348 1274 1405 συλληφθέντες
1315 1346 1504 1404 ἐξοριάις
1531 1344 1607 1389 καί
1632 1362 1770 1401 τιμω-

214 1423 243 1458 C
262 1418 378 1472 ριάις
413 1411 741 1472 ὖπεβλήθησαν.

51 1494 248 1540 A.M.6293
383 1483 527 1542 Τούτῳ
562 1484 622 1540 τῷ
653 1480 749 1539 ἔτει,
779 1483 888 1540 μηνί
909 1484 1164 1541 Δεκεμβρίῳ
1195 1481 1277 1539 κε’,
1309 1483 1541 1526 ἰνδικτιῶνι
1571 1481 1626 1541 θ’,
1672 1480 1765 1527 Ka'-

262 1557 414 1612 ρουλος
448 1551 470 1594 ὁ
507 1552 593 1594 τῶν
610 1548 824 1607 Φράγγων
854 1550 935 1607 ῥῆξ
956 1553 1150 1608 ἐστέφθη
1178 1549 1262 1593 ὑπὸ
1293 1553 1486 1602 Λέοντος
1518 1554 1596 1595 τοῦ
1629 1552 1820 1596 πάπαά(

360 1710 395 1733 2.
424 1696 444 1742 ἦ
471 1695 627 1743 εόσεβὴς
658 1708 728 1730 om.
759 1697 783 1730 f.
883 1698 916 1732 6.
943 1698 1188 1744 Σταυρακίου
1214 1697 1254 1738 Α,
1278 1698 1508 1743 Σταυρακίῳ
1534 1696 1631 1740 vulg.
1729 1708 1763 1740 9.

360 1746 438 1783 κόλ.
468 1749 534 1781 καὶ
560 1745 717 1789 ἀνόητοι
731 1746 771 1788 Α,
798 1744 874 1781 κόλ.
905 1743 1059 1790 ἀνόητοι
1084 1746 1182 1790 vulg.
1269 1756 1318 1778 ιο.
1346 1750 1429 1791 post
1451 1748 1625 1804 μοναχοὶ
1654 1745 1678 1778 Α
1706 1756 1724 1778 a
1754 1745 1771 1778 f

363 1795 446 1830 add.
474 1798 540 1830 καὶ
568 1794 773 1830 «noudum.
919 1795 972 1839 ¹4·
1005 1792 1348 1842 ὖπερερειδόμενος
1371 1794 1414 1835 Λ,
1442 1793 1644 1842 υπερερηδ.
1668 1794 1765 1839 vulg.

368 1846 423 1880 16.
448 1846 540 1892 περὶ
566 1842 650 1877 add.
682 1854 726 1876 ex
745 1843 783 1876 Δ.

268 1962 507 2007 imperantem
544 1959 671 1992 urbem
705 1958 915 1992 commovit.
978 1958 1140 2004 piissima
1167 1969 1252 1993 vero
1279 1958 1382 1991 Irene
1418 1962 1548 1991 senatu
1581 1957 1628 1992 ad
1651 1959 1767 1993 Iusti-

266 2009 368 2044 niani
394 2008 595 2042 triclinium
618 2006 770 2048 indicto,
797 2006 960 2051 singulos
987 2017 1156 2053 quosque
1180 2007 1218 2040 in
1247 2007 1378 2040 militia
1406 2008 1537 2040 mereri
1565 2007 1692 2041 solitos
1719 2008 1766 2041 ad

270 2058 499 2092 stauracium
527 2056 700 2090 accedere
726 2055 942 2102 prohibuit,
972 2066 1015 2088 ex
1041 2067 1114 2101 quo
1156 2066 1275 2088 rerum
1301 2055 1554 2101 tranquillitas
1582 2055 1628 2088 ad
1655 2055 1765 2089 breve

270 2112 415 2152 tempus
442 2106 601 2139 emersit.
660 2105 787 2138 Aetius
817 2109 961 2145 autem,
992 2115 1102 2149 quem
1129 2102 1300 2145 diximus,
1328 2115 1370 2136 ac
1397 2104 1546 2138 Nicetas
1574 2116 1653 2137 cum
1681 2105 1765 2138 aliis

270 2153 489 2202 quibusdam
515 2153 743 2187 Stauracium
785 2151 1073 2186 insectabantur.
1134 2153 1280 2186 interim
1319 2152 1383 2185 ille
1421 2153 1532 2185 corde
1562 2152 1764 2195 sideratus,

270 2203 485 2247 sanguinem
509 2214 717 2247 spumosum
746 2200 904 2235 thoracis
932 2206 969 2234 et
995 2201 1181 2246 pulmonis
1199 2199 1365 2247 partibus
1392 2201 1561 2234 emissum
1588 2212 1650 2234 ore
1676 2213 1765 2235 evo-

270 2264 372 2286 mens
396 2249 547 2284 medicis
585 2249 631 2283 ad
656 2250 905 2296 spectaculum
931 2249 1205 2283 confluentibus
1230 2249 1357 2283 mortis
1383 2254 1633 2293 argumentum
1661 2250 1768 2284 dedit

271 2299 504 2340 inevitabile,
530 2298 694 2345 quamvis
721 2298 758 2330 in
785 2298 974 2331 adversum
1010 2299 1144 2344 reliqui
1169 2296 1379 2331 adulatores
1399 2297 1531 2340 insani,
1557 2297 1658 2331 haud
1686 2311 1767 2332 me-

272 2349 344 2383 dici
372 2353 528 2389 tantum,
561 2346 624 2380 sed
653 2352 690 2380 et
714 2346 908 2391 irreligiosi
942 2345 1113 2380 monachi
1140 2351 1177 2379 et
1205 2345 1502 2392 praestigiatores
1526 2346 1573 2380 ad
1598 2347 1767 2382 ultimum

272 2399 394 2432 obitus
423 2396 539 2443 ipsius
564 2395 673 2435 diem,
699 2395 764 2440 qui
787 2395 923 2428 mensis
949 2396 1046 2428 Iunii
1073 2393 1288 2428 indictionis
1321 2394 1485 2428 eiusdem
1515 2401 1663 2430 octavae
1690 2402 1766 2430 ter—

271 2447 345 2480 tius
373 2446 457 2487 suit,
485 2445 590 2478 illum
621 2442 760 2476 diutius
798 2444 976 2476 victurum
1011 2448 1048 2477 et
1074 2443 1227 2489 imperio
1257 2443 1458 2488 potiturum
1497 2449 1634 2477 temere
1671 2444 1768 2478 affir-

271 2500 423 2528 marent.
474 2492 532 2526 his
560 2492 624 2526 ille
651 2491 908 2526 vaticiniorum
934 2490 1085 2524 ludicris
1112 2491 1328 2532 delectatus,
1356 2491 1578 2525 seditionem
1604 2494 1642 2526 in
1668 2494 1766 2538 Cap-

271 2543 438 2590 patlociis
466 2542 572 2576 Aetio
598 2538 788 2587 perdendo
815 2541 1034 2573 commoveri
1062 2539 1256 2585 disposuit,
1298 2540 1401 2573 cuius
1427 2541 1563 2574 exitum
1593 2547 1633 2574 ut
1661 2542 1766 2574 audi-

273 2598 339 2632 ret,
365 2591 516 2624 minime
545 2601 620 2624 sors
644 2588 814 2622 contulit.
878 2593 963 2633 post
988 2587 1080 2621 duos
1107 2589 1245 2634 quippe
1287 2588 1332 2621 ab
1360 2589 1438 2622 eius
1465 2589 1569 2622 obitu
1598 2589 1688 2631 dies,
1719 2589 1766 2623 de

273 2640 336 2673 illa
363 2640 502 2685 primus
530 2637 679 2672 advenit
704 2637 882 2678 mincius,
923 2641 961 2669 et
986 2637 1024 2669 in
1061 2635 1252 2670 seditionis
1278 2642 1444 2672 auctores
1483 2629 1766 2684 comprzfflensos

276 2689 395 2722 exiliis
423 2693 460 2722 et
485 2687 676 2733 suppliciis
702 2685 993 2719 animadversum
1019 2690 1085 2717 est.

84 2726 174 2763 A·C·
192 2725 259 2773 793
371 2736 448 2770 Hoc
474 2747 597 2776 anno,
627 2746 700 2780 quo
738 2734 893 2767 indictio
918 2744 1018 2766 nona
1051 2739 1241 2766 numerata
1267 2739 1347 2775 est,
1386 2733 1517 2767 mensis
1555 2733 1768 2768 Decembris

276 2784 336 2818 die
361 2785 535 2818 vicesimo
563 2785 707 2830 (litium,
739 2783 958 2816 Francorum
985 2793 1047 2815 rex
1073 2781 1224 2815 Carolus
1252 2794 1271 2815 a
1303 2784 1426 2816 Leone
1453 2794 1544 2828 papa
1572 2789 1768 2816 coronatus

276 2839 354 2876 est,
382 2833 618 2878 Siciliamque
664 2831 778 2866 classe
816 2830 954 2867 adoriri
990 2829 1210 2873 meditatus,
1246 2831 1440 2865 consilium
1474 2832 1647 2874 mutavit,
1687 2843 1769 2865 cum
