1786 3204
285 115 353 180 32
832 131 1179 172 Tffleorrmuis

283 237 330 276 δὲ.
359 234 429 276 καί
459 232 796 288 περίΜελετιόυ,
827 231 930 275 ὥστε
953 231 1131 283 mitigem
1159 233 1204 273 έν
1231 232 1282 287 τῇ
1313 230 1400 286 ἰδίᾳ
1427 228 1544 271 πόλει
1576 229 1741 286 ἡσυχά-

284 303 428 352 ζοντα·
488 301 587 350 τοὺς
615 302 660 343 δὲ
677 297 752 341 ὑπ’
778 301 910 342 αὐτοῦ
945 299 1315 354 χειροτονηθέντας
1335 298 1626 355 μυστικωτέρᾳ
1652 313 1743 351 χει-

282 369 447 427 ροτονία
476 369 773 424 βεβαιοῦσθαι.
830 365 988 421 ἔγραψε
1021 367 1065 406 δὲ
1088 365 1160 407 καί
1192 366 1289 419 περί
1306 366 1383 406 τοῦ
1404 362 1569 418 Πάσχα
1597 367 1745 420 μηκέτι

281 435 384 491 μετὰ
413 437 627 479 Ἰουδαίων
665 433 768 475 αὐτὸ
803 440 960 486 ποιεῖν,
1003 432 1109 474 α’λλά
1159 435 1215 490 trgi
1255 430 1362 473 κατὰ
1401 431 1586 474 Ἰταλίαν
1626 430 1744 490 τύπῳ

281 503 386 546 κατὰ
417 501 491 558 τὴν
523 500 726 557 κυριακὴν
756 504 918 554 μᾶλλον
948 500 1111 555 ἡμέραν
1137 497 1424 554 ἑορτάζοντας.
1483 496 1640 551 ὅμοίως
1674 498 1784 544 καί5

281 570 301 612 ὃ
331 568 591 623 πανευσεβης
622 566 820 622 βασιλεύς
852 566 1071 616 ἐπιστολὰς
1113 565 1274 621 ἔγραψε
1303 568 1524 621 πανταχοῦ
1548 564 1601 606 τά
1635 565 1744 607 αὐτοὶ

282 637 533 686 κελευούσας
576 636 648 676 καί
682 632 938 689 βεβαιούσας
974 633 1024 676 τοὶ
1067 633 1183 687 παρὰ
1213 636 1283 688 τῆς
1316 633 1438 688 ἁγίας
1467 633 1651 676 συνόδου
1679 633 1746 674 έκ-

285 703 553 761 φωνηθέντα,
592 701 665 743 καί
686 697 857 755 >Ἀρειον
902 698 990 754 ἅμα
1020 707 1106 751 τοῖς
1150 700 1388 756 ὁμόφροσιν
1421 694 1556 742 αὐτοῦ
1583 702 1744 755 ‹inexq-

239 770 454 826 Βρύττων,
487 769 825 825 Πορφυριανούς
849 784 893 810 τε
934 768 1093 818 αὐτούς
1122 766 1432 822 ὀνομάζεσθαι,
1464 767 1538 810 καί
1563 766 1613 810 τὰ
1644 784 1746 823 συγ-

282 835 509 893 γράμματα
543 835 683 878 αὐτῶν
709 836 1026 888 κατακαίεσθαι,
1056 837 1131 877 καί
1158 834 1257 884 τούς
1284 833 1343 890 μὴ
1375 837 1497 877 τοῦτο
1524 837 1778 885 ποιοῦνταςι

282 906 593 947 θανατοῦσθαι·
661 904 824 953 ἐξέθετο
857 904 903 944 δὲ
932 903 1003 944 καί
1039 902 1165 955 νόμον
1205 901 1426 956 βασιλικὸν
1463 898 1572 945 οὕτω
1609 905 1747 944 ταῦτα

281 972 488 1026 γίνεσθαι.
519 972 590 1025 τῆς
623 971 668 1011 δὲ
696 967 845 1025 ἑορτῆς
875 967 1077 1024 ἐνστάσης
1106 971 1195 1012 κατ’
1227 965 1332 1012 αὐτὸ
1362 972 1436 1026 τῆς
1465 970 1748 1026 εἰκοσαετηρί-

283 1040 352 1088 οος
380 1029 453 1092 τῆς
494 1036 626 1079 αὐτοῦ
658 1039 898 1093 βασιλείας,
937 1035 1095 1085 πάντας
1124 1035 1225 1087 τούς
1257 1039 1442 1093 πατέρας
1472 1039 1533 1088 εἰς
1562 1035 1750 1080 ἑστίασιν

282 1106 596 1160 προετρέψατο,
626 1105 976 1159 συγκατακλιθείς
1018 1100 1163 1153 αὐτοῖς
1201 1107 1274 1146 καί
1304 1108 1522 1162 ζλαμπραῖς
1565 1104 1750 1160 τιμήσας

284 1174 453 1222 αὐτούς·
529 1173 807 1228 Παφνουτιόυ
852 1173 898 1214 δὲ
933 1174 1008 1214 καί
1049 1173 1133 1213 τῶν
1171 1170 1330 1225 ὁμοίων
1359 1171 1624 1228 ὃμολογηταῖν
1651 1170 1781 1222 τούςι

283 1241 589 1294 ἐξορυχθέντας
636 1237 892 1294 ὀφθαλμούς
942 1241 1013 1280 καί
1051 1237 1105 1280 τὰ
1148 1243 1400 1294 πηρωθέντα
1445 1242 1553 1295 μέλη
1598 1241 1644 1282 ἐν
1692 1239 1751 1297 τῷ

285 1309 454 1365 διωγμῷ
483 1306 727 1363 κατεφίλει,
756 1304 963 1360 ἁγιασμόν
994 1307 1037 1356 ἐξ
1067 1307 1204 1348 αὐτῶν
1227 1306 1514 1362 ποριζόμενος.
1573 1303 1750 1363 παρῄνει

285 1376 332 1416 δὲ
360 1377 461 1416 πᾶσι
502 1378 586 1422 τοῖς
625 1371 866 1422 ἐπισκόποις
914 1373 1087 1428 εἰρήνην
1130 1368 1274 1428 ἄγειν,
1317 1372 1391 1415 καί
1431 1375 1512 1417 τῶν
1541 1372 1645 1417 κατὰ
1677 1375 1751 1416 τοῦ

288 1441 461 1498 πλησίον
499 1443 718 1496 λοιδοριῶν
762 1442 1012 1495 ἀπέχεσθαι.
1085 1440 1180 1491 τούς
1210 1444 1256 1483 δὲ
1285 1443 1527 1496 λιβέλλους,
1559 1441 1632 1492 οὓς
1660 1444 1751 1483 κατ’

180 1519 218 1554 Ρ.
237 1520 276 1553 18
289 1508 481 1565 α’λλήλων
510 1511 616 1558 τινὲς
646 1506 925 1560 έκδεδώκασι,
971 1508 1078 1564 πυρὶ
1105 1510 1376 1564 κατέκαυσεν,
1408 1507 1518 1569 ὅρκῳ
1548 1512 1786 1566 βεβαιῶν,2

382 1651 415 1672 2.
440 1638 503 1674 ὑπ’
532 1638 647 1674 αὐτοῦ
672 1640 721 1682 Α,
747 1639 810 1675 ὑπ’
837 1632 951 1675 αὐτὸν
973 1640 1069 1684 vulg.
1211 1652 1242 1684 7.
1269 1641 1492 1679 κελευούσας
1520 1642 1584 1676 καὶ
1607 1644 1682 1688 βεβ.
1713 1641 1752 1682 Α,

381 1687 616 1733 βεβαιούσας,
644 1691 707 1722 καὶ
732 1686 908 1727 κελεύσας
930 1686 1024 1732 vulg.
1145 1687 1178 1719 8.
1209 1687 1540 1736 ἄποκηρυττούσας
1563 1701 1595 1722 a.
1701 1691 1750 1732 ¹4·

378 1747 526 1782 προετρ.
554 1754 597 1760 ——
614 1737 797 1784 λαμπρῶς
813 1747 880 1768 om.
910 1736 937 1769 A
964 1735 988 1768 f.
1085 1736 1319 1784 προτιμήσας
1342 1740 1386 1770 A.
1489 1738 1539 1771 15.
1566 1737 1621 1786 δὲ]
1649 1748 1687 1772 τε
1712 1739 1752 1770 Α.

386 1785 436 1816 18.
465 1782 572 1830 ἄγειν
592 1796 660 1818 om.
688 1784 723 1817 b.
857 1795 913 1816 20.
942 1782 1183 1831 ἒκδεδώκασι]
1215 1784 1355 1820 ἐπιδεδ.
1386 1785 1415 1818 Α
1442 1796 1461 1817 a
1486 1785 1523 1828 f,
1550 1785 1755 1827 ἐξεδώκασι

379 1831 476 1876 vulg.

287 1936 442 1977 tineret,
470 1940 508 1969 et
533 1935 595 1981 qui
629 1934 674 1968 ab
703 1945 745 1968 eo
775 1934 881 1968 electi
908 1940 1028 1977 erant,
1052 1934 1123 1968 alia
1148 1936 1335 1969 secretiori
1364 1935 1595 1970 ordinatione
1620 1935 1754 1970 confir-

288 1989 489 2024 marentur,
515 1983 739 2028 significavit.
793 1981 836 2015 de
854 1983 1025 2027 paschate
1045 1989 1243 2028 praeterea,
1269 1995 1314 2017 ne
1336 1985 1490 2030 amplius
1515 1985 1586 2018 ritu
1604 1983 1754 2018 Iudaico

290 2030 556 2072 celebraretur,
582 2030 646 2063 sed
673 2031 741 2063 iam
773 2041 838 2076 per
862 2030 1002 2064 Italiam
1030 2037 1175 2077 recepto
1214 2043 1312 2066 more
1348 2032 1530 2066 dominico
1554 2033 1668 2077 magis
1695 2031 1755 2065 die

293 2078 419 2111 festive
463 2078 659 2119 coleretur,
700 2078 826 2111 edixit.
889 2079 967 2123 pari
1008 2090 1153 2125 quoque
1177 2080 1286 2114 modo
1325 2081 1464 2114 litteras
1491 2080 1529 2113 in
1554 2081 1756 2126 provincias

292 2126 471 2171 piissimus
496 2126 692 2171 imperator
715 2126 838 2168 misit,
867 2126 998 2171 quibus
1025 2133 1150 2161 cuncta
1167 2152 1176 2169 ‚
1216 2139 1308 2174 quae
1337 2140 1356 2162 a
1383 2140 1411 2162 s.
1438 2127 1578 2173 synodo
1611 2128 1758 2162 fuerant

291 2174 539 2219 pronunciata,
554 2173 792 2218 probarentur
805 2179 841 2207 et
854 2175 1110 2208 nunciarentur
1126 2176 1340 2222 exequenda
1354 2176 1571 2224 3Ariumque
1586 2188 1658 2210 una
1674 2188 1753 2210 cum

292 2226 408 2254 sectae
437 2221 581 2254 asseclis
605 2220 649 2253 ab
678 2221 828 2254 ecclesia
853 2222 1085 2267 proscripsit3
1111 2220 1171 2257 eos
1198 2224 1460 2270 porphyrianos
1485 2225 1617 2266 vocari,
1642 2223 1757 2258 libros

292 2280 416 2302 eorum
441 2269 523 2312 igne
550 2270 723 2310 consumi,
751 2274 787 2302 et
814 2269 876 2315 qui
903 2281 976 2303 non
1003 2271 1298 2316 acquiescerent,
1322 2273 1428 2306 morti
1455 2272 1550 2307 tradi
1576 2271 1756 2306 decrevit:

292 2322 329 2349 et
345 2328 451 2362 super
462 2316 516 2348 his
532 2316 698 2349 omnibus
715 2316 857 2349 demum
874 2317 1140 2363 imperatorium
1153 2321 1395 2365 promulgavit
1411 2319 1581 2354 edictum.
1596 2320 1758 2354 instante

289 2375 374 2398 vero
393 2363 460 2398 sub
480 2364 517 2397 id
538 2369 678 2409 tempus
696 2364 892 2397 vicennalis
909 2365 986 2398 eius
1004 2366 1145 2411 imperii
1162 2367 1220 2401 die
1241 2368 1348 2410 festo,
1373 2369 1510 2403 cunctis
1530 2367 1695 2415 patribus
1712 2367 1759 2401 ad

293 2412 439 2456 epulum
460 2412 632 2452 invitatis,
654 2423 724 2444 una
742 2418 778 2445 et
795 2413 873 2457 ipse
890 2412 1076 2446 accubuit:
1093 2420 1128 2447 et
1145 2415 1337 2461 splendide
1357 2422 1394 2450 et
1411 2429 1491 2450 cum
1510 2416 1649 2451 honore
1669 2427 1760 2450 cun-

290 2465 366 2492 ctos
381 2459 578 2504 excipienS‚
593 2459 787 2504 paphnutii
806 2466 842 2492 et
861 2461 1038 2493 sociorum
1057 2462 1300 2497 confessorum
1318 2467 1464 2499 effossos
1481 2465 1519 2498 in
1532 2465 1759 2511 persecutio-

291 2518 336 2539 ne
367 2507 491 2540 oculos
519 2513 555 2541 et
581 2507 745 2540 mutilata
771 2506 943 2549 membra,
968 2509 1070 2554 quasi
1098 2512 1368 2546 sanctimonium
1390 2513 1428 2547 in
1449 2524 1486 2545 se
1513 2511 1644 2546 exinde
1664 2511 1759 2546 deri-

288 2561 435 2588 vaturus
452 2579 462 2596 ‚
488 2555 776 2588 exosculabatur.
801 2561 948 2588 cunctos
974 2555 1108 2590 deinde
1135 2560 1322 2604 episcopos
1353 2560 1570 2595 hortabatur
1598 2559 1646 2593 ad
1670 2571 1758 2593 con-

290 2601 470 2643 cordium,
503 2608 540 2636 et
564 2608 604 2636 ut
638 2615 655 2636 a
685 2603 927 2648 proximorum
967 2603 1176 2638 criminibus
1213 2606 1418 2642 deferendis
1443 2608 1682 2642 absisterent:
1709 2607 1758 2640 li-

290 2650 406 2684 bellos
434 2655 567 2691 autem,
588 2662 678 2696 quos
706 2650 875 2684 adversus
897 2651 1047 2684 invicem
1077 2654 1245 2687 nonnulli
1267 2655 1456 2698 dederant,
1480 2657 1563 2701 igne
1589 2666 1759 2690 consum-

288 2698 384 2742 psit:
423 2697 494 2731 hoc
521 2697 648 2732 addito
674 2703 898 2732 sacramento
927 2700 1090 2741 firmuns,
1120 2701 1217 2747 quod
1251 2703 1279 2735 si
1306 2703 1573 2738 adulterantem
1613 2703 1756 2749 episco-

289 2756 373 2791 pum
400 2751 584 2786 cerneret,
609 2747 685 2792 ipse
710 2746 855 2792 propria
880 2758 1039 2793 purpura
1075 2747 1233 2783 libenter
1265 2757 1413 2796 tegeret.
1466 2751 1571 2787 donis
1597 2750 1759 2798 denique
