1708 3172
162 187 378 228 XXXVIll
645 184 940 227 THEOPHAN
949 185 992 226 lS
1033 183 1177 226 VlTA.

165 285 234 328 σίν
261 285 442 341 ἡμέραις
472 282 579 338 πρὸς
611 283 743 328 εἴκοσι
771 286 824 341 τῇ
862 284 972 342 νήσῳ
1001 285 1248 340 προσβιούς,
1276 282 1334 333 ὥς
1363 279 1523 338 ειῖώδης
1554 287 1641 325 θυ-

165 354 239 395 σία
270 353 328 409 τῷ
370 352 495 408 κοινῷ
524 349 705 409 δεσπότῃ
744 354 1057 408 προσφέρεται,
1087 354 1160 394 καί
1181 357 1274 401 ταῖς
1307 352 1468 393 ἐκείνου
1496 351 1642 406 χερσῖν

166 417 214 460 τὸ
244 417 360 474 ἱερὸν
389 420 463 459 καί
487 416 699 472 παναγνον
728 420 910 475 ἐπαφείς
941 421 1134 474 πνεῦμα,
1164 419 1270 473 πρὸς
1297 415 1375 472 την
1404 417 1533 459 πάλαι
1567 433 1641 458 πο-

166 488 379 540 θουμένην
407 487 722 541 ἐπαναφέρεται
752 486 1023 541 κληρουχίαν.
1081 483 1173 527 ἀλλ’
1203 485 1304 526 ου’ὸὲ
1332 483 1376 526 τὸ
1408 482 1641 540 νικηφόρον

171 553 318 596 τούτου
347 553 500 608 σῶμα,
526 550 599 592 καὶ
636 553 688 610 τῇ
712 555 838 608 ψυχῇ
871 551 1110 609 σύνδρομον
1138 554 1182 595 ἐν
1210 554 1313 594 πᾶσι
1342 555 1512 607 καλοῖς,
1557 552 1677 593 τῶν5

167 617 275 662 κατὰ
302 618 483 671 δυνάμιν
508 621 643 675 γερῶν
675 620 932 661 ἀπελείπετο.
996 621 1125 675 χερσί
1148 621 1228 672 μὲν
1256 619 1471 674 θεοφιλῶν
1501 618 1640 674 ξυλίνῃ

168 686 442 729 κατατίθεται
480 684 682 742 λάρνακι,
719 686 793 729 καὶ
829 691 922 735 ταῖς
961 685 1299 743 προσηκούσαις,
1339 683 1396 735 ὥς
1442 683 1463 725 ὃ
1495 682 1643 739 καιρὸς

168 755 339 806 ἐδίδου,
383 749 679 809 γεραιρόμενον
722 754 978 811 ὑμνῳδίαις,
1017 753 1218 805 ἐξαισίοις
1260 755 1307 796 δὲ
1344 753 1492 806 χάρισι
1523 749 1640 804 παρὰ

170 822 277 862 θεοῦ
305 818 589 876 κληϊζόμενον.
663 823 813 874 λοιμοῦ
850 822 951 875 γοῦν
987 821 1252 874 ἐπικειμένου
1297 826 1382 870 τοῖς
1422 817 1527 862 κατὰ
1567 817 1643 872 τήν
1695 868 1699 872 .

170 890 296 942 νῆσον
317 885 494 943 κτήνεσι,
524 890 598 929 καί
625 887 851 944 αἰφνιὸιῖος
869 890 928 945 τῷ
953 886 1121 946 θανάτῳ
1142 888 1508 942 παραπέμποντος,
1536 880 1640 941 ἄκρᾳ
1661 901 1708 928 10

169 953 432 1011 τῇ’λιὲρνακι
471 952 591 1011 ὕδωρ
636 951 997 1011 ἆπομυρίσαντες,
1039 955 1092 996 ου’
1131 953 1212 1010 γαρ
1259 956 1541 1012 προσψαῧσαι
1570 956 1643 994 τοῦ

170 1022 292 1063 θείου
321 1022 634 1077 κατετόλμησαν
663 1021 872 1079 σώματος,
894 1024 966 1063 καί
995 1028 1081 1071 τοῖς
1109 1024 1306 1065 νοσοῦσιν
1332 1018 1643 1078 ἐπιρράναντες,

171 1088 380 1143 ἐλεύθερα
411 1092 487 1144 τῆς
519 1091 783 1144 ἐπικειμένης
814 1089 958 1139 αὐτοῖς
989 1091 1260 1140 ἐναπέὸειξαν
1288 1090 1448 1144 λοίμης.

288 1157 352 1199 Ου’
383 1155 489 1198 πολὺ
523 1155 567 1199 τὸ
598 1159 642 1198 ἐν
668 1159 798 1214 μέσῳ,
828 1156 899 1198 καὶ
929 1158 1048 1212 δίκην
1080 1158 1253 1198 δίδωσιν
1281 1158 1384 1209 μίαν
1413 1156 1511 1198 α’ντί
1538 1153 1643 1196 πόλ-

174 1223 257 1264 λῶν
278 1225 360 1265 τῶν
391 1219 659 1279 ἀδικημάτων
691 1222 713 1265 ὅ
742 1226 813 1279 τῆς
833 1226 1031 1278 Χριστοῦ
1068 1224 1288 1279 ἐκκλησίας
1315 1219 1460 1278 ἄγριος
1487 1222 1645 1277 μονιός,
1664 1222 1708 1264 15

173 1291 218 1332 ἐν
248 1288 376 1344 ἱεροῖς
406 1292 564 1346 τόποις,
599 1293 660 1339 εἰς
692 1289 768 1340 οὓς
798 1294 934 1341 κακῶς
961 1290 1203 1346 ένύβριοεν,
1234 1292 1488 1346 α’σχημόνως
1516 1308 1646 1333 κατα-

173 1359 364 1411 στρέψας
391 1356 465 1400 τὸν
489 1356 608 1411 βίον·
665 1359 739 1399 καί
762 1360 832 1413 τῆς
861 1358 1039 1412 παχείας
1068 1357 1245 1413 ὁμίχλης
1275 1356 1357 1398 ἀπὸ
1389 1359 1547 1412 μέρους
1579 1360 1649 1399 ἐκ..

173 1422 488 1480 καθαρθεισης,
538 1423 765 1480 α’χλυώὸης
808 1441 872 1475 τις
924 1426 1175 1479 ἐλευθερίας
1219 1426 1483 1466 ἐπανέτειλεν
1521 1421 1650 1480 ἥλιος,

176 1492 440 1540 λεπτοτάτοις
470 1489 825 1545 ὑπολαμπόμενος
861 1494 1019 1548 νέφεσι.
1077 1495 1166 1534 τότε
1199 1489 1375 1547 ὁὴντότε
1402 1490 1650 1548 θαρρήσαν-

176 1575 244 1608 τες
273 1556 311 1600 οἱ
340 1561 412 1600 τοῦ
441 1562 688 1611 θαυμασίου
721 1563 932 1616 φοιτηταί,
960 1563 1099 1618 λέμβῳ
1127 1562 1178 1618 τῇ
1206 1558 1318 1617 νήσῳ
1345 1558 1650 1615 προσορμίζου·
1662 1572 1708 1599 20

178 1642 264 1678 ται,
293 1627 366 1668 καί
393 1625 437 1668 τὸ
471 1625 666 1679 ἀοίδιμον
695 1628 827 1669 έκεῖνο
859 1630 933 1669 καί
959 1630 1260 1682 λαμπροτάτας
1287 1627 1539 1680 ἀποστίλβον
1577 1626 1650 1676 τὰς

180 1693 359 1748 χάριτας
388 1696 514 1746 σῶμα
558 1692 637 1736 σὺν
685 1696 736 1751 τῇ
767 1692 945 1751 λα’ρνακι
973 1694 1251 1748 κομισάμενοι
1281 1692 1563 1750 ἐπανάγουσιν
1590 1694 1650 1743 εἷς

281 1824 332 1857 ι6.
364 1823 558 1870 ἐνύβρισιν
582 1824 657 1857 Par.

181 1931 433 1973 ministrabat,
464 1934 798 1978 praenunciaverat.
857 1944 1011 1980 cumque
1045 1939 1117 1968 tres
1150 1945 1259 1979 supra
1293 1932 1422 1978 viginti
1457 1932 1535 1966 illie
1570 1932 1648 1966 dies

182 1981 336 2025 egisset,
369 1986 553 2027 tamquam
581 1982 696 2015 suavis
721 1982 840 2015 hostia
865 1982 1044 2015 communi
1081 1981 1229 2015 domino
1253 1980 1397 2014 oblatus
1423 1985 1496 2014 est:
1529 1980 1650 2013 illius-

181 2040 253 2074 que
280 2028 447 2061 manibus
476 2040 626 2070 sacrum,
651 2041 692 2062 ac
707 2030 969 2063 sanctissimum
995 2029 1160 2074 spiritum
1186 2041 1288 2062 suum
1306 2028 1467 2069 tradens,
1491 2028 1539 2061 ad
1563 2028 1650 2061 hae-

183 2076 374 2110 reditatem
403 2076 491 2109 olim
517 2076 759 2110 desideratam
789 2077 990 2111 contendit.
1040 2088 1160 2122 neque
1189 2088 1271 2110 vero
1298 2077 1472 2110 victoriae
1497 2076 1650 2120 iusigni-

182 2124 250 2157 bus
274 2124 409 2157 clarum
435 2125 511 2157 eius
538 2137 679 2170 corpus,
706 2136 747 2158 ac
773 2124 873 2171 quod
898 2125 1017 2158 animo
1046 2125 1203 2169 gerenda
1221 2124 1318 2158 omni
1343 2125 1475 2158 virtute
1500 2125 1653 2165 socium,

182 2183 377 2218 comesque
407 2173 600 2214 extiterat,
625 2173 764 2206 meritis
795 2173 1006 2206 muneribus
1043 2173 1170 2214 caruit,
1196 2178 1332 2218 quanta
1355 2173 1393 2206 in
1418 2173 1535 2217 ipsum
1564 2183 1651 2205 con-

184 2220 276 2253 ferre
302 2219 418 2253 licuit.
478 2232 560 2254 narn
599 2221 740 2266 piorum
763 2221 920 2254 virorum
947 2219 1113 2254 manibus
1146 2221 1186 2254 iu
1218 2221 1340 2265 lignea
1365 2231 1446 2254 arca
1470 2221 1651 2265 composi-

182 2273 272 2308 tum,
297 2273 335 2301 et
358 2268 658 2302 convenientibus
688 2269 865 2310 cantibus,
892 2275 932 2303 ut
956 2274 1095 2314 tempus
1122 2268 1265 2302 serebat
1292 2269 1445 2308 elatum,
1471 2267 1652 2300 admiran-

184 2315 236 2348 dis
266 2315 388 2360 gratiis
415 2327 435 2347 a
461 2315 530 2349 deo
556 2317 627 2350 fuit
653 2317 887 2350 illustratum.
938 2328 1019 2350 cum
1057 2316 1152 2349 enim
1179 2317 1258 2350 lues
1292 2317 1331 2349 in
1354 2316 1494 2349 insulae
1522 2327 1652 2361 pecora

184 2363 397 2405 desaeviret,
421 2362 511 2397 adeo
539 2371 579 2398 ut
611 2370 753 2398 mortua
778 2369 928 2410 repente
956 2364 1200 2405 conciderent,
1239 2375 1334 2410 aqua
1359 2364 1526 2398 extremis
1551 2364 1652 2396 illius

184 2421 286 2444 arcae
310 2412 383 2444 oris
408 2410 572 2446 delibuta
611 2412 747 2459 (neque
773 2413 867 2446 enim
891 2423 1019 2458 corpus
1045 2413 1121 2445 ausi
1143 2418 1246 2446 erant
1270 2412 1495 2459 contingere)
1521 2423 1652 2458 pecora

184 2465 286 2510 peste
314 2459 518 2493 laborantia
543 2460 842 2505 conspergebant‚
870 2466 907 2493 et
931 2461 1092 2505 periculo
1122 2460 1340 2493 liberabant.

280 2506 386 2540 Haud
410 2508 526 2541 multo
564 2514 647 2553 post
678 2509 826 2541 immiliS
853 2508 917 2541 ille
945 2509 1116 2541 ecclesiae
1150 2508 1282 2542 Christi
1319 2518 1426 2552 aper,
1457 2507 1654 2541 multorum

186 2560 324 2588 reatum
353 2556 527 2589 scelerum
559 2568 631 2589 uuo
656 2557 834 2602 supplicio
873 2556 958 2598 luit3
997 2557 1109 2602 inque
1134 2556 1241 2589 sacris
1270 2556 1376 2597 locis,
1403 2555 1442 2588 in
1471 2566 1564 2601 quae
1589 2567 1653 2587 ne-

185 2603 307 2648 quiter
333 2603 575 2637 debacchatus
594 2604 724 2645 fuerat,
750 2604 905 2649 turpiter
922 2606 1028 2637 vitam
1055 2604 1186 2637 amisit.
1217 2615 1340 2650 quare,
1365 2603 1475 2636 densa
1501 2603 1653 2646 caligine

184 2650 370 2695 paulisper
390 2651 562 2694 disiecta,
587 2651 757 2685 obscurus
782 2651 927 2697 quidam
955 2651 1133 2685 libertatis
1159 2652 1225 2692 sol,
1252 2651 1470 2684 tenuissimis
1496 2651 1653 2684 nubibus

185 2695 377 2731 sublucens
406 2700 559 2734 emersit.
610 2706 696 2734 tunc
724 2700 833 2744 igitur
869 2700 981 2733 sancti
1022 2700 1088 2734 viri
1116 2699 1283 2744 discipuli
1319 2705 1500 2744 assumpta
1524 2699 1654 2732 fiducia

187 2745 223 2778 in
261 2747 416 2780 insulam
440 2749 585 2792 navigio
615 2748 768 2789 advecti,
794 2748 1017 2793 praeclarum
1041 2747 1151 2787 illud,
1186 2753 1222 2780 et
1245 2747 1546 2792 splendidissimis
1574 2757 1653 2790 gra-

188 2793 245 2827 tiis
277 2795 450 2840 effulgens
475 2807 604 2843 eorpus
632 2807 711 2830 cuni
754 2807 835 2830 arca
871 2796 1076 2837 sublatum,
1109 2797 1146 2828 in
1172 2795 1289 2829 locum
1319 2795 1499 2841 quendam
1532 2794 1654 2828 Ilieria
