1768 3106
256 142 367 211 432
814 160 1161 203 THEOPHANJS

251 265 475 321 πρέσβεις·
531 266 668 318 κρινεῖ
696 260 717 303 ὅ
748 260 845 312 θεὸς
874 262 955 306 α’νά
980 265 1111 318 μέσον
1132 263 1240 318 ἐμοῦ
1269 263 1343 307 καί
1358 265 1614 319 ΙΡΙαυρικιόυ
1647 266 1726 306 αὕ-

205 329 526 388 Βτοκροὶτορος·
583 328 706 381 αὕτὸς
734 329 815 386 γάρ
848 330 926 386 τὴν
966 329 1136 388 εἰρήνην
1165 332 1379 377 διέλυσεν·
1437 332 1518 388 ἐγώ
1554 334 1602 374 δὲ
1629 332 1728 382 τοιῖς

247 399 548 455 αἰχμαλώτους
568 399 812 452 α’ποδιὶΐωμι
839 399 955 457 αὐτῷ
971 397 1076 444 κατὰ
1096 398 1246 455 ψυχὴν
1270 397 1456 454 νόμισμα
1481 403 1531 443 ἓν
1559 399 1728 454 κομιζό-

246 482 374 523 μενος
401 469 505 519 παρ’
552 461 703 508 αὐτοῦ.
775 464 798 507 ὅ
839 467 885 510 δὲ
915 468 1163 521 Μαυρίκιος
1211 468 1289 510 οὐκ
1319 469 1517 523 ἠνέσχετο
1545 469 1693 510 δοῦναι
1712 486 1722 496 ·

247 536 324 578 καί
348 532 477 578 πάλιν
504 533 526 575 ὅ
562 535 762 589 Χαγάνος
789 533 977 592 ᾐτήσατο
1005 533 1087 578 α’νοὶ
1117 533 1295 590 ἡμίσους
1326 538 1472 590 λαβεῖν
1500 534 1608 578 κατὰ
1637 536 1763 590 πρυ-5

246 601 349 661 χήν·
378 604 452 646 καί
478 603 573 643 οὐδ’
603 599 735 652 οὕτως
765 601 788 643 ὁ
807 601 1012 656 βασιλευς
1042 605 1189 646 δοῦναι
1219 606 1481 661 κατεδέξατο,
1507 604 1598 646 ἀλλ’
1624 605 1726 645 ου’δὲ

246 671 465 726 τεσσάρων
495 670 700 726 κερατίων
726 674 887 723 λαβεῖν.
946 671 1021 713 καί
1036 673 1262 724 θυμωθείς
1295 670 1316 713 ὃ
1334 671 1534 727 Χαγάνος
1563 670 1725 721 πάντας

245 739 494 795 ἀπέκτεινεν,
522 738 596 781 καί
639 740 712 780 έπί
748 737 802 780 τὰ
848 737 940 781 ἴδια
968 739 1203 796 ἀνέζευξεν,
1237 740 1492 795 πεντήκοντα
1522 739 1725 794 χιλιάδας

246 814 342 858 ταῖς
370 810 572 856 σπονδαῖς
600 812 688 858 τοῖς
711 805 949 859 “Ρωμαιόις
979 808 1155 858 έπιθειξ.
1213 808 1288 850 καί
1315 806 1385 850 τὸν
1402 802 1570 862 Ἴστρον
1594 822 1724 848 ποτα..

246 875 330 930 μὸν
356 874 416 931 μὴ
450 875 687 929 διαβαίνειν
719 871 1013 930 ὡμολόγησαν.
1071 877 1118 919 ἐκ
1143 873 1298 918 τούτου
1327 877 1435 917 πολύ
1466 880 1590 928 μῖσος
1617 873 1722 917 κατὰ
1744 890 1768 915 ιι

247 944 501 999 ΙΙἸαυρικιόυ
543 944 620 984 τοῦ
661 944 873 996 βασιλέως
915 941 1113 999 ἐκινήθη·
1182 942 1258 986 καί
1283 936 1464 999 ἤρξαντο
1490 943 1726 997 λοιδορίαις

113 1025 150 1059 Ρ,
163 1024 233 1059 236
246 1013 393 1054 τοῦτον
418 1010 606 1065 βάλλειν·
665 1009 818 1063 ὁμοίως
848 1012 921 1052 καί
947 1009 970 1052 δ
999 1010 1102 1060 λαός
1131 1007 1152 1052 ὅ
1182 1014 1227 1054 ὲν
1255 1014 1309 1067 τῇ
1340 1011 1486 1068 Θρᾴκῃ
1514 1008 1616 1066 πρὸς
1638 1014 1725 1052 λοι-

245 1080 393 1135 δορίαν
432 1079 508 1121 τοῦ
547 1081 756 1131 βασιλέως
789 1076 978 1134 ἐκινήθη.
1046 1075 1068 1119 ὃ
1099 1080 1147 1121 δὲ
1189 1077 1373 1135 στρατὸς
1413 1079 1724 1134 ἐντολικαρίους

242 1145 435 1202 ἔπεμψεν
464 1145 572 1202 πρὸς
609 1144 677 1188 τὸν
713 1148 895 1200 βασιλέα
932 1146 1037 1189 κατὰ
1070 1145 1362 1202 Κομεντιόλου
1401 1145 1459 1197 ὥς
1492 1145 1724 1201 προδοσίαν

242 1217 288 1258 ἑν
318 1217 375 1273 τῷ
403 1215 571 1273 πολέμῳ
601 1213 878 1271 ποιήσαντος,
914 1215 960 1256 έν
989 1209 1052 1264 οἷς
1082 1209 1135 1270 ἦν
1163 1216 1237 1257 καί
1265 1213 1287 1256 ὅ
1320 1216 1486 1268 Φωκᾶς,
1519 1211 1636 1262 ὅστις
1665 1215 1724 1271 τῷ
1742 1230 1768 1255 1:

241 1286 418 1337 βασιλεῖ’
440 1282 740 1337 διαλεγόμενος
780 1283 976 1338 βρυεραῖς
1019 1282 1154 1341 τούτῳ
1188 1283 1402 1337 ἀντέλεγεν
1431 1285 1476 1324 ὲν
1503 1283 1561 1340 τῷ
1589 1285 1724 1323 σιλεν-

241 1352 340 1409 τίῳ,
370 1346 481 1393 ὥστε
526 1348 620 1392 τινὰ
661 1351 744 1392 τῶν
783 1353 1017 1404 πατρικίων
1062 1353 1212 1392 τοῦτον
1255 1352 1500 1406 ματζαῖσαι,
1545 1347 1723 1391 καὶτὸν

240 1418 423 1473 πώγωνα
455 1416 595 1459 αὐτοῦ
624 1419 750 1459 τίλαι.
782 1416 802 1459 ὃ
833 1418 880 1459 δὲ
910 1416 1114 1470 βασιλεὺς
1150 1419 1202 1459 ου’
1231 1418 1482 1469 κατεδέξατο
1511 1417 1589 1471 τὴν
1615 1415 1720 1458 κατὰ

243 1483 536 1539 Κομεντιόλου
568 1482 784 1541 ἔγκλησιν·
854 1483 963 1527 ἀλλὰ
1005 1483 1184 1535 τούτους
1223 1484 1464 1539 ἀπράκτους
1491 1484 1722 1527 α’πέλυσεν·

242 1552 315 1596 διὰ
345 1555 472 1597 τοῦτο
499 1555 575 1595 καί
602 1550 628 1609 ἧ
657 1551 859 1608 ἐπιβουλή
891 1555 970 1595 τοῦ
984 1555 1195 1607 βασιλέως
1224 1551 1365 1609 α’ρχὴν
1392 1549 1555 1607 ἔλαβεν.
1612 1550 1719 1594 κατὰ
1737 1569 1768 1595 2«

339 1692 373 1726 5.
400 1691 483 1725 fort.
509 1670 591 1726 dvc?
612 1688 739 1739 ἥμισυ.
834 1713 838 1718 -
885 1700 938 1724 1⁴2.
977 1692 1041 1726 καὶ
1078 1689 1096 1726 ὁ
1122 1691 1151 1725 λ.
1178 1690 1220 1731 Α,
1254 1689 1294 1725 δὲ
1323 1688 1342 1723 ὃ
1371 1690 1401 1724 λ.
1428 1689 1524 1735 vulg.
1670 1690 1721 1725 16.

333 1740 563 1834 Ξρτιέεἱῶᾍιὶ.
666 1751 718 1785 17.
741 1739 984 1786 μουντζῶσαι
1008 1741 1049 1773 Α.
1148 1749 1207 1772 20.
1238 1739 1257 1781 ἡ
1286 1737 1369 1771 add.
1400 1749 1443 1771 ex
1468 1738 1509 1771 A.
1606 1738 1722 1785 ἐλάμ-

1665 1868 1677 1887 Q

241 1921 347 1955 sedet
370 1920 459 1955 deus
484 1932 623 1968 aequus
641 1920 751 1955 iudex
770 1921 865 1954 inter
880 1931 936 1953 me
955 1925 992 1954 et
1009 1919 1224 1953 Mauricium
1246 1920 1521 1966 imperatorem:
1546 1920 1623 1965 ipse
1637 1919 1722 1953 vio-

242 1969 374 2003 landae
404 1971 484 2016 paci
510 1981 633 2003 ansam
663 1969 777 2003 dedit.
805 1970 965 2015 captivos
992 1974 1113 2002 tamen
1139 1979 1264 2002 omnes
1292 1969 1323 2001 ei
1344 1968 1490 2001 reddam
1510 1973 1657 2013 accepto
1684 1968 1721 2001 in

242 2018 386 2062 singula
413 2018 531 2065 capita
546 2030 693 2051 nummo
720 2029 806 2051 uno·
858 2018 1054 2051 Mauricius
1082 2028 1158 2050 eam
1184 2017 1362 2062 pecuniae
1386 2027 1559 2050 summam
1585 2016 1720 2061 depro-

241 2077 341 2100 mere
367 2078 442 2100 nou
470 2067 575 2100 tulit:
605 2077 715 2112 quare
744 2065 934 2099 dimidium
961 2077 1145 2099 nummum
1173 2077 1238 2110 pro
1265 2065 1489 2109 singulorum
1519 2064 1637 2108 capite
1663 2075 1720 2096 re-

243 2113 417 2148 dimendo
448 2126 586 2148 rursum
611 2114 777 2160 postulat
802 2114 1008 2158 Chaganus:
1035 2113 1098 2147 sed
1126 2124 1247 2160 neque
1267 2112 1495 2146 dimidiatum
1521 2123 1721 2152 nummum,

242 2173 363 2208 neque
391 2163 499 2195 etiam
526 2163 661 2196 ceratia
685 2168 854 2207 quatuor,
881 2174 975 2208 quae
1003 2161 1149 2195 tandem
1174 2172 1239 2207 pro
1267 2161 1417 2204 singulis
1444 2159 1601 2205 petierat
1624 2159 1721 2193 Cha-

243 2221 378 2256 ganus,
412 2210 606 2244 Mauricius
646 2212 786 2244 solvere
823 2209 983 2244 admisit.
1047 2214 1239 2255 eapropter
1265 2208 1455 2252 Chaganus
1497 2213 1647 2241 cunctos
1674 2207 1721 2240 ad

243 2270 355 2293 unum
379 2258 576 2299 interfecit,
604 2264 640 2292 et
667 2259 706 2291 in
732 2258 914 2304 propriam
952 2258 1135 2303 regionem
1171 2266 1348 2301 regressus
1376 2256 1526 2298 tributo,
1551 2254 1652 2302 quod
1678 2267 1722 2288 ex

243 2305 405 2351 antiquis
429 2306 702 2340 conditionibus
719 2306 869 2339 Romani
887 2305 1112 2352 pendebant,
1132 2304 1398 2351 quinquaginta
1414 2304 1531 2338 millia
1555 2303 1601 2338 de
1627 2315 1721 2337 novo

243 2354 398 2389 addidit.
461 2355 590 2387 Istrum
633 2363 717 2387 vero
751 2353 902 2389 fluvium
941 2365 978 2387 se
1016 2365 1090 2388 non
1126 2352 1282 2397 amplius
1308 2352 1522 2387 traiecturos
1549 2352 1721 2397 utrinque

242 2402 394 2437 Romani
424 2406 461 2435 et
494 2401 639 2446 Bulgari
673 2413 890 2435 convenere.
955 2413 999 2434 ex
1035 2402 1112 2434 istis
1138 2399 1262 2433 odium
1287 2400 1411 2445 ingens
1441 2401 1479 2434 in
1508 2400 1723 2435 Mauricium

244 2451 462 2491 conflatum,
492 2448 587 2483 unde
615 2454 652 2482 et
676 2449 846 2484 conviciis
874 2449 1092 2495 iniuriisque
1120 2459 1203 2481 eum
1230 2454 1355 2494 aperte
1386 2448 1630 2494 proscindere,
1657 2459 1723 2482 ex-

245 2500 377 2533 ercitus
402 2508 551 2545 quoque
576 2508 660 2542 grex
683 2497 872 2530 universus
897 2509 962 2544 per
978 2496 1168 2531 Thraciam
1187 2507 1330 2541 sparsus
1358 2497 1405 2531 ad
1426 2496 1587 2530 ludibria
1609 2496 1724 2530 diras-

245 2558 317 2594 que
341 2547 379 2580 in
399 2558 481 2580 eum
506 2543 715 2591 expuendas
738 2545 886 2578 moveri.
938 2545 1116 2578 exercitus
1143 2545 1268 2590 itaque
1293 2545 1421 2579 missos
1449 2544 1494 2578 ad
1506 2544 1723 2578 Mauricium

202 2593 205 2596 ’
245 2601 372 2630 contra
399 2593 669 2629 Conventiolum
695 2592 866 2634 decrevit,
894 2593 956 2638 qui
983 2604 1020 2626 se
1046 2592 1090 2625 ab
1116 2592 1196 2638 ipso
1216 2593 1251 2625 in
1277 2592 1416 2638 praelio
1442 2591 1604 2639 proditos
1628 2603 1723 2638 que-

247 2649 424 2677 rerentur.
475 2641 596 2676 adfuit
631 2652 650 2674 e
685 2641 800 2674 missis
840 2652 932 2673 unus
968 2640 1126 2681 Phocas,
1153 2641 1214 2686 qui
1250 2652 1368 2674 coram
1398 2641 1575 2674 Mauricio
1601 2651 1720 2680 orans,

247 2691 419 2726 audiente
447 2692 559 2733 etiarn
582 2695 724 2729 senatu,
750 2687 994 2722 insolentibus
1022 2689 1060 2722 in
1088 2699 1168 2722 eum
1204 2688 1344 2734 probris
1370 2689 1532 2723 invectus
1562 2694 1640 2721 est:
1668 2688 1719 2720 ita

247 2745 287 2774 ut
309 2739 455 2774 inflictis
481 2739 590 2773 etiam
617 2734 802 2784 coi'aphis,
832 2736 979 2770 barbam
1010 2736 1066 2770 illi
1096 2747 1115 2770 e
1140 2737 1301 2782 patriciis
1329 2748 1512 2771 nonnemo
1526 2736 1719 2770 vellicave-

248 2789 306 2822 rit.
356 2798 465 2834 porro
489 2788 686 2832 imperator
714 2785 876 2819 obiectas
902 2784 1131 2819 Comentiolo
1168 2785 1416 2819 accusationes
1454 2783 1719 2824 nonladmisit:
