1768 3106
268 134 382 206 544
820 153 1171 198 THEOPHANJS

226 258 350 302 Βτῶν
377 254 586 298 τοιούτων
615 255 854 299 καθολικῶν
883 255 962 298 δύο
993 257 1219 314 ἐγγράφων
1243 255 1376 312 λόγων
1405 256 1511 313 πρὸς
1538 253 1750 314 ἀλλήλους

266 327 363 379 μεθ’
392 319 528 379 ὅρκων
565 319 795 378 γεγονότων
833 326 906 366 καί
946 324 1141 380 ἀλλήλοις
1183 326 1495 381 ἐπιδοθέντων,
1539 323 1562 368 ὅ
1592 330 1751 368 πολλα..

127 398 170 432 V.
187 393 358 447 23621239
385 392 557 445 λεχθείς
583 387 864 447 πανεύφημος
906 391 1013 446 α’νὴρ
1043 391 1152 447 πρὸς
1180 392 1252 434 τὸν
1281 394 1463 446 βασιλέα
1495 393 1751 448 ἀνέστρεψεν

269 457 376 513 μετα
408 457 483 500 καί
509 456 660 512 δώρων
687 453 882 500 πολλῶν.
906 484 909 486 ,
930 459 1069 501 ταῦτα
1096 458 1311 514 μαθόντες
1340 458 1379 502 οἱ
1408 458 1462 502 τοὶ
1487 457 1663 515 ἑσπέρια
1692 462 1751 503 οἰ-

269 529 440 576 κοῦντες
469 527 608 581 μέρη,
638 520 665 565 ὅ
690 540 734 567 τε
770 525 972 581 Χαγάνος
1012 529 1098 569 τῶν
1139 527 1336 583 Ἀβάρων
1375 526 1450 570 καί
1490 525 1529 570 οἱ
1560 528 1768 572 ὲπέκεινα;

269 595 398 651 ῥῆγες
426 592 608 647 ἔξαρχοί
629 607 673 635 τε
702 591 777 634 καί
800 592 1028 636 κάσταλδοι
1072 595 1147 636 καί
1181 593 1221 637 οἱ
1251 594 1511 650 ἐξοχώτατοι
1539 597 1622 637 τῶν
1651 594 1755 650 πρὸς

270 660 345 719 τὴν
374 661 499 703 δύσιν
529 661 679 716 ἐθνῶν,
708 658 780 703 διὰ
812 663 1082 716 πρεσβευτῶν
1122 663 1242 718 δῶρα
1279 664 1340 721 τῷ
1364 659 1540 717 βασιλεῖ
1561 664 1756 705 στείλαν-

271 745 352 784 τες,
381 727 593 786 εἰρηνικήν
621 727 731 783 πρὸς
763 726 925 778 αὐτοὺς
962 728 1128 785 ‹lydum›
1155 732 1408 786 κυρωθῆναι
1436 728 1660 789 ᾐτήσαντο.
1697 729 1756 774 εἴ·

274 803 348 851 ξας
379 791 455 840 οὖν
487 795 510 838 ὁ
540 794 747 851 βασιλεὺς
769 801 861 846 ταῖς
889 796 1033 839 αὐτῶν
1061 795 1272 854 αἰτήσεσι,
1302 797 1516 854 ἐκύρωσεν
1544 800 1620 841 καί
1649 797 1758 854 πρὸς

273 863 434 916 αὐτούς
479 861 728 921 δεσποτικήν
779 862 962 919 εἰρήνην.
1034 867 1108 907 καί
1134 865 1297 920 ἐγένετο
1334 865 1564 922 ἅμεριμνιά
1593 863 1756 922 μεγάλη

234 932 319 979 Οέν
346 949 390 977 τε
417 935 471 991 τῇ
501 932 692 990 ἀνατολῇ
720 930 796 974 καί
822 934 868 974 ἐν
893 933 947 988 τῇ
967 930 1111 975 δύσει.

63 1015 262 1061 Astii-6¹70
388 998 881 1050 Κωνσταντινουπόλεως
910 998 1144 1043 ἐπισκόπου
1172 1003 1214 1043 Γ
1212 1003 1393 1056 εωργιὀυ
1421 999 1514 1052 ἔτος
1545 999 1597 1044 α’.

393 1067 541 1127 Τούτῳ
571 1069 632 1125 τῷ
659 1065 746 1109 ἔτει
773 1069 918 1123 γέγονε
946 1066 1123 1122 σεισμὸς
1146 1071 1279 1124 μέγας
1309 1066 1418 1112 κατὰ
1444 1068 1524 1125 τήν
1551 1072 1758 1112 Μεσοπο-

273 1138 453 1192 ταμίαν,
496 1138 542 1178 ὲν
585 1128 618 1194 ᾧ
647 1135 792 1177 πίπτει
833 1133 880 1178 τὸ
911 1135 1085 1192 Βατάν,
1123 1138 1198 1178 καί
1226 1135 1248 1178 ὅ
1279 1138 1481 1194 τροῧλλος
1508 1139 1583 1193 τῆς
1612 1138 1759 1193 ἐκκλη-

248 1207 371 1255 ’σιάς
396 1204 618 1260 Ἐδέσσης·
676 1205 752 1246 καί
787 1204 922 1255 κτίζει
951 1202 1085 1247 αὐτὸν
1114 1205 1296 1256 Μαυΐας
1334 1206 1502 1263 σπουδῇ
1528 1207 1613 1248 τῶν
1642 1207 1758 1261 Χρι-

274 1289 470 1316 στιανων.

69 1352 257 1397 Λ,Μ.6,;-,ι
398 1337 545 1400 Τούτῳ
575 1341 635 1398 τῷ
660 1337 747 1382 ἔτει
789 1338 954 1394 ἅπεβιὶο
984 1339 1168 1390 Μαυΐας
1198 1339 1220 1381 ὁ
1250 1341 1333 1383 τῶν
1359 1342 1620 1398 Σαρακηνῶν
1645 1344 1760 1398 πρῶ-

233 1401 263 1434 D
276 1423 347 1459 τος
372 1405 577 1462 βασιλεύς
601 1405 706 1463 μηνί
733 1406 985 1464 Ἀρτεμισίῳ
1006 1407 1038 1455 ς’
1063 1408 1292 1450 ἰνὸικτιῶνι
1313 1404 1363 1451 α’.
1393 1410 1536 1463 γέγονε
1557 1410 1605 1451 δὲ
1630 1426 1761 1463 στρα-

277 1475 402 1533 τηγὸς
429 1473 503 1532 ἔτη
535 1473 612 1531 x‘i',
643 1473 716 1518 καί
742 1474 982 1530 η’μὴρευσεν
1021 1471 1096 1530 ἔτη
1125 1473 1202 1531 κδ’,
1232 1478 1306 1518 καί
1332 1470 1457 1531 ἦρξεν
1479 1471 1590 1528 Ἴζιδ
1618 1476 1640 1518 ὃ
1666 1475 1761 1526 υἱὸς

279 1543 440 1586 αὐτοῦ·
494 1542 570 1585 καί
595 1543 726 1601 τούτῳ
756 1542 813 1600 τῷ
844 1539 980 1600 χρόνῳ
1016 1539 1061 1584 τό
1093 1544 1175 1585 τῶν
1190 1543 1453 1599 Βουλγοίρων
1478 1541 1605 1594 ἔθνος
1634 1545 1759 1600 ἐπῆλ-

279 1614 357 1655 θεν
387 1612 440 1669 τῇ
471 1610 633 1668 Θρᾴκῃ.
691 1610 921 1666 ἀναγκαῖον
951 1612 999 1654 δὲ
1027 1610 1161 1653 εἰπεῖν
1208 1609 1281 1653 καί
1308 1612 1409 1668 περὶ
1434 1613 1506 1669 τῆς
1532 1609 1761 1669 α’ρχαιότη-

379 1775 413 1798 2.
438 1773 656 1811 γεγονοτων
681 1762 762 1797 add.
791 1774 835 1798 ex
863 1763 888 1805 f,
911 1765 999 1811 μεθ’
1028 1762 1156 1811 ὅρκων
1182 1775 1262 1811 γεγ.
1287 1766 1351 1799 καὶ
1378 1763 1455 1800 ἄλλ.
1485 1775 1554 1799 om.
1585 1765 1626 1798 A.
1723 1764 1757 1808 4.

378 1810 474 1860 μετὰ
501 1811 638 1857 δώρων
663 1823 693 1845 e.
835 1813 868 1846 8.
895 1812 993 1852 εἶξεν
1017 1832 1067 1840 —
1090 1815 1155 1846 καὶ
1175 1813 1277 1859 ἐκύρ.
1305 1814 1345 1847 Λ.
1501 1815 1552 1859 ¹4·
1579 1812 1704 1850 Βόταν
1734 1813 1759 1846 f.

390 1873 438 1906 ¹7·
467 1859 486 1895 ὃ
512 1860 597 1894 add.
627 1872 670 1894 ex
701 1860 738 1894 A.
871 1859 1217 1908 πρωτοσὺμβουλος
1248 1862 1287 1894 Λ.
1428 1872 1478 1908 ¹9·
1514 1862 1572 1906 ἔτι]
1596 1860 1652 1904 κς’
1680 1861 1708 1895 Α
1734 1861 1762 1904 f,

380 1910 440 1954 ἔτη
467 1908 495 1944 κ’
523 1908 618 1954 vulg.
742 1918 799 1942 20.
827 1911 892 1943 καὶ
915 1907 1031 1955 τούτῳ
1061 1910 1102 1951 Α,
1130 1910 1171 1946 ἐν
1196 1908 1314 1956 τούτῳ
1338 1908 1435 1954 vulg.

287 2048 364 2070 cem
390 2036 496 2076 datis,
521 2034 674 2068 celebris
701 2034 765 2067 ine
792 2046 834 2068 ac
858 2036 1003 2081 saepius
1030 2035 1199 2069 laudatus
1226 2036 1279 2068 vir
1303 2047 1384 2069 cum
1412 2035 1622 2069 muneribus
1646 2035 1763 2068 maxi-

287 2085 354 2119 mis
381 2083 426 2117 ad
461 2084 714 2130 imperatorem
753 2093 915 2116 reversus
943 2089 1008 2117 est.
1073 2083 1144 2117 hoc
1180 2083 1244 2117 ubi
1279 2094 1476 2129 percepere
1504 2083 1567 2129 qui
1596 2094 1762 2117 occasum

287 2132 508 2173 incolebant,
535 2129 725 2175 Chaganus
758 2130 912 2165 Abarum
940 2132 1130 2178 princeps,
1158 2132 1363 2177 caeterique
1387 2132 1530 2165 illarum
1558 2132 1763 2176 provincia-

290 2191 366 2214 rum
395 2190 518 2224 reges,
542 2178 649 2212 duces
674 2184 711 2212 et
737 2179 900 2220 castaldi,
924 2180 1064 2225 virique
1101 2179 1381 2213 occidentalium
1408 2181 1598 2213 nationum
1622 2180 1762 2225 primo-

289 2240 359 2269 res,
385 2229 523 2272 legatos
550 2238 621 2260 una
646 2238 726 2260 cum
754 2227 963 2261 muneribus
999 2227 1045 2261 ad
1068 2228 1320 2273 imperatorem
1346 2229 1442 2274 pacis
1471 2227 1760 2274 concordiaeque

291 2288 371 2311 cum
405 2276 484 2322 ipso
513 2274 697 2308 ineundae
740 2275 1012 2322 [iruiandaeque
1049 2276 1162 2320 gratia
1200 2276 1341 2309 misere.
1394 2276 1592 2321 imperator
1634 2287 1759 2309 eorum

290 2323 459 2371 precibus
498 2321 724 2362 concedens,
757 2334 903 2368 pacem,
930 2335 1001 2370 qua
1039 2336 1076 2357 se
1110 2328 1305 2357 testaretur
1338 2323 1544 2366 dominum,
1568 2335 1647 2357 cum
1674 2324 1760 2369 ipsis

291 2373 455 2408 firmavit.
516 2376 627 2416 atque
668 2370 719 2403 ita
746 2371 850 2416 quies
887 2377 924 2405 et
955 2372 1201 2418 tranquillitas
1241 2372 1395 2405 maxima
1430 2378 1504 2406 tam
1542 2373 1580 2406 in
1606 2373 1760 2413 oriente,

292 2433 401 2469 quam
427 2420 465 2453 in
490 2417 679 2452 occidente
706 2417 879 2451 obtinuit.

102 2465 278 2511 A.C.670
387 2468 543 2514 Cpoleos
569 2466 729 2513 episcopi
757 2466 901 2510 Georgii
927 2477 1042 2500 annus
1066 2467 1214 2512 primus.

387 2517 465 2550 Hoc
500 2525 596 2549 anno
630 2525 779 2556 magnus
804 2521 921 2547 terrae
946 2519 1064 2548 motus
1100 2526 1165 2560 per
1190 2515 1489 2561 Mesopotamiam
1518 2515 1659 2556 extitit,
1686 2526 1759 2561 quo

293 2565 400 2599 ambo
428 2569 465 2598 et
489 2561 664 2597 ecclesiae
693 2561 895 2595 Edessenae
922 2562 1053 2595 trullus
1079 2563 1236 2597 corruit:
1270 2575 1352 2598 eum
1378 2576 1462 2598 vero
1490 2565 1627 2598 Mavias
1652 2575 1759 2597 suasu

293 2620 401 2661 atque
425 2611 593 2659 precibus
619 2609 905 2643 Christianorum
930 2616 1119 2644 restaurat.

105 2658 143 2690 A·
159 2655 195 2690 C·
211 2656 274 2701 671
389 2661 465 2694 Hoc
492 2671 588 2694 anno
612 2658 744 2692 mensis
760 2658 894 2703 Aprilis
919 2657 979 2690 die
1007 2664 1121 2700 sexto,
1151 2658 1352 2692 indictione
1375 2659 1503 2704 prima,
1522 2657 1657 2697 Mavias
1682 2658 1759 2703 pri-

292 2721 371 2743 mus
395 2709 654 2743 Saracenorum
683 2716 744 2739 rex
772 2706 848 2739 leto
873 2706 1055 2739 extinctus
1094 2710 1158 2739 est.
1184 2707 1300 2751 gentis
1327 2718 1411 2740 suae
1436 2706 1564 2740 ducem
1588 2717 1625 2739 se
1652 2706 1763 2750 gessit

291 2769 403 2792 annos
427 2755 569 2801 viginti,
595 2765 750 2788 ameram
775 2765 813 2787 se
831 2754 1056 2788 renunciavit
1080 2766 1192 2788 annos
1218 2755 1343 2799 viginti
1372 2760 1538 2800 quatuor.
1575 2753 1650 2786 Izid
1676 2765 1759 2787 vero

291 2807 367 2841 eius
397 2805 492 2839 filius
517 2808 599 2851 post
624 2814 707 2837 eum
733 2802 976 2849 principatum
1011 2802 1183 2838 obtinuit.
1234 2802 1301 2837 sub
1335 2802 1371 2837 id
1396 2814 1481 2840 vero
1505 2808 1647 2848 tempus
1674 2802 1759 2835 Bul-
