1708 3172
215 147 343 187 XXVI
675 145 1018 188 THEOPHANIS
1066 145 1209 187 VITA.

214 247 296 288 νῶν
325 247 538 304 ὑπεροψίᾳ
581 243 658 304 ὅσῃ
688 247 1003 303 κατηγλαΐζετο,
1042 245 1081 289 οἱ
1109 251 1343 289 τελευταῖοι
1372 244 1521 290 τούτου
1550 244 1678 300 μάλι-

213 329 293 356 στα
317 314 567 367 παρέδειξαν
589 311 754 368 χρόνοι.
778 366 781 370 ¹

328 377 455 422 Οὕτω
484 379 534 434 δή
564 377 719 423 τούτου
748 386 839 431 ταῖς
874 381 1045 436 οἷρεταῖς
1074 380 1400 434 ἅπακμοὶζοντος,
1433 379 1506 434 τὴν
1535 382 1678 437 ἐπίκη-

213 461 288 502 ρον
317 443 461 502 βιότην
504 447 526 489 ὁ
557 450 629 502 τῆς
661 448 792 503 μονῆς
821 446 1057 504 προστάτης
1086 448 1234 504 οἰφεῖς,
1276 446 1379 504 πρὸς
1408 446 1485 502 τήν
1510 445 1680 502 α’γήρων

213 512 543 568 μεταβιβάζεται
584 516 713 569 λῆξιν.
786 514 952 557 πάντων
993 516 1040 557 δὲ
1081 513 1297 570 συνδρομή
1341 515 1403 557 ἐπ’
1444 512 1579 556 αὐτὸν
1609 512 1708 556 καίἒ

215 580 374 637 ἱκεσία,
413 580 492 623 σὺν
531 581 708 636 δάκρυσι
750 583 980 637 προστῆναι
1019 584 1167 624 τοῦτον
1206 579 1477 625 ἱκετευόντων
1506 578 1581 622 καί
1605 581 1680 634 τῆς

214 646 422 703 σωτηρίας
452 646 707 702 ἡγήσασθαι,
736 643 795 690 aiv
826 651 899 690 καί
927 647 1003 703 τὴν
1031 647 1214 703 ἐσχάτην
1239 647 1357 699 τάξιν
1383 649 1553 703 πληρῶν
1582 647 1680 702 ἀρε..

212 718 306 762 ταῖς
335 714 605 770 ἐφωταγώγει
635 715 813 765 τούτους
832 717 905 757 καί
932 714 1124 770 πράξεσι.
1157 711 1245 758 ἀλλ’
1276 711 1354 757 οὐκ
1380 712 1550 757 ἔπειθον
1575 710 1683 768 γνώ-

211 797 294 836 μην
324 787 410 830 τοῖς
436 788 645 832 ταπεινοῖς
664 785 867 836 ἐμμένειν
898 782 1270 838 ἑμμελετήσασαν·
1328 782 1400 825 καὶ
1423 776 1522 823 ὅσον
1550 779 1679 835 α’ρετῆ

213 845 319 901 πρὸς
348 842 459 900 ὕψος
484 843 560 902 ἦγε
587 851 820 905 μετέωρον,
850 850 924 891 ἐπί
950 850 1146 891 τοσοῦτον
1171 848 1335 898 τούτοις
1365 848 1708 905 φιλονεικοῦσανι

214 915 619 967 ἐγκαλλωπίζεσθαι.
689 917 835 968 α’,ιιέλει
871 916 1009 957 πάντα
1039 914 1155 968 παρὰ
1187 916 1352 972 φαῦλον
1378 917 1578 968 θέμενος,
1606 914 1683 967 τήν

215 978 376 1036 ῥάβδον
405 982 476 1022 ε’πί
500 987 647 1037 χεῖρας
677 985 833 1036 λαβών,
860 982 934 1025 καὶ
959 985 1009 1039 τῇ
1038 984 1173 1024 ἐλπίδι
1194 982 1394 1038 Χριστόν,
1424 977 1452 1038 ᾗ
1484 982 1556 1024 διὰ
1585 984 1681 1034 βίου

214 1051 234 1070 *
263 1050 430 1103 συνὲρει
473 1047 649 1105 παντός,
690 1047 912 1104 α’ραρότως
938 1048 1308 1106 θωρακισάμενος,
1333 1047 1406 1091 εἠἰ
1432 1046 1477 1090 τὸ
1508 1051 1583 1103 τῆς
1612 1051 1684 1090 Σι-

212 1117 384 1170 γριανῆς
428 1110 525 1169 ὅρος
561 1116 826 1174 ἀφικνεῖται·
884 1120 958 1159 καί
1002 1114 1119 1173 παρά
1149 1132 1258 1166 τινος
1291 1117 1494 1174 Γεωργοῦ
1525 1116 1684 1172 χωρίον

213 1182 477 1238 ω’νησοὶμενος
519 1179 621 1238 ὅπερ
661 1184 868 1227 ἀνέκαθεν
906 1183 1055 1239 Ἀγρὸς
1095 1181 1353 1236 ὠνομάζετο·
1408 1179 1460 1239 ἦν
1489 1185 1536 1227 δὲ
1567 1182 1708 1238 παρὰ]

212 1252 426 1305 θεοφιλῶν
456 1252 752 1305 κεκομισμένος
782 1251 967 1308 δάνειον,
1003 1253 1056 1292 ου’
1084 1251 1164 1306 γὰρ
1197 1256 1215 1275 *
1246 1254 1392 1306 ψυχῆς
1418 1249 1611 1306 ἑκέκτητό
1643 1267 1685 1292 τι

213 1316 286 1358 καί
314 1319 388 1358 τοῦ
427 1322 720 1370 περικειμένου
763 1315 914 1375 ῥακίου
945 1320 1002 1376 τῷ
1030 1317 1219 1374 σώματι,
1246 1317 1390 1372 μύσας
1421 1318 1497 1367 τὰς
1530 1315 1684 1372 αἰσθή-

212 1399 314 1436 σεις,
343 1386 417 1425 καί
444 1385 600 1437 σαρκὸς
633 1384 712 1437 ἔξω
744 1388 816 1428 καί
842 1386 1003 1439 κόσμου
1032 1384 1267 1442 γενόμενος,
1293 1387 1338 1427 ἐν
1368 1386 1486 1443 αὐτῷ
1504 1386 1577 1440 τὴν
1606 1402 1686 1426 πα-

213 1453 377 1504 ροικιάν
406 1451 588 1493 ἐποιεῖτο
617 1453 692 1494 τοῦ
719 1454 817 1507 βίου
835 1469 844 1480 ·
900 1456 951 1510 τῇ
981 1455 1059 1507 μὲν
1076 1451 1288 1511 θεοσδὸτῳ
1315 1454 1398 1495 τῶν
1427 1453 1585 1506 χειρῶν
1616 1453 1685 1506 ἐρ-

210 1519 338 1574 γασίᾳ
376 1520 449 1560 ἐπὶ
488 1521 689 1561 τοσοῦτον
717 1521 1038 1574 προσκείμενος,
1077 1519 1135 1570 ὥς
1163 1516 1282 1561 οὔπω
1310 1521 1708 1573 παριππεύσαντοςῐ

208 1582 363 1638 χρόιου
410 1585 642 1629 ἀποδοῦναι
673 1589 751 1641 μὲν
778 1593 865 1637 τοῖς
901 1587 1162 1630 δἐδανεικόσι
1192 1586 1238 1630 τὸ
1258 1580 1442 1644 ὄφλημα,
1471 1583 1609 1643 ἑαυτῷ
1639 1587 1686 1630 δὲ

305 1723 338 1766 4.
365 1721 511 1768 βιώτην.
632 1723 761 1771 ἀγήρῳ
790 1724 862 1758 Par.
998 1725 1046 1757 13.
1075 1725 1158 1758 fort.
1187 1722 1367 1769 συνήργει
1389 1722 1448 1756 vel
1473 1720 1682 1766 συνήρειδε.

304 1771 664 1852 ὶῗὰρῗιξξομισμένον
693 1774 764 1806 Par.
898 1776 981 1806 aute
1010 1771 1130 1818 ψυχῆς
1155 1766 1249 1815 πλὴν
1284 1771 1340 1805 vel
1360 1771 1481 1817 χωρὶς
1505 1769 1682 1803 excidisse

210 1949 318 1984 porro
358 1938 576 1972 fortitudine
615 1940 792 1980 eniteret,
829 1939 1065 1984 laborumque
1101 1950 1143 1972 ac
1179 1948 1428 1971 aerumnarum
1467 1936 1684 1969 sustinentia

211 1991 320 2031 atque
347 1991 576 2031 contemptu,
607 1992 765 2020 extrema
790 1987 904 2032 ipsius
930 1993 1092 2031 tempora
1117 1986 1342 2032 potissimum
1369 1983 1587 2017 indicarunt.

306 2033 364 2066 Sic
400 2034 511 2078 igitur
546 2034 611 2067 illo
649 2033 846 2068 virtutibus
878 2034 1044 2075 florente,
1079 2033 1286 2068 monasterii
1315 2033 1518 2078 praefectus
1544 2031 1588 2064 ab
1615 2030 1684 2064 hac

209 2081 353 2114 mortali
381 2082 455 2114 vita
481 2080 645 2114 discessit
668 2081 714 2114 ad
737 2082 989 2115 immortalem.
1040 2086 1115 2115 tum
1142 2080 1188 2114 ad
1215 2093 1294 2114 eum
1319 2081 1566 2113 universorum
1595 2091 1684 2112 con-

211 2139 315 2161 cursu
341 2128 449 2170 facto,
474 2140 553 2162 cum
579 2129 741 2172 lacrymis
766 2130 947 2175 supplices
973 2135 1099 2174 rogant
1122 2129 1208 2175 ipsis
1238 2138 1399 2173 praeesse
1426 2127 1535 2168 velit,
1563 2138 1604 2159 ac
1626 2138 1683 2160 sa-

211 2175 298 2209 lutis
326 2175 453 2209 (lucem
479 2187 595 2221 agere,
625 2178 686 2222 qui
715 2177 774 2210 vel
794 2183 992 2211 extremum
1019 2177 1117 2223 apud
1137 2188 1197 2210 eos
1223 2177 1343 2209 locum
1364 2181 1505 2216 tenens,
1535 2175 1682 2208 virtuti-

210 2222 277 2256 bus
304 2225 449 2269 vitaque
476 2224 614 2269 agenda
649 2225 723 2258 illis
760 2225 998 2270 praeluceret.
1049 2224 1141 2258 nihil
1167 2230 1287 2257 tamen
1313 2224 1392 2256 eius
1420 2223 1579 2256 animum
1602 2235 1682 2256 mo-

211 2282 294 2304 vere
323 2278 534 2317 potuerunt,
562 2273 661 2306 cuius
687 2284 797 2305 unum
820 2272 978 2306 studium
1000 2279 1087 2314 erat,
1115 2278 1156 2305 ut
1179 2273 1216 2304 in
1244 2271 1395 2304 abiectis
1423 2271 1571 2303 humilis
1597 2282 1682 2315 per-

210 2325 388 2353 maneret:
427 2331 469 2352 ac
493 2325 631 2365 quanto
669 2320 859 2353 sublimior
882 2322 1014 2354 virtute
1039 2319 1257 2360 tollebatur,
1282 2324 1385 2353 tanto
1413 2318 1470 2352 his
1496 2317 1682 2351 honestari

210 2368 364 2412 amplius
390 2367 649 2401 contendebat.
714 2367 872 2417 denique
897 2370 1027 2414 spretis
1053 2368 1232 2408 omnibus,
1260 2372 1517 2411 assumptoque
1542 2366 1579 2398 in
1604 2377 1682 2398 ma-

210 2426 297 2447 num
320 2415 462 2455 baculo,
490 2427 531 2448 ac
565 2416 641 2460 spei
676 2417 730 2456 vi,
758 2417 813 2449 cui
842 2416 962 2461 quoad
1002 2416 1092 2450 vixit
1119 2416 1225 2448 nixus
1252 2414 1382 2455 fuerat,
1410 2413 1589 2446 Christum
1617 2425 1681 2459 pro

211 2461 358 2496 thorace
394 2468 478 2508 apte
515 2463 689 2503 induens,
724 2463 770 2496 ad
806 2463 990 2507 sign-ianae
1022 2468 1182 2497 montem
1209 2462 1328 2496 venit:
1371 2466 1611 2506 coemptoque
1635 2460 1681 2494 ab

210 2510 366 2553 agricola
396 2510 607 2556 praediolo,
641 2511 697 2544 cui
734 2511 819 2544 olim
846 2511 917 2544 iam
954 2512 1028 2556 agri
1064 2521 1198 2544 nomen
1239 2515 1316 2542 erat
1339 2509 1486 2554 (nempe
1512 2514 1637 2542 mutuo
1663 2519 1682 2541 a

211 2558 297 2591 viris
323 2558 502 2603 religiosis
528 2564 675 2603 accepta
706 2559 880 2604 pecunia,
909 2571 987 2593 cum
1024 2565 1166 2604 praeter
1192 2558 1370 2598 animum,
1397 2557 1560 2602 vilesque
1589 2568 1681 2601 pan-

213 2617 279 2639 nos
305 2605 436 2650 quibus
462 2606 652 2650 tegebatur
667 2618 795 2652 corpus
814 2606 906 2640 nihil
920 2607 1138 2653 possideret)
1164 2606 1293 2639 clausis
1311 2604 1485 2644 sensibus,
1510 2615 1550 2636 ac
1576 2615 1682 2637 carne

214 2653 424 2699 mundoque
449 2654 639 2695 excedens,
664 2655 741 2687 illic
762 2654 983 2688 domicilium
1007 2654 1076 2688 sibi
1105 2655 1242 2688 statuit.
1292 2664 1460 2686 manuum
1481 2651 1615 2691 labore,
1642 2663 1683 2684 ac

214 2700 389 2735 divinitus
415 2713 583 2736 concessa
609 2703 726 2746 operis
752 2702 929 2736 industria
954 2708 1093 2736 tantum
1112 2701 1278 2746 profecit,
1306 2707 1344 2734 ut
1369 2699 1528 2733 nondum
1558 2700 1681 2743 elapso

214 2760 308 2783 anno
335 2761 413 2784 cum
438 2755 563 2784 mutuo
599 2755 776 2796 sumptam
813 2751 1005 2797 pecuniam
1033 2749 1216 2790 redderet,
1244 2755 1319 2782 tum
1344 2747 1456 2782 victui
1483 2747 1683 2781 necessaria
