<?xml version="1.0" encoding="UTF-8"?>
<!DOCTYPE html PUBLIC "-//W3C//DTD XHTML 1.0 Transitional//EN"
    "http://www.w3.org/TR/xhtml1/DTD/xhtml1-transitional.dtd">
<html xmlns="http://www.w3.org/1999/xhtml" xml:lang="en" lang="en">
 <head>
  <title>
</title>
<meta http-equiv="Content-Type" content="text/html;charset=utf-8" />
  <meta name='ocr-system' content='tesseract 3.04.00' />
  <meta name='ocr-capabilities' content='ocr_page ocr_carea ocr_par ocr_line ocrx_word'/>
</head>
<body>
  <div class='ocr_page' id='page_1' title='image "./corpusscriptorum46niebuoft_0664.png"; bbox 0 0 1768 3106; ppageno 0'>
   <div class='ocr_carea' id='block_1_1' title="bbox 237 140 1169 209">
    <p class='ocr_par' dir='ltr' id='par_1_1' title="bbox 237 140 1169 209">
     <span class='ocr_line' id='line_1_1' title="bbox 237 140 1169 209; baseline -0.006 0"><span class='ocrx_word' id='word_1_1' title='bbox 237 140 353 209; x_wconf 69' lang='grc'>604</span> <span class='ocrx_word' id='word_1_2' title='bbox 822 159 1169 204; x_wconf 74' lang='lat' dir='ltr'>THEOPHANJS</span> 
     </span>
    </p>
   </div>
   <div class='ocr_carea' id='block_1_2' title="bbox 111 258 1768 1668">
    <p class='ocr_par' dir='ltr' id='par_1_2' title="bbox 111 258 1768 1668">
     <span class='ocr_line' id='line_1_2' title="bbox 234 258 1716 320; baseline -0.001 -15"><span class='ocrx_word' id='word_1_3' title='bbox 234 264 339 305; x_wconf 84' lang='grc' dir='ltr'><em>σι’ων</em></span> <span class='ocrx_word' id='word_1_4' title='bbox 368 258 681 316; x_wconf 76' lang='grc' dir='ltr'><em>πραιδεύοντες.</em></span> <span class='ocrx_word' id='word_1_5' title='bbox 753 265 838 306; x_wconf 74' lang='grc' dir='ltr'>τῶν</span> <span class='ocrx_word' id='word_1_6' title='bbox 887 264 934 305; x_wconf 78' lang='grc' dir='ltr'>δὲ</span> <span class='ocrx_word' id='word_1_7' title='bbox 973 263 1234 320; x_wconf 78' lang='grc' dir='ltr'><em>Σαρακηνῶν</em></span> <span class='ocrx_word' id='word_1_8' title='bbox 1278 262 1600 317; x_wconf 76' lang='grc' dir='ltr'><em>καταλαβόντων</em></span> <span class='ocrx_word' id='word_1_9' title='bbox 1642 261 1716 318; x_wconf 74' lang='grc' dir='ltr'>τὴν</span> 
     </span>
     <span class='ocr_line' id='line_1_3' title="bbox 234 328 1716 388; baseline -0.001 -16"><span class='ocrx_word' id='word_1_10' title='bbox 234 328 448 384; x_wconf 82' lang='grc' dir='ltr'><em>Λαζικήν,</em></span> <span class='ocrx_word' id='word_1_11' title='bbox 479 331 596 388; x_wconf 80' lang='grc' dir='ltr'><em>φυγῇ</em></span> <span class='ocrx_word' id='word_1_12' title='bbox 623 328 893 386; x_wconf 81' lang='grc' dir='ltr'><em>χρησάμενος</em></span> <span class='ocrx_word' id='word_1_13' title='bbox 923 330 946 372; x_wconf 81' lang='grc' dir='ltr'>ὅ</span> <span class='ocrx_word' id='word_1_14' title='bbox 981 334 1065 374; x_wconf 74' lang='grc' dir='ltr'>τῶν</span> <span class='ocrx_word' id='word_1_15' title='bbox 1091 328 1315 384; x_wconf 76' lang='grc' dir='ltr'><em>Ῥωμαίων</em></span> <span class='ocrx_word' id='word_1_16' title='bbox 1345 333 1417 373; x_wconf 84' lang='grc' dir='ltr'>καί</span> <span class='ocrx_word' id='word_1_17' title='bbox 1444 332 1529 372; x_wconf 80' lang='grc' dir='ltr'>τῶν</span> <span class='ocrx_word' id='word_1_18' title='bbox 1557 333 1716 384; x_wconf 55' lang='lat' dir='ltr'>&#39;Astus-</span> 
     </span>
     <span class='ocr_line' id='line_1_4' title="bbox 235 395 1719 452; baseline 0 -13"><span class='ocrx_word' id='word_1_19' title='bbox 235 397 336 439; x_wconf 84' lang='grc' dir='ltr'><em>νι’ων</em></span> <span class='ocrx_word' id='word_1_20' title='bbox 367 400 470 446; x_wconf 88' lang='grc' dir='ltr'><em>λαος</em></span> <span class='ocrx_word' id='word_1_21' title='bbox 499 397 570 439; x_wconf 74' lang='grc' dir='ltr'>ἐπὶ</span> <span class='ocrx_word' id='word_1_22' title='bbox 596 395 670 440; x_wconf 85' lang='grc' dir='ltr'>τὸν</span> <span class='ocrx_word' id='word_1_23' title='bbox 701 399 842 440; x_wconf 79' lang='grc' dir='ltr'><em>Φᾶσιν</em></span> <span class='ocrx_word' id='word_1_24' title='bbox 885 397 1170 452; x_wconf 72' lang='grc' dir='ltr'><em>ὑπέστρεψεν.</em></span> <span class='ocrx_word' id='word_1_25' title='bbox 1244 396 1281 439; x_wconf 78' lang='grc' dir='ltr'>οἱ</span> <span class='ocrx_word' id='word_1_26' title='bbox 1311 399 1357 440; x_wconf 75' lang='grc' dir='ltr'>δὲ</span> <span class='ocrx_word' id='word_1_27' title='bbox 1388 397 1598 440; x_wconf 75' lang='grc' dir='ltr'><em>διακόσιοι</em></span> <span class='ocrx_word' id='word_1_28' title='bbox 1628 399 1719 439; x_wconf 83' lang='grc' dir='ltr'><em>ἐπι-</em></span> 
     </span>
     <span class='ocr_line' id='line_1_5' title="bbox 236 461 1719 522; baseline -0.001 -16"><span class='ocrx_word' id='word_1_29' title='bbox 236 463 454 517; x_wconf 76' lang='grc' dir='ltr'><strong><em>μείναντες</em></strong></span> <span class='ocrx_word' id='word_1_30' title='bbox 481 466 542 514; x_wconf 87' lang='grc' dir='ltr'>εἰς</span> <span class='ocrx_word' id='word_1_31' title='bbox 569 463 621 506; x_wconf 77' lang='grc' dir='ltr'><em>τοὶ</em></span> <span class='ocrx_word' id='word_1_32' title='bbox 653 463 887 507; x_wconf 78' lang='grc' dir='ltr'><em>Καυκάσια</em></span> <span class='ocrx_word' id='word_1_33' title='bbox 921 461 1022 521; x_wconf 80' lang='grc' dir='ltr'><em>ὄρη,</em></span> <span class='ocrx_word' id='word_1_34' title='bbox 1066 464 1250 520; x_wconf 82' lang='grc' dir='ltr'><em>ε”στησαν</em></span> <span class='ocrx_word' id='word_1_35' title='bbox 1289 465 1584 522; x_wconf 79' lang='grc' dir='ltr'><em>λῃστεύοντες,</em></span> <span class='ocrx_word' id='word_1_36' title='bbox 1615 466 1719 506; x_wconf 72' lang='grc' dir='ltr'><em>α’πο·</em></span> 
     </span>
     <span class='ocr_line' id='line_1_6' title="bbox 235 528 1757 586; baseline 0.003 -14"><span class='ocrx_word' id='word_1_37' title='bbox 235 530 401 586; x_wconf 77' lang='grc' dir='ltr'><em>γνόντες</em></span> <span class='ocrx_word' id='word_1_38' title='bbox 430 528 607 573; x_wconf 70' lang='grc' dir='ltr'><em>ἑαυτῶν.</em></span> <span class='ocrx_word' id='word_1_39' title='bbox 642 529 680 573; x_wconf 84' lang='grc' dir='ltr'>οἱ</span> <span class='ocrx_word' id='word_1_40' title='bbox 712 533 758 574; x_wconf 79' lang='grc' dir='ltr'>δὲ</span> <span class='ocrx_word' id='word_1_41' title='bbox 789 531 964 575; x_wconf 78' lang='grc' dir='ltr'><em>Ἀλανοὶ</em></span> <span class='ocrx_word' id='word_1_42' title='bbox 988 529 1205 586; x_wconf 77' lang='grc' dir='ltr'><em>μαθόντες</em></span> <span class='ocrx_word' id='word_1_43' title='bbox 1222 533 1346 575; x_wconf 74' lang='grc' dir='ltr'><em>τοῦτο</em></span> <span class='ocrx_word' id='word_1_44' title='bbox 1373 532 1585 586; x_wconf 76' lang='grc' dir='ltr'><em>ὑπέλαβον</em></span> <span class='ocrx_word' id='word_1_45' title='bbox 1613 533 1757 586; x_wconf 83' lang='grc' dir='ltr'><em>πλῆ-5</em></span> 
     </span>
     <span class='ocr_line' id='line_1_7' title="bbox 236 595 1717 656; baseline 0.001 -17"><span class='ocrx_word' id='word_1_46' title='bbox 236 600 315 647; x_wconf 82' lang='grc' dir='ltr'><em>θος</em></span> <span class='ocrx_word' id='word_1_47' title='bbox 339 597 560 651; x_wconf 80' lang='grc' dir='ltr'><em>Ῥωμαίων</em></span> <span class='ocrx_word' id='word_1_48' title='bbox 589 595 699 641; x_wconf 79' lang='grc' dir='ltr'><em>εἶναι</em></span> <span class='ocrx_word' id='word_1_49' title='bbox 732 600 777 642; x_wconf 83' lang='grc' dir='ltr'>ἐν</span> <span class='ocrx_word' id='word_1_50' title='bbox 805 605 892 649; x_wconf 91' lang='grc' dir='ltr'><em>τοῖς</em></span> <span class='ocrx_word' id='word_1_51' title='bbox 911 601 1200 656; x_wconf 83' lang='grc' dir='ltr'><em>Καυκασιόις,</em></span> <span class='ocrx_word' id='word_1_52' title='bbox 1229 599 1303 642; x_wconf 80' lang='grc' dir='ltr'>καί</span> <span class='ocrx_word' id='word_1_53' title='bbox 1317 602 1521 655; x_wconf 80' lang='grc' dir='ltr'><em>χαρέντες</em></span> <span class='ocrx_word' id='word_1_54' title='bbox 1550 603 1717 654; x_wconf 77' lang='grc' dir='ltr'><em>λέγουσι</em></span> 
     </span>
     <span class='ocr_line' id='line_1_8' title="bbox 238 660 1722 724; baseline 0.001 -17"><span class='ocrx_word' id='word_1_55' title='bbox 238 668 296 722; x_wconf 78' lang='grc' dir='ltr'><em>τῷ</em></span> <span class='ocrx_word' id='word_1_56' title='bbox 332 667 590 724; x_wconf 74' lang='grc' dir='ltr'><em>σπαθαρίῳ,</em></span> <span class='ocrx_word' id='word_1_57' title='bbox 631 662 698 708; x_wconf 76' lang='grc' dir='ltr'><em>ὅτι</em></span> <span class='ocrx_word' id='word_1_58' title='bbox 737 665 776 708; x_wconf 81' lang='grc' dir='ltr'>οἱ</span> <span class='ocrx_word' id='word_1_59' title='bbox 815 667 1023 719; x_wconf 86' lang='grc' dir='ltr'><em>Ῥωμαῖοι</em></span> <span class='ocrx_word' id='word_1_60' title='bbox 1067 668 1354 724; x_wconf 77' lang='grc' dir='ltr'><em>ἐπλησίασαν,</em></span> <span class='ocrx_word' id='word_1_61' title='bbox 1412 660 1574 709; x_wconf 75' lang='grc' dir='ltr'><em>ἄπελθε</em></span> <span class='ocrx_word' id='word_1_62' title='bbox 1614 664 1722 722; x_wconf 88' lang='grc' dir='ltr'><em>πρὸς</em></span> 
     </span>
     <span class='ocr_line' id='line_1_9' title="bbox 236 730 1723 789; baseline 0.001 -14"><span class='ocrx_word' id='word_1_63' title='bbox 236 730 410 781; x_wconf 64' lang='grc' dir='ltr'><em>αὐτούς.</em></span> <span class='ocrx_word' id='word_1_64' title='bbox 479 735 621 788; x_wconf 78' lang='grc' dir='ltr'><em>λαβών</em></span> <span class='ocrx_word' id='word_1_65' title='bbox 662 736 709 776; x_wconf 73' lang='grc' dir='ltr'>δὲ</span> <span class='ocrx_word' id='word_1_66' title='bbox 748 731 770 775; x_wconf 81' lang='grc' dir='ltr'><strong><em>ὅ</em></strong></span> <span class='ocrx_word' id='word_1_67' title='bbox 816 733 1060 789; x_wconf 80' lang='grc' dir='ltr'><em>σπαθοῖριος</em></span> <span class='ocrx_word' id='word_1_68' title='bbox 1098 733 1351 789; x_wconf 84' lang='grc' dir='ltr'><em>πεντήκοντα</em></span> <span class='ocrx_word' id='word_1_69' title='bbox 1384 734 1606 789; x_wconf 82' lang='grc' dir='ltr'><em>Ἀλανούς,</em></span> <span class='ocrx_word' id='word_1_70' title='bbox 1650 736 1723 776; x_wconf 78' lang='grc' dir='ltr'>καί</span> 
     </span>
     <span class='ocr_line' id='line_1_10' title="bbox 192 799 1723 858; baseline 0.001 -17"><span class='ocrx_word' id='word_1_71' title='bbox 192 814 225 847; x_wconf 87' lang='lat' dir='ltr'>D</span> <span class='ocrx_word' id='word_1_72' title='bbox 241 799 426 854; x_wconf 81' lang='grc' dir='ltr'><em>ὑπερβὰς</em></span> <span class='ocrx_word' id='word_1_73' title='bbox 453 799 562 854; x_wconf 76' lang='grc' dir='ltr'><em>μετὰ</em></span> <span class='ocrx_word' id='word_1_74' title='bbox 585 802 858 845; x_wconf 80' lang='grc' dir='ltr'><em>κυκλοπόδων</em></span> <span class='ocrx_word' id='word_1_75' title='bbox 878 803 1032 845; x_wconf 70' lang='grc' dir='ltr'><em>Μαΐου</em></span> <span class='ocrx_word' id='word_1_76' title='bbox 1050 801 1181 858; x_wconf 81' lang='grc' dir='ltr'><em>μηνὸς</em></span> <span class='ocrx_word' id='word_1_77' title='bbox 1208 801 1284 852; x_wconf 76' lang='grc' dir='ltr'><em>τοὶς</em></span> <span class='ocrx_word' id='word_1_78' title='bbox 1308 803 1461 858; x_wconf 86' lang='grc' dir='ltr'><em>χιόνας</em></span> <span class='ocrx_word' id='word_1_79' title='bbox 1489 805 1573 844; x_wconf 73' lang='grc' dir='ltr'>τῶν</span> <span class='ocrx_word' id='word_1_80' title='bbox 1598 804 1723 844; x_wconf 85' lang='grc' dir='ltr'><em>Καυ-</em></span> 
     </span>
     <span class='ocr_line' id='line_1_11' title="bbox 239 863 1768 928; baseline 0 -19"><span class='ocrx_word' id='word_1_81' title='bbox 239 867 411 925; x_wconf 79' lang='grc' dir='ltr'><em>κασίων,</em></span> <span class='ocrx_word' id='word_1_82' title='bbox 442 863 566 923; x_wconf 67' lang='grc' dir='ltr'><em>εὗρεν</em></span> <span class='ocrx_word' id='word_1_83' title='bbox 587 869 757 926; x_wconf 77' lang='grc' dir='ltr'><em>αὐτούς,</em></span> <span class='ocrx_word' id='word_1_84' title='bbox 786 869 859 912; x_wconf 81' lang='grc' dir='ltr'>καὶ</span> <span class='ocrx_word' id='word_1_85' title='bbox 877 872 922 913; x_wconf 81' lang='grc' dir='ltr'>ἐν</span> <span class='ocrx_word' id='word_1_86' title='bbox 949 872 1084 928; x_wconf 80' lang='grc' dir='ltr'><em>πολλῇ</em></span> <span class='ocrx_word' id='word_1_87' title='bbox 1099 870 1220 928; x_wconf 78' lang='grc' dir='ltr'><em>χαρᾷ</em></span> <span class='ocrx_word' id='word_1_88' title='bbox 1238 869 1432 927; x_wconf 78' lang='grc' dir='ltr'><em>γεγονώς,</em></span> <span class='ocrx_word' id='word_1_89' title='bbox 1458 867 1617 926; x_wconf 76' lang='grc' dir='ltr'><em>ἠρώτα,</em></span> <span class='ocrx_word' id='word_1_90' title='bbox 1638 871 1723 910; x_wconf 86' lang='grc' dir='ltr'><em>ποῦ’</em></span> <span class='ocrx_word' id='word_1_91' title='bbox 1742 883 1768 908; x_wconf 72' lang='lat'>1⁴</span> 
     </span>
     <span class='ocr_line' id='line_1_12' title="bbox 238 933 1726 994; baseline 0.001 -17"><span class='ocrx_word' id='word_1_92' title='bbox 238 937 353 977; x_wconf 78' lang='grc' dir='ltr'><em>ε’στίν</em></span> <span class='ocrx_word' id='word_1_93' title='bbox 386 934 408 977; x_wconf 82' lang='grc' dir='ltr'>ὁ</span> <span class='ocrx_word' id='word_1_94' title='bbox 441 933 570 989; x_wconf 86' lang='grc' dir='ltr'><em>λαός,·</em></span> <span class='ocrx_word' id='word_1_95' title='bbox 598 935 638 978; x_wconf 86' lang='grc' dir='ltr'>οἱ</span> <span class='ocrx_word' id='word_1_96' title='bbox 666 939 713 980; x_wconf 76' lang='grc' dir='ltr'>δὲ</span> <span class='ocrx_word' id='word_1_97' title='bbox 744 933 887 979; x_wconf 79' lang='grc' dir='ltr'><em>εἷπον·</em></span> <span class='ocrx_word' id='word_1_98' title='bbox 946 939 1029 980; x_wconf 76' lang='grc' dir='ltr'>τῶν</span> <span class='ocrx_word' id='word_1_99' title='bbox 1047 940 1308 994; x_wconf 81' lang='grc' dir='ltr'><em>Σαρακηνῶν</em></span> <span class='ocrx_word' id='word_1_100' title='bbox 1336 937 1622 980; x_wconf 79' lang='grc' dir='ltr'><em>ἐπιπεσόντων</em></span> <span class='ocrx_word' id='word_1_101' title='bbox 1654 935 1726 978; x_wconf 79' lang='grc' dir='ltr'>ἐπὶ</span> 
     </span>
     <span class='ocr_line' id='line_1_13' title="bbox 230 1001 1726 1060; baseline 0.001 -17"><span class='ocrx_word' id='word_1_102' title='bbox 230 1001 482 1060; x_wconf 85' lang='grc' dir='ltr'><em>Ῥωμανιάν,</em></span> <span class='ocrx_word' id='word_1_103' title='bbox 502 1003 790 1059; x_wconf 77' lang='grc' dir='ltr'><em>ὑπέστρεψαν.</em></span> <span class='ocrx_word' id='word_1_104' title='bbox 812 1002 936 1059; x_wconf 75' lang='grc' dir='ltr'><em>ἡμεῖς</em></span> <span class='ocrx_word' id='word_1_105' title='bbox 956 1006 1003 1048; x_wconf 75' lang='grc' dir='ltr'>δὲ</span> <span class='ocrx_word' id='word_1_106' title='bbox 1022 1003 1081 1060; x_wconf 73' lang='grc' dir='ltr'>μὴ</span> <span class='ocrx_word' id='word_1_107' title='bbox 1112 1006 1366 1060; x_wconf 75' lang='grc' dir='ltr'><em>δυνηθέντες</em></span> <span class='ocrx_word' id='word_1_108' title='bbox 1390 1007 1463 1048; x_wconf 78' lang='grc' dir='ltr'>ἐπὶ</span> <span class='ocrx_word' id='word_1_109' title='bbox 1483 1003 1726 1058; x_wconf 89' lang='grc' dir='ltr'><em>Ῥωμανιάν</em></span> 
     </span>
     <span class='ocr_line' id='line_1_14' title="bbox 238 1068 1732 1128; baseline 0.001 -17"><span class='ocrx_word' id='word_1_110' title='bbox 238 1069 452 1124; x_wconf 76' lang='grc' dir='ltr'><em>ἀπελθεῖν,</em></span> <span class='ocrx_word' id='word_1_111' title='bbox 475 1072 546 1113; x_wconf 80' lang='grc' dir='ltr'>ἐπὶ</span> <span class='ocrx_word' id='word_1_112' title='bbox 583 1071 783 1114; x_wconf 86' lang='grc' dir='ltr'><em>Ἀλανιάν</em></span> <span class='ocrx_word' id='word_1_113' title='bbox 812 1070 1055 1128; x_wconf 75' lang='grc' dir='ltr'><em>ἠρχόμεθα.</em></span> <span class='ocrx_word' id='word_1_114' title='bbox 1084 1075 1158 1114; x_wconf 84' lang='grc' dir='ltr'><em>καί</em></span> <span class='ocrx_word' id='word_1_115' title='bbox 1186 1068 1302 1115; x_wconf 80' lang='grc' dir='ltr'><em>εἶπεν</em></span> <span class='ocrx_word' id='word_1_116' title='bbox 1333 1070 1441 1127; x_wconf 86' lang='grc' dir='ltr'><em>πρὸς</em></span> <span class='ocrx_word' id='word_1_117' title='bbox 1475 1071 1652 1120; x_wconf 72' lang='grc' dir='ltr'><em>αὐτούς·</em></span> <span class='ocrx_word' id='word_1_118' title='bbox 1683 1069 1732 1112; x_wconf 70' lang='grc' dir='ltr'><em>τί</em></span> 
     </span>
     <span class='ocr_line' id='line_1_15' title="bbox 239 1133 1725 1197; baseline 0.002 -20"><span class='ocrx_word' id='word_1_119' title='bbox 239 1139 442 1191; x_wconf 83' lang='grc' dir='ltr'><em>ποιοῦμεν</em></span> <span class='ocrx_word' id='word_1_120' title='bbox 459 1133 583 1194; x_wconf 67' lang='grc' dir='ltr'><em>ἄρας</em></span> <span class='ocrx_word' id='word_1_121' title='bbox 608 1137 646 1181; x_wconf 81' lang='grc' dir='ltr'>οἱ</span> <span class='ocrx_word' id='word_1_122' title='bbox 665 1141 712 1182; x_wconf 80' lang='grc' dir='ltr'>δὲ</span> <span class='ocrx_word' id='word_1_123' title='bbox 733 1135 863 1195; x_wconf 80' lang='grc' dir='ltr'><em>εἶπον,</em></span> <span class='ocrx_word' id='word_1_124' title='bbox 898 1135 963 1182; x_wconf 78' lang='grc' dir='ltr'><em>ὅτι</em></span> <span class='ocrx_word' id='word_1_125' title='bbox 987 1139 1059 1182; x_wconf 76' lang='grc' dir='ltr'>διὰ</span> <span class='ocrx_word' id='word_1_126' title='bbox 1081 1142 1155 1194; x_wconf 81' lang='grc' dir='ltr'>τῆς</span> <span class='ocrx_word' id='word_1_127' title='bbox 1170 1137 1317 1195; x_wconf 80' lang='grc' dir='ltr'><em>χώρας</em></span> <span class='ocrx_word' id='word_1_128' title='bbox 1338 1137 1495 1197; x_wconf 78' lang='grc' dir='ltr'><em>ταύτης</em></span> <span class='ocrx_word' id='word_1_129' title='bbox 1515 1137 1725 1182; x_wconf 78' lang='grc' dir='ltr'><em>α’ὃὺνατόν</em></span> 
     </span>
     <span class='ocr_line' id='line_1_16' title="bbox 239 1205 1758 1264; baseline 0.001 -18"><span class='ocrx_word' id='word_1_130' title='bbox 239 1207 332 1247; x_wconf 78' lang='grc' dir='ltr'><em>ἐστι</em></span> <span class='ocrx_word' id='word_1_131' title='bbox 361 1207 546 1248; x_wconf 78' lang='grc' dir='ltr'><em>διελθεῖν</em></span> <span class='ocrx_word' id='word_1_132' title='bbox 576 1206 700 1260; x_wconf 79' lang='grc' dir='ltr'><em>ἡμᾶς.</em></span> <span class='ocrx_word' id='word_1_133' title='bbox 731 1206 753 1249; x_wconf 83' lang='grc' dir='ltr'>ὅ</span> <span class='ocrx_word' id='word_1_134' title='bbox 775 1209 821 1250; x_wconf 75' lang='grc' dir='ltr'>δὲ</span> <span class='ocrx_word' id='word_1_135' title='bbox 839 1206 1083 1263; x_wconf 79' lang='grc' dir='ltr'><em>σπαθάριος</em></span> <span class='ocrx_word' id='word_1_136' title='bbox 1105 1205 1212 1264; x_wconf 79' lang='grc' dir='ltr'><em>ἔφη·</em></span> <span class='ocrx_word' id='word_1_137' title='bbox 1243 1208 1320 1249; x_wconf 83' lang='grc' dir='ltr'><em>ου’κ</em></span> <span class='ocrx_word' id='word_1_138' title='bbox 1342 1205 1434 1250; x_wconf 75' lang='grc' dir='ltr'><em>ἔστι</em></span> <span class='ocrx_word' id='word_1_139' title='bbox 1457 1205 1641 1249; x_wconf 81' lang='grc' dir='ltr'><em>δυνατόν</em></span> <span class='ocrx_word' id='word_1_140' title='bbox 1670 1208 1727 1249; x_wconf 77' lang='grc' dir='ltr'>δι’</span> <span class='ocrx_word' id='word_1_141' title='bbox 1745 1222 1758 1248; x_wconf 80' lang='lat'>1</span> 
     </span>
     <span class='ocr_line' id='line_1_17' title="bbox 239 1267 1726 1330; baseline 0.001 -17"><span class='ocrx_word' id='word_1_142' title='bbox 239 1267 368 1328; x_wconf 76' lang='grc' dir='ltr'><em>ἄλλης</em></span> <span class='ocrx_word' id='word_1_143' title='bbox 399 1271 501 1314; x_wconf 79' lang='grc' dir='ltr'><em>ὁδοῦ</em></span> <span class='ocrx_word' id='word_1_144' title='bbox 529 1275 741 1326; x_wconf 81' lang='grc' dir='ltr'><em>ἐξελθεῖν,·</em></span> <span class='ocrx_word' id='word_1_145' title='bbox 783 1274 965 1329; x_wconf 83' lang='grc' dir='ltr'><em>κάστρον</em></span> <span class='ocrx_word' id='word_1_146' title='bbox 995 1269 1071 1317; x_wconf 76' lang='grc' dir='ltr'>οὖν</span> <span class='ocrx_word' id='word_1_147' title='bbox 1110 1275 1303 1330; x_wconf 76' lang='grc' dir='ltr'><em>ὑπῆρχεν</em></span> <span class='ocrx_word' id='word_1_148' title='bbox 1346 1275 1503 1330; x_wconf 81' lang='grc' dir='ltr'><em>ἐκεῖσε,</em></span> <span class='ocrx_word' id='word_1_149' title='bbox 1532 1272 1580 1317; x_wconf 83' lang='grc' dir='ltr'><em>τὸ</em></span> <span class='ocrx_word' id='word_1_150' title='bbox 1611 1272 1726 1328; x_wconf 78' lang='grc' dir='ltr'><em>λεγό-</em></span> 
     </span>
     <span class='ocr_line' id='line_1_18' title="bbox 239 1335 1728 1400; baseline 0.001 -19"><span class='ocrx_word' id='word_1_151' title='bbox 239 1354 365 1394; x_wconf 91' lang='grc' dir='ltr'><em>μενον</em></span> <span class='ocrx_word' id='word_1_152' title='bbox 394 1340 598 1398; x_wconf 77' lang='grc' dir='ltr'><em>Σιδηρόν,</em></span> <span class='ocrx_word' id='word_1_153' title='bbox 628 1341 673 1382; x_wconf 77' lang='grc' dir='ltr'>ἐν</span> <span class='ocrx_word' id='word_1_154' title='bbox 710 1335 745 1400; x_wconf 65' lang='grc' dir='ltr'>(ᾗ</span> <span class='ocrx_word' id='word_1_155' title='bbox 771 1336 823 1397; x_wconf 80' lang='grc' dir='ltr'>ἦν</span> <span class='ocrx_word' id='word_1_156' title='bbox 851 1339 1132 1398; x_wconf 82' lang='grc' dir='ltr'><em>τοποτηρητὴς</em></span> <span class='ocrx_word' id='word_1_157' title='bbox 1151 1339 1463 1396; x_wconf 78' lang='grc' dir='ltr'><em>Φαρασμάνιός</em></span> <span class='ocrx_word' id='word_1_158' title='bbox 1493 1358 1556 1392; x_wconf 82' lang='grc' dir='ltr'>τις</span> <span class='ocrx_word' id='word_1_159' title='bbox 1584 1336 1728 1384; x_wconf 71' lang='grc' dir='ltr'><em>τοτ’)’νο-</em></span> 
     </span>
     <span class='ocr_line' id='line_1_19' title="bbox 111 1405 1725 1466; baseline -0.001 -15"><span class='ocrx_word' id='word_1_160' title='bbox 111 1419 303 1461; x_wconf 77' lang='grc' dir='ltr'><em>Ρ.33ομα</em></span> <span class='ocrx_word' id='word_1_161' title='bbox 337 1405 421 1448; x_wconf 78' lang='grc' dir='ltr'>ὖπὸ</span> <span class='ocrx_word' id='word_1_162' title='bbox 453 1407 550 1457; x_wconf 79' lang='grc' dir='ltr'><em>τούς</em></span> <span class='ocrx_word' id='word_1_163' title='bbox 580 1407 856 1465; x_wconf 75' lang='grc' dir='ltr'><em>Σαρακηνοὺς</em></span> <span class='ocrx_word' id='word_1_164' title='bbox 895 1408 1132 1465; x_wconf 82' lang='grc' dir='ltr'><em>τυγχάνων,</em></span> <span class='ocrx_word' id='word_1_165' title='bbox 1176 1411 1251 1451; x_wconf 81' lang='grc' dir='ltr'><em>καί</em></span> <span class='ocrx_word' id='word_1_166' title='bbox 1277 1406 1448 1466; x_wconf 84' lang='grc' dir='ltr'><em>εἰρήνην</em></span> <span class='ocrx_word' id='word_1_167' title='bbox 1477 1407 1590 1464; x_wconf 77' lang='grc' dir='ltr'><em>ἔχων</em></span> <span class='ocrx_word' id='word_1_168' title='bbox 1617 1406 1725 1462; x_wconf 78' lang='grc' dir='ltr'><em>μετὰ</em></span> 
     </span>
     <span class='ocr_line' id='line_1_20' title="bbox 241 1471 1726 1535; baseline 0.001 -19"><span class='ocrx_word' id='word_1_169' title='bbox 241 1477 327 1516; x_wconf 75' lang='grc' dir='ltr'><em>ταῖν</em></span> <span class='ocrx_word' id='word_1_170' title='bbox 352 1475 602 1531; x_wconf 86' lang='grc' dir='ltr'><em>Ἀρμενίων.</em></span> <span class='ocrx_word' id='word_1_171' title='bbox 661 1479 838 1530; x_wconf 82' lang='grc' dir='ltr'><em>πέμψας</em></span> <span class='ocrx_word' id='word_1_172' title='bbox 869 1472 944 1518; x_wconf 74' lang='grc' dir='ltr'>οὖν</span> <span class='ocrx_word' id='word_1_173' title='bbox 973 1474 994 1518; x_wconf 83' lang='grc' dir='ltr'><em>ὃ</em></span> <span class='ocrx_word' id='word_1_174' title='bbox 1028 1475 1272 1533; x_wconf 79' lang='grc' dir='ltr'><em>σπαθάριος</em></span> <span class='ocrx_word' id='word_1_175' title='bbox 1317 1478 1446 1532; x_wconf 84' lang='grc' dir='ltr'><em>δηλοῖ</em></span> <span class='ocrx_word' id='word_1_176' title='bbox 1478 1476 1621 1535; x_wconf 71' lang='grc' dir='ltr'><em>αὐτῷ,</em></span> <span class='ocrx_word' id='word_1_177' title='bbox 1660 1471 1726 1518; x_wconf 78' lang='grc' dir='ltr'><em>ὅτι</em></span> 
     </span>
     <span class='ocr_line' id='line_1_21' title="bbox 243 1538 1768 1601; baseline 0.003 -18"><span class='ocrx_word' id='word_1_178' title='bbox 243 1543 311 1598; x_wconf 79' lang='grc' dir='ltr'>ἐφ’</span> <span class='ocrx_word' id='word_1_179' title='bbox 342 1538 442 1584; x_wconf 73' lang='grc' dir='ltr'><em>ὅσον</em></span> <span class='ocrx_word' id='word_1_180' title='bbox 469 1542 638 1600; x_wconf 83' lang='grc' dir='ltr'><em>εἰρήνην</em></span> <span class='ocrx_word' id='word_1_181' title='bbox 676 1541 791 1598; x_wconf 77' lang='grc' dir='ltr'><em>ἔχεις</em></span> <span class='ocrx_word' id='word_1_182' title='bbox 837 1543 948 1598; x_wconf 75' lang='grc' dir='ltr'><em>μετὰ</em></span> <span class='ocrx_word' id='word_1_183' title='bbox 984 1547 1072 1586; x_wconf 78' lang='grc' dir='ltr'>τῶν</span> <span class='ocrx_word' id='word_1_184' title='bbox 1099 1545 1356 1601; x_wconf 76' lang='grc' dir='ltr'><em>Ἀρμενίων,</em></span> <span class='ocrx_word' id='word_1_185' title='bbox 1384 1542 1629 1600; x_wconf 83' lang='grc' dir='ltr'><em>εἷρήνευσον</em></span> <span class='ocrx_word' id='word_1_186' title='bbox 1658 1546 1768 1587; x_wconf 62' lang='lat' dir='ltr'>uada„</span> 
     </span>
     <span class='ocr_line' id='line_1_22' title="bbox 243 1610 1730 1668; baseline 0.001 -17"><span class='ocrx_word' id='word_1_187' title='bbox 243 1611 334 1663; x_wconf 79' lang='grc' dir='ltr'><em>μετ’</em></span> <span class='ocrx_word' id='word_1_188' title='bbox 365 1610 473 1663; x_wconf 78' lang='grc' dir='ltr'><em>ἐμοῦ</em></span> <span class='ocrx_word' id='word_1_189' title='bbox 489 1627 499 1638; x_wconf 89' lang='grc'><strong><em>·</em></strong></span> <span class='ocrx_word' id='word_1_190' title='bbox 529 1612 605 1653; x_wconf 81' lang='grc' dir='ltr'><em>καί</em></span> <span class='ocrx_word' id='word_1_191' title='bbox 630 1613 757 1667; x_wconf 76' lang='grc' dir='ltr'><em>γενοῦ</em></span> <span class='ocrx_word' id='word_1_192' title='bbox 786 1612 870 1654; x_wconf 78' lang='grc' dir='ltr'>ὑπὸ</span> <span class='ocrx_word' id='word_1_193' title='bbox 899 1611 977 1668; x_wconf 79' lang='grc' dir='ltr'>τὴν</span> <span class='ocrx_word' id='word_1_194' title='bbox 1007 1614 1229 1666; x_wconf 76' lang='grc' dir='ltr'><em>βασιλείαν</em></span> <span class='ocrx_word' id='word_1_195' title='bbox 1249 1611 1500 1666; x_wconf 78' lang='grc' dir='ltr'><em>Ῥωμαίων·</em></span> <span class='ocrx_word' id='word_1_196' title='bbox 1560 1613 1634 1654; x_wconf 79' lang='grc' dir='ltr'><em>καί</em></span> <span class='ocrx_word' id='word_1_197' title='bbox 1660 1610 1730 1660; x_wconf 76' lang='grc' dir='ltr'><em>δὸς</em></span> 
     </span>
    </p>
   </div>
   <div class='ocr_carea' id='block_1_3' title="bbox 340 1748 1730 1892">
    <p class='ocr_par' dir='ltr' id='par_1_3' title="bbox 340 1748 1730 1892">
     <span class='ocr_line' id='line_1_23' title="bbox 340 1748 1728 1803; baseline -0.001 -21"><span class='ocrx_word' id='word_1_198' title='bbox 340 1748 380 1803; x_wconf 41' lang='grc'>3.,</span> <span class='ocrx_word' id='word_1_199' title='bbox 402 1749 662 1796; x_wconf 75' lang='grc' dir='ltr'><em>ἐπιμείναντες</em></span> <span class='ocrx_word' id='word_1_200' title='bbox 677 1749 719 1791; x_wconf 93' lang='lat' dir='ltr'>A,</span> <span class='ocrx_word' id='word_1_201' title='bbox 745 1750 950 1798; x_wconf 72' lang='grc' dir='ltr'><em>ἐπέμειναν</em></span> <span class='ocrx_word' id='word_1_202' title='bbox 974 1750 1070 1795; x_wconf 87' lang='lat' dir='ltr'>vulg.</span> <span class='ocrx_word' id='word_1_203' title='bbox 1169 1751 1202 1785; x_wconf 90' lang='lat'>5.</span> <span class='ocrx_word' id='word_1_204' title='bbox 1222 1749 1331 1786; x_wconf 82' lang='grc' dir='ltr'><em>τοῦτο</em></span> <span class='ocrx_word' id='word_1_205' title='bbox 1357 1749 1441 1784; x_wconf 82' lang='lat' dir='ltr'>add.</span> <span class='ocrx_word' id='word_1_206' title='bbox 1471 1761 1515 1784; x_wconf 80' lang='lat' dir='ltr'>ex</span> <span class='ocrx_word' id='word_1_207' title='bbox 1539 1749 1569 1784; x_wconf 90' lang='lat' dir='ltr'>A</span> <span class='ocrx_word' id='word_1_208' title='bbox 1594 1748 1622 1783; x_wconf 86' lang='lat' dir='ltr'>f.</span> <span class='ocrx_word' id='word_1_209' title='bbox 1693 1759 1728 1792; x_wconf 89' lang='lat'>9.</span> 
     </span>
     <span class='ocr_line' id='line_1_24' title="bbox 340 1793 1730 1846; baseline 0 -16"><span class='ocrx_word' id='word_1_210' title='bbox 340 1809 407 1836; x_wconf 80' lang='grc' dir='ltr'>τας</span> <span class='ocrx_word' id='word_1_211' title='bbox 426 1810 462 1842; x_wconf 89' lang='grc' dir='ltr'>χ.</span> <span class='ocrx_word' id='word_1_212' title='bbox 488 1798 527 1838; x_wconf 93' lang='lat' dir='ltr'>A,</span> <span class='ocrx_word' id='word_1_213' title='bbox 553 1795 640 1837; x_wconf 80' lang='grc' dir='ltr'><em>τοὺς</em></span> <span class='ocrx_word' id='word_1_214' title='bbox 659 1810 694 1843; x_wconf 83' lang='grc' dir='ltr'>χ.</span> <span class='ocrx_word' id='word_1_215' title='bbox 722 1799 818 1844; x_wconf 82' lang='lat' dir='ltr'>vulg.</span> <span class='ocrx_word' id='word_1_216' title='bbox 923 1811 973 1846; x_wconf 90' lang='lat'>¹9·</span> <span class='ocrx_word' id='word_1_217' title='bbox 1007 1798 1107 1846; x_wconf 77' lang='grc' dir='ltr'><em>αὐτῷ</em></span> <span class='ocrx_word' id='word_1_218' title='bbox 1131 1799 1171 1842; x_wconf 89' lang='lat' dir='ltr'>A,</span> <span class='ocrx_word' id='word_1_219' title='bbox 1199 1793 1319 1836; x_wconf 81' lang='grc' dir='ltr'><em>αὐτὸν</em></span> <span class='ocrx_word' id='word_1_220' title='bbox 1344 1800 1442 1845; x_wconf 84' lang='lat' dir='ltr'><strong>vulg.</strong></span> <span class='ocrx_word' id='word_1_221' title='bbox 1566 1808 1623 1831; x_wconf 80' lang='lat'>2!-</span> <span class='ocrx_word' id='word_1_222' title='bbox 1642 1794 1730 1831; x_wconf 84' lang='grc' dir='ltr'>Ῥω-</span> 
     </span>
     <span class='ocr_line' id='line_1_25' title="bbox 342 1845 671 1892; baseline -0.006 -13"><span class='ocrx_word' id='word_1_223' title='bbox 342 1849 472 1892; x_wconf 83' lang='grc' dir='ltr'><em>μαίων</em></span> <span class='ocrx_word' id='word_1_224' title='bbox 498 1856 567 1878; x_wconf 91' lang='lat' dir='ltr'>om.</span> <span class='ocrx_word' id='word_1_225' title='bbox 588 1846 617 1879; x_wconf 94' lang='lat' dir='ltr'>A</span> <span class='ocrx_word' id='word_1_226' title='bbox 646 1845 671 1878; x_wconf 87' lang='lat' dir='ltr'>f.</span> 
     </span>
    </p>
   </div>
   <div class='ocr_carea' id='block_1_4' title="bbox 244 1971 1738 2834">
    <p class='ocr_par' dir='ltr' id='par_1_4' title="bbox 244 1971 1738 2834">
     <span class='ocr_line' id='line_1_26' title="bbox 246 1971 1728 2018; baseline -0.001 -14"><span class='ocrx_word' id='word_1_227' title='bbox 246 1971 502 2004; x_wconf 88' lang='lat' dir='ltr'>Caucasiorum</span> <span class='ocrx_word' id='word_1_228' title='bbox 528 1972 712 2016; x_wconf 86' lang='lat' dir='ltr'>regionem</span> <span class='ocrx_word' id='word_1_229' title='bbox 742 1971 958 2018; x_wconf 83' lang='lat' dir='ltr'>depraedati</span> <span class='ocrx_word' id='word_1_230' title='bbox 986 1978 1082 2007; x_wconf 85' lang='lat' dir='ltr'>sunt.</span> <span class='ocrx_word' id='word_1_231' title='bbox 1110 1985 1189 2007; x_wconf 90' lang='lat' dir='ltr'>cum</span> <span class='ocrx_word' id='word_1_232' title='bbox 1214 1984 1299 2006; x_wconf 80' lang='lat' dir='ltr'>vero</span> <span class='ocrx_word' id='word_1_233' title='bbox 1319 1973 1490 2007; x_wconf 77' lang='lat' dir='ltr'>Saraceni</span> <span class='ocrx_word' id='word_1_234' title='bbox 1510 1971 1549 2004; x_wconf 85' lang='lat' dir='ltr'>in</span> <span class='ocrx_word' id='word_1_235' title='bbox 1567 1971 1728 2004; x_wconf 83' lang='lat' dir='ltr'>Lazicam</span> 
     </span>
     <span class='ocr_line' id='line_1_27' title="bbox 244 2019 1730 2066; baseline 0.001 -15"><span class='ocrx_word' id='word_1_236' title='bbox 244 2019 440 2059; x_wconf 86' lang='lat' dir='ltr'>venissent,</span> <span class='ocrx_word' id='word_1_237' title='bbox 469 2019 708 2053; x_wconf 85' lang='lat' dir='ltr'>Romanorum</span> <span class='ocrx_word' id='word_1_238' title='bbox 739 2026 777 2054; x_wconf 80' lang='lat' dir='ltr'>et</span> <span class='ocrx_word' id='word_1_239' title='bbox 792 2021 1039 2054; x_wconf 83' lang='lat' dir='ltr'>Armeniorum</span> <span class='ocrx_word' id='word_1_240' title='bbox 1066 2021 1242 2054; x_wconf 81' lang='lat' dir='ltr'>exercitus</span> <span class='ocrx_word' id='word_1_241' title='bbox 1270 2021 1354 2066; x_wconf 84' lang='lat' dir='ltr'>fuga</span> <span class='ocrx_word' id='word_1_242' title='bbox 1373 2031 1458 2054; x_wconf 85' lang='lat' dir='ltr'>usus</span> <span class='ocrx_word' id='word_1_243' title='bbox 1486 2020 1523 2052; x_wconf 90' lang='lat' dir='ltr'>in</span> <span class='ocrx_word' id='word_1_244' title='bbox 1543 2019 1730 2053; x_wconf 78' lang='lat' dir='ltr'>phasidem</span> 
     </span>
     <span class='ocr_line' id='line_1_28' title="bbox 247 2067 1732 2112; baseline 0 -12"><span class='ocrx_word' id='word_1_245' title='bbox 247 2067 432 2100; x_wconf 84' lang='lat' dir='ltr'>remeavit.</span> <span class='ocrx_word' id='word_1_246' title='bbox 462 2077 571 2112; x_wconf 89' lang='lat' dir='ltr'>porro</span> <span class='ocrx_word' id='word_1_247' title='bbox 593 2067 741 2101; x_wconf 88' lang='lat' dir='ltr'>ducenti</span> <span class='ocrx_word' id='word_1_248' title='bbox 761 2068 819 2101; x_wconf 88' lang='lat' dir='ltr'>isti</span> <span class='ocrx_word' id='word_1_249' title='bbox 846 2068 892 2102; x_wconf 88' lang='lat' dir='ltr'>ad</span> <span class='ocrx_word' id='word_1_250' title='bbox 908 2069 1100 2103; x_wconf 86' lang='lat' dir='ltr'>Caucasios</span> <span class='ocrx_word' id='word_1_251' title='bbox 1120 2075 1260 2102; x_wconf 82' lang='lat' dir='ltr'>montes</span> <span class='ocrx_word' id='word_1_252' title='bbox 1275 2069 1524 2108; x_wconf 81' lang='lat' dir='ltr'>subsistentes,</span> <span class='ocrx_word' id='word_1_253' title='bbox 1540 2067 1646 2101; x_wconf 84' lang='lat' dir='ltr'>rebus</span> <span class='ocrx_word' id='word_1_254' title='bbox 1665 2067 1732 2101; x_wconf 86' lang='lat' dir='ltr'>de-</span> 
     </span>
     <span class='ocr_line' id='line_1_29' title="bbox 247 2114 1734 2163; baseline 0.001 -17"><span class='ocrx_word' id='word_1_255' title='bbox 247 2116 401 2159; x_wconf 84' lang='lat' dir='ltr'>speratis</span> <span class='ocrx_word' id='word_1_256' title='bbox 425 2114 618 2148; x_wconf 82' lang='lat' dir='ltr'>latrocinia</span> <span class='ocrx_word' id='word_1_257' title='bbox 639 2115 868 2150; x_wconf 83' lang='lat' dir='ltr'>exercebant.</span> <span class='ocrx_word' id='word_1_258' title='bbox 898 2129 971 2162; x_wconf 92' lang='lat' dir='ltr'>quo</span> <span class='ocrx_word' id='word_1_259' title='bbox 999 2123 1183 2163; x_wconf 86' lang='lat' dir='ltr'>comperto</span> <span class='ocrx_word' id='word_1_260' title='bbox 1201 2119 1442 2150; x_wconf 87' lang='lat' dir='ltr'>Romanorum</span> <span class='ocrx_word' id='word_1_261' title='bbox 1460 2115 1580 2160; x_wconf 86' lang='lat' dir='ltr'>copias</span> <span class='ocrx_word' id='word_1_262' title='bbox 1604 2116 1734 2161; x_wconf 81' lang='lat' dir='ltr'>ingen-</span> 
     </span>
     <span class='ocr_line' id='line_1_30' title="bbox 247 2161 1731 2211; baseline 0.001 -17"><span class='ocrx_word' id='word_1_263' title='bbox 247 2167 303 2195; x_wconf 79' lang='lat' dir='ltr'>tes</span> <span class='ocrx_word' id='word_1_264' title='bbox 330 2161 376 2194; x_wconf 82' lang='lat' dir='ltr'>ad</span> <span class='ocrx_word' id='word_1_265' title='bbox 401 2162 550 2195; x_wconf 82' lang='lat' dir='ltr'>Caucasi</span> <span class='ocrx_word' id='word_1_266' title='bbox 575 2163 656 2197; x_wconf 87' lang='lat' dir='ltr'>loca</span> <span class='ocrx_word' id='word_1_267' title='bbox 684 2165 866 2211; x_wconf 83' lang='lat' dir='ltr'>appulisse</span> <span class='ocrx_word' id='word_1_268' title='bbox 902 2166 1141 2199; x_wconf 72' lang='lat' dir='ltr'>conficientes</span> <span class='ocrx_word' id='word_1_269' title='bbox 1172 2165 1292 2205; x_wconf 88' lang='lat' dir='ltr'>Alani,</span> <span class='ocrx_word' id='word_1_270' title='bbox 1333 2175 1443 2209; x_wconf 90' lang='lat' dir='ltr'>supra</span> <span class='ocrx_word' id='word_1_271' title='bbox 1468 2162 1615 2196; x_wconf 89' lang='lat' dir='ltr'>modum</span> <span class='ocrx_word' id='word_1_272' title='bbox 1644 2164 1731 2197; x_wconf 81' lang='lat' dir='ltr'>laeti</span> 
     </span>
     <span class='ocr_line' id='line_1_31' title="bbox 249 2208 1733 2258; baseline 0 -14"><span class='ocrx_word' id='word_1_273' title='bbox 249 2208 432 2255; x_wconf 81' lang='lat' dir='ltr'>spathario</span> <span class='ocrx_word' id='word_1_274' title='bbox 469 2209 615 2244; x_wconf 85' lang='lat' dir='ltr'>dixere:</span> <span class='ocrx_word' id='word_1_275' title='bbox 651 2211 831 2246; x_wconf 90' lang='lat' dir='ltr'>advenere</span> <span class='ocrx_word' id='word_1_276' title='bbox 861 2214 1035 2254; x_wconf 87' lang='lat' dir='ltr'>Romani,</span> <span class='ocrx_word' id='word_1_277' title='bbox 1072 2213 1191 2258; x_wconf 86' lang='lat' dir='ltr'>recipe</span> <span class='ocrx_word' id='word_1_278' title='bbox 1227 2218 1263 2246; x_wconf 81' lang='lat' dir='ltr'>te</span> <span class='ocrx_word' id='word_1_279' title='bbox 1299 2211 1344 2244; x_wconf 87' lang='lat' dir='ltr'>ad</span> <span class='ocrx_word' id='word_1_280' title='bbox 1372 2211 1468 2245; x_wconf 86' lang='lat' dir='ltr'>illos.</span> <span class='ocrx_word' id='word_1_281' title='bbox 1519 2217 1595 2246; x_wconf 85' lang='lat' dir='ltr'>tum</span> <span class='ocrx_word' id='word_1_282' title='bbox 1621 2211 1733 2256; x_wconf 84' lang='lat' dir='ltr'>igitur</span> 
     </span>
     <span class='ocr_line' id='line_1_32' title="bbox 249 2256 1732 2305; baseline 0 -14"><span class='ocrx_word' id='word_1_283' title='bbox 249 2256 455 2302; x_wconf 76' lang='lat' dir='ltr'>spatharius</span> <span class='ocrx_word' id='word_1_284' title='bbox 480 2258 605 2291; x_wconf 73' lang='lat' dir='ltr'>Alanis</span> <span class='ocrx_word' id='word_1_285' title='bbox 636 2260 901 2305; x_wconf 83' lang='lat' dir='ltr'>quinquaginta</span> <span class='ocrx_word' id='word_1_286' title='bbox 926 2262 1132 2302; x_wconf 82' lang='lat' dir='ltr'>comitatus,</span> <span class='ocrx_word' id='word_1_287' title='bbox 1160 2266 1198 2294; x_wconf 89' lang='lat' dir='ltr'>et</span> <span class='ocrx_word' id='word_1_288' title='bbox 1227 2259 1466 2305; x_wconf 86' lang='lat' dir='ltr'>cyclopedum</span> <span class='ocrx_word' id='word_1_289' title='bbox 1492 2269 1562 2305; x_wconf 86' lang='lat' dir='ltr'>ope</span> <span class='ocrx_word' id='word_1_290' title='bbox 1588 2259 1732 2293; x_wconf 88' lang='lat' dir='ltr'>nivibus</span> 
     </span>
     <span class='ocr_line' id='line_1_33' title="bbox 251 2305 1733 2354; baseline 0 -16"><span class='ocrx_word' id='word_1_291' title='bbox 251 2305 425 2339; x_wconf 84' lang='lat' dir='ltr'>Caucasei</span> <span class='ocrx_word' id='word_1_292' title='bbox 464 2305 540 2350; x_wconf 83' lang='lat' dir='ltr'>iugi</span> <span class='ocrx_word' id='word_1_293' title='bbox 575 2317 699 2340; x_wconf 87' lang='lat' dir='ltr'>mense</span> <span class='ocrx_word' id='word_1_294' title='bbox 738 2308 836 2341; x_wconf 86' lang='lat' dir='ltr'>Maio</span> <span class='ocrx_word' id='word_1_295' title='bbox 874 2309 1076 2354; x_wconf 83' lang='lat' dir='ltr'>superatis,</span> <span class='ocrx_word' id='word_1_296' title='bbox 1115 2310 1293 2341; x_wconf 86' lang='lat' dir='ltr'>Romanos</span> <span class='ocrx_word' id='word_1_297' title='bbox 1334 2307 1506 2348; x_wconf 85' lang='lat' dir='ltr'>offendit,</span> <span class='ocrx_word' id='word_1_298' title='bbox 1540 2312 1577 2340; x_wconf 80' lang='lat' dir='ltr'>et</span> <span class='ocrx_word' id='word_1_299' title='bbox 1602 2306 1733 2351; x_wconf 81' lang='lat' dir='ltr'>gaudio</span> 
     </span>
     <span class='ocr_line' id='line_1_34' title="bbox 250 2354 1735 2400; baseline 0.002 -15"><span class='ocrx_word' id='word_1_300' title='bbox 250 2354 417 2400; x_wconf 83' lang='lat' dir='ltr'>perfusus</span> <span class='ocrx_word' id='word_1_301' title='bbox 441 2358 541 2387; x_wconf 85' lang='lat' dir='ltr'>totus</span> <span class='ocrx_word' id='word_1_302' title='bbox 568 2354 741 2398; x_wconf 84' lang='lat' dir='ltr'>rogabat,</span> <span class='ocrx_word' id='word_1_303' title='bbox 778 2355 841 2388; x_wconf 88' lang='lat' dir='ltr'>ubi</span> <span class='ocrx_word' id='word_1_304' title='bbox 872 2362 926 2389; x_wconf 83' lang='lat' dir='ltr'>est</span> <span class='ocrx_word' id='word_1_305' title='bbox 954 2356 1158 2390; x_wconf 78' lang='lat' dir='ltr'>exercitus?</span> <span class='ocrx_word' id='word_1_306' title='bbox 1218 2355 1485 2400; x_wconf 78' lang='lat' dir='ltr'>responderunt.</span> <span class='ocrx_word' id='word_1_307' title='bbox 1513 2355 1589 2388; x_wconf 85' lang='lat' dir='ltr'>ini:</span> <span class='ocrx_word' id='word_1_308' title='bbox 1630 2356 1735 2389; x_wconf 77' lang='lat' dir='ltr'>Sara-</span> 
     </span>
     <span class='ocr_line' id='line_1_35' title="bbox 251 2401 1732 2446; baseline 0.001 -13"><span class='ocrx_word' id='word_1_309' title='bbox 251 2402 347 2434; x_wconf 74' lang='lat' dir='ltr'>cenis</span> <span class='ocrx_word' id='word_1_310' title='bbox 375 2401 656 2446; x_wconf 77' lang='lat' dir='ltr'>ingruentibuS,</span> <span class='ocrx_word' id='word_1_311' title='bbox 685 2402 724 2436; x_wconf 90' lang='lat' dir='ltr'>in</span> <span class='ocrx_word' id='word_1_312' title='bbox 750 2404 991 2437; x_wconf 83' lang='lat' dir='ltr'>Romanorum</span> <span class='ocrx_word' id='word_1_313' title='bbox 1017 2404 1194 2438; x_wconf 77' lang='lat' dir='ltr'>ditionem</span> <span class='ocrx_word' id='word_1_314' title='bbox 1221 2403 1419 2437; x_wconf 87' lang='lat' dir='ltr'>redierunt.</span> <span class='ocrx_word' id='word_1_315' title='bbox 1447 2415 1512 2436; x_wconf 84' lang='lat' dir='ltr'>nos</span> <span class='ocrx_word' id='word_1_316' title='bbox 1537 2414 1622 2437; x_wconf 85' lang='lat' dir='ltr'>vero</span> <span class='ocrx_word' id='word_1_317' title='bbox 1652 2415 1732 2436; x_wconf 88' lang='lat' dir='ltr'>cum</span> 
     </span>
     <span class='ocr_line' id='line_1_36' title="bbox 250 2449 1734 2495; baseline 0.001 -14"><span class='ocrx_word' id='word_1_318' title='bbox 250 2450 430 2482; x_wconf 78' lang='lat' dir='ltr'>Romanos</span> <span class='ocrx_word' id='word_1_319' title='bbox 463 2449 555 2483; x_wconf 86' lang='lat' dir='ltr'>fines</span> <span class='ocrx_word' id='word_1_320' title='bbox 590 2449 768 2495; x_wconf 83' lang='lat' dir='ltr'>attingere</span> <span class='ocrx_word' id='word_1_321' title='bbox 802 2457 1028 2494; x_wconf 55' lang='lat' dir='ltr'>vastaremur,</span> <span class='ocrx_word' id='word_1_322' title='bbox 1053 2452 1124 2485; x_wconf 86' lang='lat' dir='ltr'>iter</span> <span class='ocrx_word' id='word_1_323' title='bbox 1151 2452 1190 2484; x_wconf 92' lang='lat' dir='ltr'>in</span> <span class='ocrx_word' id='word_1_324' title='bbox 1215 2452 1382 2485; x_wconf 84' lang='lat' dir='ltr'>Aianiam</span> <span class='ocrx_word' id='word_1_325' title='bbox 1410 2451 1577 2485; x_wconf 86' lang='lat' dir='ltr'>meditati</span> <span class='ocrx_word' id='word_1_326' title='bbox 1602 2463 1734 2484; x_wconf 84' lang='lat' dir='ltr'>sumus.</span> 
     </span>
     <span class='ocr_line' id='line_1_37' title="bbox 249 2496 1737 2545; baseline 0.001 -16"><span class='ocrx_word' id='word_1_327' title='bbox 249 2496 456 2542; x_wconf 74' lang='lat' dir='ltr'>spatharius</span> <span class='ocrx_word' id='word_1_328' title='bbox 485 2496 532 2530; x_wconf 85' lang='lat' dir='ltr'>ad</span> <span class='ocrx_word' id='word_1_329' title='bbox 573 2507 660 2539; x_wconf 86' lang='lat' dir='ltr'>eos,</span> <span class='ocrx_word' id='word_1_330' title='bbox 703 2497 794 2544; x_wconf 89' lang='lat' dir='ltr'>quid</span> <span class='ocrx_word' id='word_1_331' title='bbox 821 2511 919 2532; x_wconf 89' lang='lat' dir='ltr'>nunc</span> <span class='ocrx_word' id='word_1_332' title='bbox 960 2500 1010 2532; x_wconf 93' lang='lat' dir='ltr'>rei</span> <span class='ocrx_word' id='word_1_333' title='bbox 1036 2499 1215 2544; x_wconf 80' lang='lat' dir='ltr'>agendum</span> <span class='ocrx_word' id='word_1_334' title='bbox 1242 2499 1319 2534; x_wconf 75' lang='lat' dir='ltr'>est?</span> <span class='ocrx_word' id='word_1_335' title='bbox 1383 2500 1514 2545; x_wconf 87' lang='lat' dir='ltr'>inquit.</span> <span class='ocrx_word' id='word_1_336' title='bbox 1550 2504 1627 2533; x_wconf 84' lang='lat' dir='ltr'>tum</span> <span class='ocrx_word' id='word_1_337' title='bbox 1653 2498 1709 2532; x_wconf 87' lang='lat' dir='ltr'>illi</span> <span class='ocrx_word' id='word_1_338' title='bbox 1727 2522 1737 2538; x_wconf 93' lang='lat'>,</span> 
     </span>
     <span class='ocr_line' id='line_1_38' title="bbox 249 2543 1737 2593; baseline 0.001 -16"><span class='ocrx_word' id='word_1_339' title='bbox 249 2543 328 2585; x_wconf 87' lang='lat' dir='ltr'>hac,</span> <span class='ocrx_word' id='word_1_340' title='bbox 355 2545 470 2584; x_wconf 83' lang='lat' dir='ltr'>aiunt,</span> <span class='ocrx_word' id='word_1_341' title='bbox 498 2544 647 2590; x_wconf 87' lang='lat' dir='ltr'>regione</span> <span class='ocrx_word' id='word_1_342' title='bbox 662 2547 813 2580; x_wconf 83' lang='lat' dir='ltr'>transire</span> <span class='ocrx_word' id='word_1_343' title='bbox 839 2547 943 2580; x_wconf 89' lang='lat' dir='ltr'>nullo</span> <span class='ocrx_word' id='word_1_344' title='bbox 970 2553 1077 2593; x_wconf 80' lang='lat' dir='ltr'>pacto</span> <span class='ocrx_word' id='word_1_345' title='bbox 1105 2547 1328 2581; x_wconf 83' lang='lat' dir='ltr'>conceditur.</span> <span class='ocrx_word' id='word_1_346' title='bbox 1392 2559 1439 2581; x_wconf 86' lang='lat' dir='ltr'>an</span> <span class='ocrx_word' id='word_1_347' title='bbox 1466 2559 1542 2581; x_wconf 89' lang='lat' dir='ltr'>non</span> <span class='ocrx_word' id='word_1_348' title='bbox 1568 2547 1639 2579; x_wconf 85' lang='lat' dir='ltr'>alia</span> <span class='ocrx_word' id='word_1_349' title='bbox 1665 2547 1737 2586; x_wconf 85' lang='lat' dir='ltr'>via,</span> 
     </span>
     <span class='ocr_line' id='line_1_39' title="bbox 250 2592 1738 2641; baseline 0 -15"><span class='ocrx_word' id='word_1_350' title='bbox 250 2592 451 2638; x_wconf 79' lang='lat' dir='ltr'>respondet</span> <span class='ocrx_word' id='word_1_351' title='bbox 472 2592 691 2638; x_wconf 84' lang='lat' dir='ltr'>spatharius,</span> <span class='ocrx_word' id='word_1_352' title='bbox 721 2594 838 2628; x_wconf 87' lang='lat' dir='ltr'>facilis</span> <span class='ocrx_word' id='word_1_353' title='bbox 859 2595 1054 2629; x_wconf 83' lang='lat' dir='ltr'>transitus?</span> <span class='ocrx_word' id='word_1_354' title='bbox 1079 2608 1187 2641; x_wconf 85' lang='lat' dir='ltr'>porro</span> <span class='ocrx_word' id='word_1_355' title='bbox 1205 2601 1360 2629; x_wconf 77' lang='lat' dir='ltr'>castrum</span> <span class='ocrx_word' id='word_1_356' title='bbox 1386 2595 1464 2628; x_wconf 82' lang='lat' dir='ltr'>illic</span> <span class='ocrx_word' id='word_1_357' title='bbox 1489 2599 1566 2629; x_wconf 85' lang='lat' dir='ltr'>erat</span> <span class='ocrx_word' id='word_1_358' title='bbox 1589 2594 1738 2628; x_wconf 90' lang='lat' dir='ltr'>nomine</span> 
     </span>
     <span class='ocr_line' id='line_1_40' title="bbox 251 2640 1736 2688; baseline 0.001 -15"><span class='ocrx_word' id='word_1_359' title='bbox 251 2640 431 2682; x_wconf 79' lang='lat' dir='ltr'>Siderum,</span> <span class='ocrx_word' id='word_1_360' title='bbox 458 2641 560 2675; x_wconf 86' lang='lat' dir='ltr'>cuius</span> <span class='ocrx_word' id='word_1_361' title='bbox 585 2647 704 2675; x_wconf 87' lang='lat' dir='ltr'>custos</span> <span class='ocrx_word' id='word_1_362' title='bbox 731 2641 879 2688; x_wconf 86' lang='lat' dir='ltr'>quidam</span> <span class='ocrx_word' id='word_1_363' title='bbox 910 2643 1059 2677; x_wconf 88' lang='lat' dir='ltr'>nomine</span> <span class='ocrx_word' id='word_1_364' title='bbox 1086 2643 1359 2678; x_wconf 80' lang='lat' dir='ltr'>pharasmanius</span> <span class='ocrx_word' id='word_1_365' title='bbox 1386 2642 1452 2677; x_wconf 84' lang='lat' dir='ltr'>sub</span> <span class='ocrx_word' id='word_1_366' title='bbox 1477 2643 1736 2676; x_wconf 84' lang='lat' dir='ltr'>Saracenorum</span> 
     </span>
     <span class='ocr_line' id='line_1_41' title="bbox 250 2688 1738 2736; baseline 0 -15"><span class='ocrx_word' id='word_1_367' title='bbox 250 2694 433 2734; x_wconf 73' lang='lat' dir='ltr'>polestate</span> <span class='ocrx_word' id='word_1_368' title='bbox 471 2690 691 2723; x_wconf 82' lang='lat' dir='ltr'>constitutus</span> <span class='ocrx_word' id='word_1_369' title='bbox 732 2701 857 2736; x_wconf 88' lang='lat' dir='ltr'>pacem</span> <span class='ocrx_word' id='word_1_370' title='bbox 893 2703 973 2724; x_wconf 90' lang='lat' dir='ltr'>cum</span> <span class='ocrx_word' id='word_1_371' title='bbox 1007 2691 1185 2725; x_wconf 85' lang='lat' dir='ltr'>Armeniis</span> <span class='ocrx_word' id='word_1_372' title='bbox 1218 2691 1398 2726; x_wconf 83' lang='lat' dir='ltr'>servabat.</span> <span class='ocrx_word' id='word_1_373' title='bbox 1457 2690 1648 2724; x_wconf 82' lang='lat' dir='ltr'>nonnullis</span> <span class='ocrx_word' id='word_1_374' title='bbox 1691 2688 1738 2722; x_wconf 86' lang='lat' dir='ltr'>ad</span> 
     </span>
     <span class='ocr_line' id='line_1_42' title="bbox 254 2735 1738 2784; baseline 0.002 -17"><span class='ocrx_word' id='word_1_375' title='bbox 254 2747 337 2768; x_wconf 84' lang='lat' dir='ltr'>eum</span> <span class='ocrx_word' id='word_1_376' title='bbox 373 2735 550 2782; x_wconf 84' lang='lat' dir='ltr'>delegatis</span> <span class='ocrx_word' id='word_1_377' title='bbox 594 2736 798 2783; x_wconf 85' lang='lat' dir='ltr'>spatharius</span> <span class='ocrx_word' id='word_1_378' title='bbox 837 2738 1033 2784; x_wconf 83' lang='lat' dir='ltr'>significat:</span> <span class='ocrx_word' id='word_1_379' title='bbox 1085 2740 1114 2773; x_wconf 91' lang='lat' dir='ltr'>si</span> <span class='ocrx_word' id='word_1_380' title='bbox 1150 2751 1274 2784; x_wconf 81' lang='lat' dir='ltr'>pacem</span> <span class='ocrx_word' id='word_1_381' title='bbox 1313 2751 1395 2774; x_wconf 92' lang='lat' dir='ltr'>cum</span> <span class='ocrx_word' id='word_1_382' title='bbox 1430 2739 1610 2773; x_wconf 86' lang='lat' dir='ltr'>Armeniis</span> <span class='ocrx_word' id='word_1_383' title='bbox 1651 2738 1738 2782; x_wconf 81' lang='lat' dir='ltr'>agis,</span> 
     </span>
     <span class='ocr_line' id='line_1_43' title="bbox 251 2784 1737 2834; baseline 0.001 -18"><span class='ocrx_word' id='word_1_384' title='bbox 251 2795 331 2818; x_wconf 83' lang='lat' dir='ltr'>eam</span> <span class='ocrx_word' id='word_1_385' title='bbox 358 2795 499 2819; x_wconf 87' lang='lat' dir='ltr'>mecum</span> <span class='ocrx_word' id='word_1_386' title='bbox 522 2784 644 2829; x_wconf 87' lang='lat' dir='ltr'>habe,</span> <span class='ocrx_word' id='word_1_387' title='bbox 671 2787 914 2821; x_wconf 86' lang='lat' dir='ltr'>Romanorum</span> <span class='ocrx_word' id='word_1_388' title='bbox 939 2788 1063 2833; x_wconf 84' lang='lat' dir='ltr'>iugum</span> <span class='ocrx_word' id='word_1_389' title='bbox 1089 2787 1192 2830; x_wconf 86' lang='lat' dir='ltr'>subi,</span> <span class='ocrx_word' id='word_1_390' title='bbox 1221 2788 1274 2822; x_wconf 81' lang='lat' dir='ltr'>fer</span> <span class='ocrx_word' id='word_1_391' title='bbox 1302 2799 1410 2834; x_wconf 88' lang='lat' dir='ltr'>opem</span> <span class='ocrx_word' id='word_1_392' title='bbox 1437 2788 1598 2833; x_wconf 81' lang='lat' dir='ltr'>insuper,</span> <span class='ocrx_word' id='word_1_393' title='bbox 1626 2791 1667 2820; x_wconf 82' lang='lat' dir='ltr'>ut</span> <span class='ocrx_word' id='word_1_394' title='bbox 1691 2784 1737 2819; x_wconf 79' lang='lat' dir='ltr'>ad</span> 
     </span>
    </p>
   </div>
  </div>
 </body>
</html>
