1708 3172
533 186 880 231 'rm-:opums
918 185 1064 228 VITA.
1418 187 1534 227 XXV

69 289 217 339 αὕτοῖς
242 288 453 344 κτήμασιν
482 284 658 337 ἀναθείς
699 288 853 344 (πολλὰ
878 287 961 342 γὰρ
992 282 1058 342 ἦν,
1086 284 1116 327 ἃ
1148 283 1277 342 ταύτῃ
1307 289 1534 340 συγκαθιέ-

69 357 227 412 ρωσεν)
254 354 453 410 βουλήσει
479 354 629 397 τούτου
662 353 735 397 καί
757 355 899 411 γνώμῃ
929 351 1036 409 πρὸς
1057 351 1131 407 τήν
1157 353 1284 406 νῆσον
1311 354 1535 406 διαπεραι-

69 424 190 464 οῦται
219 420 272 477 ἢν
302 420 568 473 Καλόνυμόν
595 422 915 476 ’κἰκλήσκουσιν,
954 419 1027 461 καί
1056 419 1103 462 τὸ
1138 418 1298 475 προσὸν
1329 420 1375 460 ἐν
1400 419 1533 475 ταύτῃ

66 486 283 542 πατρόθεν
307 488 533 544 κτημάτων
558 487 840 543 μοναστήριον
882 490 929 530 ὲκ
957 489 1040 529 τῶν
1070 484 1415 542 ὑπολειφθέντων
1448 487 1534 526 δει-

30 551 278 611 5μᾰμενος,
317 557 363 597 ἐκ
393 557 468 609 τῆς
501 553 726 609 Θεοδώρου
765 557 899 608 μονῆς
936 553 1145 609 ἀθροίσας
1182 551 1459 607 μονάζοντας,
1489 549 1534 593 ὃν

64 619 395 677 ΙΠονοχεράριον
422 620 461 664 οἱ
483 623 636 670 εἰδότες
664 620 985 674 ἐπονομάζουσι.
1015 617 1117 676 ὅσης
1136 621 1183 662 δὲ
1212 619 1365 675 ἀρετῆς
1390 619 1532 674 ὑπῆρ-

61 704 139 741 χεν
169 683 290 736 οὗτος
317 688 547 741 ἀνάπλεως,
577 688 651 730 καί
670 688 695 743 ἦ
718 687 916 744 δημώδης
940 688 1091 743 σαφῶς
1120 686 1350 741 παρίστησι
1377 702 1532 739 παροι-

62 754 157 806 μία.
212 753 377 804 τούτοις
418 753 496 810 τήν
526 756 600 809 τῆς
638 757 771 809 μονῆς
810 756 1057 797 δεσποτείαν
1099 752 1417 809 δωρησάμενος,
1458 756 1533 795 καί

62 820 136 861 τὸν
154 821 324 863 πάντων
339 818 620 874 δοκιμώτατον
639 823 863 873 α’ναδείξας
879 822 1123 877 ἡγούμενον,
1152 820 1389 874 α’ρχέτυπον
1416 819 1528 862 1571oe-

3 889 160 942 ιοκοῆς
186 893 274 937 τοῖς
301 892 460 938 λοιποῖς
484 890 747 943 ἑγνωριζετο,
773 889 1022 931 ταπεινώσει
1044 890 1124 941 μὲν
1143 885 1330 945 τοσαύτῃ
1348 885 1530 939 κοσμού-

59 970 208 1011 μενος,
253 953 312 1004 οἷς
354 957 508 1010 μηδενί
545 958 630 998 τῶν
671 951 810 997 ἄλλων
853 952 1112 1010 οἰκτρότησιν
1145 953 1525 1010 παραβάλλεσθαι·

61 1020 240 1076 ἀσκήσει
271 1023 319 1064 δὲ
355 1021 430 1063 καί
453 1026 667 1082 χαμευνίᾳ
692 1020 921 1079 τηλικαύτῃ
952 1022 1334 1078 περιλαμπόμενος,
1360 1019 1419 1070 ὥς
1446 1039 1526 1063 πα-

60 1090 284 1142 ρατρέχειν
311 1091 451 1146 πολλῷ
478 1092 538 1147 τῷ
563 1090 708 1148 μέσσῳ
741 1089 840 1140 τούς
869 1087 1073 1138 ἅπαντας.
1129 1091 1180 1146 τῇ
1206 1090 1254 1130 δὲ
1283 1090 1367 1130 τῶν
1395 1090 1525 1131 θείων

56 1156 215 1208 βίβλων
241 1158 389 1213 γραφῇ
420 1155 642 1210 σχολάζων
670 1162 690 1180 *
712 1158 952 1212 α’νημέριον,
981 1155 1033 1211 ἣν
1059 1158 1136 1198 οὔκ
1163 1158 1210 1198 ἑκ
1226 1157 1423 1205 παιδείας
1452 1152 1525 1198 ἇν-

0 1223 45 1265 15
58 1222 301 1278 θρωπίνης,
342 1221 452 1264 α’λλά
498 1221 611 1281 πόνῳ
652 1225 838 1279 διηνεκεῖ
859 1224 933 1264 καί
969 1225 1069 1280 θείᾳ
1091 1222 1349 1279 κτησάμενος
1376 1219 1523 1278 χάριτι

55 1285 242 1343 ἀκριβῶς
281 1290 530 1344 μετήρχετο.
596 1288 827 1344 παννύχιον
862 1290 911 1346 τῇ
953 1293 1128 1347 καθαρᾷ
1169 1292 1388 1347 προσευχῇ
1417 1287 1524 1343 πρὸς

55 1355 247 1409 Χριστὸν
277 1358 472 1412 ἐκδημῶν
513 1356 587 1400 τὸν
625 1354 910 1414 ποθούμενον,
948 1356 1026 1410 τὴν
1061 1358 1283 1410 εὐμένειαν
1310 1358 1524 1413 ἐφείλκετο

54 1421 237 1466 τούτου·
303 1426 379 1465 καί
417 1423 560 1477 θυμὸν
599 1426 647 1467 δὲ
688 1422 795 1467 κατὰ
842 1425 1057 1477 δαιμόνων
1085 1423 1420 1479 στρατολογήσας
1452 1424 1527 1465 καί

54 1492 219 1543 παθῶν,
247 1491 366 1545 παρὰ
393 1496 482 1542 τοῖς
509 1493 637 1534 πᾶσιν
677 1488 782 1547 ἅπερ
812 1507 877 1541 τις
908 1491 1078 1547 Μωσῆς
1112 1490 1251 1546 ἕτερος
1275 1492 1523 1546 καθωρᾶτο.

0 1558 289 1611 τοὲπιθι·μίαν
326 1558 374 1600 δὲ
413 1560 499 1600 τῶν
534 1560 687 1613 γηΐνων
727 1557 972 1614 α’ποστήσας
1007 1560 1068 1609 εἰς
1098 1556 1239 1615 ἅπαν,
1266 1558 1413 1611 μόνοις
1438 1563 1526 1608 τοῖς

52 1626 186 1674 θείοις
211 1628 489 1682 προσέμενεν,
532 1621 706 1684 ἀνδρείᾳ
745 1627 792 1668 δὲ
821 1627 896 1669 καί
918 1625 1123 1686 καρτερίᾳ
1148 1627 1223 1669 καί
1247 1627 1301 1681 τῇ
1325 1627 1411 1668 τῶν
1438 1626 1524 1667 δει-

144 1770 179 1792 2.
207 1759 497 1806 διαπαιρεοῠται
522 1762 599 1795 Par.
721 1761 753 1804 4.
777 1760 994 1808 δημάμενος
1017 1761 1092 1795 Par.
1211 1761 1246 1794 6.
1273 1759 1416 1799 οῖδότες
1440 1761 1515 1793 Par.

146 1818 180 1852 7.
208 1808 370 1854 δημόδης
392 1809 468 1842 Par.
622 1808 672 1851 14.
700 1812 787 1844 καθ’
806 1809 954 1856 ἡμέραν
989 1820 1059 1853 mg.
1092 1809 1170 1842 Par.
1194 1809 1278 1842 sort.
1305 1809 1515 1855 ἐνημέρευε.

150 1857 202 1889 18.
227 1856 309 1889 fort.
328 1853 457 1903 ὥσπερ
482 1856 541 1890 vel
557 1859 744 1903 καθάπερ.
848 1869 899 1903 ¹9·
927 1856 1064 1905 ἕτερος]
1089 1854 1200 1901 ἤπιος
1223 1867 1292 1901 mg.
1310 1857 1384 1890 Par.
1410 1855 1517 1889 male.

50 1977 174 2022 reique
199 1974 384 2010 absolutio
421 1975 553 2010 defuit.
609 1976 665 2010 illi
690 1977 815 2022 itaque
839 1977 1060 2010 monasterio
1085 1988 1165 2010 cum
1190 1975 1342 2022 praedio
1365 1981 1518 2023 totaque

47 2024 298 2070 possessione,
327 2034 424 2070 quae
452 2024 675 2070 amplissima
700 2030 796 2065 erat,
820 2023 973 2058 donario
1001 2024 1138 2066 oblato,
1159 2024 1237 2057 eius
1261 2024 1452 2058 voluntate
1477 2035 1520 2058 ae

48 2072 199 2105 consilio
224 2071 272 2104 ad
295 2072 472 2112 insulam,
498 2084 606 2118 quam
631 2072 868 2116 Calonymum
892 2077 1044 2112 vocant,
1080 2083 1118 2105 se
1142 2072 1321 2114 contulit;
1347 2083 1388 2105 ac
1410 2083 1519 2117 prae-

48 2119 161 2160 diolo,
190 2118 290 2164 quod
313 2120 352 2152 in
380 2130 423 2153 ea
447 2126 637 2165 paternum
663 2120 822 2154 babebat
845 2132 889 2153 ex
916 2120 1066 2166 reliquis
1096 2119 1344 2160 facultatibus,
1374 2120 1412 2152 in
1437 2131 1518 2152 mo-

47 2167 243 2200 nasterium
270 2173 448 2208 extructo,
470 2167 668 2201 monachos
698 2179 742 2200 ex
766 2167 964 2209 Theodori,
989 2179 1097 2213 quem
1121 2167 1434 2201 Monacherarium
1451 2179 1517 2200 vo-

46 2214 173 2255 citant,
197 2214 327 2248 accivit
351 2216 583 2248 monasterio.
641 2221 799 2261 quantae
826 2221 944 2249 autem
980 2215 1010 2248 is
1036 2216 1179 2249 virtutis
1203 2221 1309 2256 esset,
1332 2215 1392 2248 vel
1416 2215 1517 2259 vulgi

44 2261 278 2306 proverbium
306 2261 412 2296 facile
432 2262 580 2296 indicat.
631 2265 670 2297 in
695 2263 823 2296 horum
845 2264 923 2296 iura
943 2263 1161 2297 monasterio
1188 2274 1373 2304 concesso,
1398 2264 1518 2296 omni-

46 2321 180 2356 umque
210 2309 464 2354 probatissimo
491 2310 678 2355 praefecto
713 2311 815 2344 illius
839 2312 1049 2351 constituto,
1074 2310 1306 2344 obedientiae
1332 2311 1517 2356 exemplar

46 2367 84 2389 se
114 2357 231 2401 ipsum
257 2356 436 2391 exhibuit.
487 2364 589 2391 tanta
614 2359 823 2404 praestabat
847 2358 1068 2400 humilitate,
1095 2364 1135 2392 ut
1159 2370 1265 2404 supra
1293 2369 1418 2392 omnes
1446 2359 1517 2391 mi-

45 2404 237 2437 serabilem
262 2416 341 2438 sese
378 2405 599 2450 deploraret.
660 2407 712 2440 sic
736 2412 856 2439 autem
882 2406 1093 2440 austerioris
1119 2407 1214 2440 vitae
1240 2407 1432 2447 exercitiis,
1460 2406 1517 2438 le-

46 2451 168 2497 ctique
193 2452 330 2486 duritie
355 2452 527 2492 clarebat,
557 2459 599 2487 nt
621 2454 730 2499 longo
751 2465 875 2488 omnes
894 2460 978 2500 post
1002 2465 1042 2487 se
1062 2454 1284 2500 relinqueret
1307 2453 1515 2488 intervallo.

46 2498 251 2533 divinornm
275 2499 450 2534 librorum
479 2502 667 2547 scriptioni
693 2501 838 2536 assidue
873 2501 1121 2542 incumbebat,
1146 2513 1301 2547 quorum
1328 2502 1516 2535 scientiam

44 2558 119 2579 non
145 2546 301 2580 humana
341 2547 547 2594 disciplina,
577 2549 642 2583 sed
666 2549 791 2583 labore
830 2550 1027 2590 continuo,
1054 2555 1092 2583 et
1118 2549 1239 2582 divina
1266 2551 1378 2593 gratia
1405 2549 1515 2593 plene

45 2593 213 2627 callebat.
262 2601 407 2629 noctem
433 2596 614 2641 precando
638 2608 864 2637 consumens,
892 2609 1054 2642 puraque
1082 2598 1246 2630 oratione
1270 2598 1308 2630 in
1322 2596 1514 2638 Christum,

45 2641 147 2674 cuius
172 2641 362 2676 tenebatur
386 2642 580 2684 desiderio,
611 2644 812 2686 excedens,
850 2644 950 2678 illius
979 2644 1049 2678 sibi
1072 2643 1368 2678 benevolentiam
1392 2645 1515 2678 conci-

44 2688 173 2722 liabat.
231 2700 387 2736 cumque
422 2691 592 2724 adversus
619 2691 823 2733 daemones,
858 2692 1045 2738 animique
1070 2692 1312 2737 aegritudines
1337 2692 1515 2725 instructa

44 2736 98 2768 ira
123 2743 321 2782 pugnaret,
361 2739 500 2772 cunctis
538 2739 633 2773 lenis
661 2745 834 2786 tanquam
859 2740 981 2774 Moses
1018 2740 1111 2774 alter
1136 2739 1343 2785 apparebat.
1394 2750 1512 2772 rernm

45 2788 271 2818 terrenarum
288 2785 526 2831 cupiditatem
543 2787 594 2821 sic
612 2786 807 2829 abiecerat,
833 2793 873 2821 ut
889 2787 1021 2822 divinis
1035 2793 1175 2822 tantum
1192 2791 1348 2821 vacaret.
1376 2792 1510 2833 quanta
