1768 3106
259 152 378 221 466
814 173 1162 216 THEOPHANJS

257 291 338 330 πης
365 276 439 318 ἐπὶ
468 273 543 332 τῆν
569 275 730 332 Ἀσίαν,
765 274 838 318 καί
855 278 1052 318 διενοεῖτο
1072 277 1125 333 τῇ
1149 279 1227 318 τοῦ
1251 278 1362 324 θεοῦ
1377 278 1600 335 συνεργείᾳ
1628 273 1732 320 κατά

256 343 476 398 Περσίδος
505 344 718 398 χωρῆσαι.

46 414 242 449 Α.Μ.6ιι3
372 408 517 468 Τούτῳ
545 412 606 467 τῷ
633 408 716 453 ἔτει
742 410 847 465 μηνί
883 410 1112 468 Ἀπριλλίῳ
1153 408 1201 466 δ’,
1232 410 1463 452 ἰνδικτιῶνι
1495 408 1535 466 ι’,
1562 412 1737 461 τελέσας

254 477 277 519 ὁ
305 477 510 532 βασιλεύς
530 476 781 534 εΗροὶκλειος
799 476 874 532 τήν
901 475 1049 532 ἑορτήν
1065 480 1143 519 τοῦ
1171 475 1332 534 πάσχα,
1360 476 1525 528 εὖθὲως
1553 480 1605 537 τῇ
1635 480 1735 521 δευ-

111 553 156 588 V.
171 564 239 587 202
251 547 351 602 τέρᾳ
381 541 563 601 ἑσπέρας
580 545 768 601 ἐκίνησεν
796 544 901 586 κατὰ
924 546 1154 599 Περσίδοςζ
1208 544 1354 599 λαβών
1373 546 1422 588 δὲ
1442 544 1495 588 τὰ
1516 547 1602 589 τῶν
1629 548 1768 592 eda-5

250 613 336 667 γαῖν
366 611 491 654 οἴκων
527 609 731 667 χρήματα
769 612 816 654 ὲν
846 611 1027 654 δανείων
1066 608 1225 669 ἀπορίᾳ
1262 611 1553 671 κατεχόμενος,
1582 611 1732 667 ἔλαβεν

115 683 150 717 Ρ.
167 683 232 730 254
251 681 324 722 καί
350 679 423 735 τῆς
452 676 638 735 μεγάλης
679 680 903 735 ἐκκλησίας
939 677 1231 735 πολυκάνὸηλά
1260 695 1306 721 τε
1349 681 1425 723 καί
1453 678 1576 734 ἕτερα
1599 679 1731 738 σκεύη

246 745 508 803 ὖπουργικά,
546 746 743 802 χαράξας
782 749 1050 802 νομίσματα,
1088 748 1163 788 καί
1199 749 1459 802 μιλιαρίσια,
1484 747 1728 802 πάμπολλα.

246 815 443 856 κατέλιπε
474 815 523 856 δὲ
551 812 626 856 τὸν
653 812 766 856 ἴδιον
793 812 890 855 υἱὸν
919 812 1001 856 σὺν
1030 816 1191 872 Σεργύιι)
1238 817 1297 872 τῷ
1325 814 1568 873 πατριάρχῃ
1599 817 1728 858 Κων-

246 881 631 931 σταντινουπόλεως
653 883 827 924 διοικεῖν
857 880 1088 936 πράγματα
1122 879 1204 924 συν
1233 883 1407 940 Βονοσῷ
1436 883 1493 942 τῷ
1521 883 1726 943 πατρικίιρ
1746 902 1768 929 ι«

244 949 375 1003 ἀνδρί
424 951 626 1007 ἐχέφρονι
671 948 743 991 καί
780 948 831 992 τὰ
875 948 1014 991 πάντα
1056 951 1214 1008 συνετῷ
1263 949 1337 992 καί
1383 954 1724 1010 πεπειρασμένῳ.

242 1012 430 1071 ἔγραψεν
457 1019 506 1060 δὲ
535 1015 641 1073 πρὸς
669 1018 744 1059 τὸν
764 1015 969 1072 Χαγάνον
998 1019 1082 1060 τῶν
1109 1016 1305 1072 Ἀβάρων
1332 1017 1620 1074 παρακλήσεις
1648 1020 1728 1061 τοῦ

241 1087 481 1138 ἐπικουρεῖν
512 1083 565 1127 τὰ
601 1085 687 1127 ’τῶν
706 1084 932 1139 Ῥωμαίων
960 1083 1200 1141 πράγματα,
1233 1082 1289 1134 ὥς
1319 1086 1467 1141 φιλίαν
1495 1084 1726 1139 σπεισάμε-

240 1167 311 1201 νος
341 1151 443 1207 πρὸς
471 1151 619 1206 αὐτόν,
649 1154 722 1195 καί
750 1152 980 1205 ἐπίτροπον
1011 1153 1088 1194 τοῦ
1120 1149 1278 1194 ἑαυτοῦ
1312 1151 1411 1195 υἱοῦ
1440 1153 1592 1195 τοῦτον
1621 1154 1725 1195 ω’νό-

238 1235 392 1272 μασεν.
470 1215 643 1276 ἀπάρας
682 1221 729 1261 δὲ
757 1222 831 1275 τῆς
860 1219 1171 1276 βασιλευούσης
1207 1219 1379 1273 πόλεως,
1409 1221 1587 1275 ἐξῆλθεν
1615 1218 1722 1263 κατὰ
1741 1231 1768 1266 ιὲ

239 1285 319 1336 τὰς
349 1291 580 1342 λεγομένας
602 1287 758 1337 Πύλας
776 1289 880 1329 πλοῒ
907 1286 985 1341 τήν
1017 1291 1196 1342 πορείαν
1223 1288 1519 1343 ποιησάμενος.
1578 1289 1725 1330 ἐντεῦ-

201 1357 318 1398 Βθεν
347 1356 395 1398 δὲ
434 1354 506 1397 ε’πί
539 1354 619 1406 τὰς
658 1356 744 1398 τῶν
783 1354 986 1408 θεμάτων
1010 1352 1160 1410 χώρας
1198 1354 1469 1412 α’φικόιιενος,
1498 1359 1724 1411 συνέλεγεν

238 1420 292 1465 τὰ
325 1419 608 1479 στρατόπεδα,
652 1424 727 1465 καί
758 1425 1006 1476 προσετίθει
1033 1422 1176 1472 αὐτοῖς
1204 1424 1302 1465 νέαν
1331 1425 1568 1479 στρατείαν.
1624 1422 1723 1465 τού-

237 1504 336 1538 τους
371 1490 420 1531 ὸ“ὲ
461 1489 691 1544 γυμνάζειν
719 1483 890 1546 ἤρξατο,
927 1490 1002 1531 καί
1026 1488 1074 1532 τὰ
1103 1487 1311 1541 πολεμικὰ
1342 1488 1447 1546 ἔργα
1474 1489 1723 1542 ἐξεπαίδευ-

237 1573 321 1602 σεν.
380 1558 479 1614 διχῇ
507 1556 588 1613 γάρ
620 1555 775 1600 διελών
799 1556 873 1599 τόν
903 1556 1111 1613 στρατόν,
1141 1557 1403 1612 παρατάξεις
1430 1573 1474 1601 τε
1503 1559 1579 1601 καί
1610 1574 1719 1612 συμ-
1732 1575 1768 1602 2⁴

235 1622 366 1678 βολὰς
394 1624 500 1682 πρὸς
529 1623 739 1681 ἀλλήλους
780 1626 993 1680 ἀναιμωτί
1029 1622 1296 1681 ποιήσασθαι
1326 1625 1560 1682 ἐκέλευσεν,
1588 1641 1720 1682 κραυ-

335 1777 388 1800 12.
410 1764 582 1813 Ἀράβων
607 1775 640 1801 e.

235 1881 447 1928 composita,
474 1882 651 1916 exercitus
677 1893 761 1915 suos
787 1882 833 1916 ab
851 1881 993 1928 Europa
1024 1883 1060 1916 in
1090 1882 1210 1916 Asiam
1238 1882 1437 1924 transtulit,
1466 1881 1715 1917 invadendae-

236 1942 307 1976 que
335 1929 486 1964 Persidis
513 1930 580 1963 deo
605 1930 812 1976 opitulante
836 1932 1027 1964 consilium
1052 1931 1161 1976 cepit.

47 1978 85 2010 A.
102 1976 221 2010 (2613
332 1979 409 2011 lloc
434 1990 528 2012 anno
558 1979 692 2012 mensis
705 1979 838 2024 Aprilis
862 1978 920 2011 die
951 1985 1094 2024 quarto,
1124 1978 1327 2011 indictione
1346 1977 1498 2019 decima,
1521 1977 1713 2012 Heraclius

235 2026 469 2059 solemnitate
509 2026 670 2071 paschali
713 2032 871 2072 peracta,
901 2027 992 2060 feria
1028 2027 1185 2060 secunda
1213 2026 1282 2059 sub
1309 2037 1493 2070 vesperam
1520 2025 1711 2060 confestim

230 2085 334 2106 orma
360 2080 524 2107 moturus
553 2074 592 2107 in
618 2074 799 2108 Persidem
841 2075 1012 2120 perrexit.
1065 2080 1141 2108 tum
1167 2086 1251 2107 vero
1283 2074 1345 2106 ubi
1371 2074 1562 2118 pecuniam
1585 2080 1714 2108 mutuo

234 2122 295 2155 vel
319 2133 399 2154 cum
427 2122 578 2155 foenore
605 2123 788 2167 acciperet
817 2122 961 2163 dubius,
991 2128 1197 2156 sanctarum
1222 2121 1366 2154 aedium
1395 2121 1586 2155 facultates
1615 2122 1715 2164 tulit,

235 2169 487 2214 cudendisque
513 2170 804 2210 numismatibus,
835 2176 873 2204 et
896 2171 1045 2204 minutis
1070 2170 1267 2203 milisiariis
1292 2168 1508 2208 conflandis,
1532 2169 1715 2204 multifida

234 2228 384 2262 magnae
426 2218 599 2250 ecclesiae
636 2217 854 2251 candelabra
893 2218 1040 2264 aliaque
1081 2216 1260 2251 eiusmodi
1297 2216 1387 2250 sacri
1412 2217 1604 2251 ministerii
1631 2229 1716 2255 vasa

236 2264 436 2310 usurpavit.
486 2266 671 2319 proprium
702 2272 822 2299 autem
848 2266 963 2298 filium
993 2266 1109 2310 Sergii
1138 2263 1366 2310 patriarchae
1384 2264 1540 2310 Cpoleos
1565 2266 1716 2300 Bonosi-

235 2324 307 2359 que
334 2312 495 2358 patricii,
520 2313 586 2345 viri
614 2314 831 2358 praestantis
867 2314 1004 2358 ingenii
1043 2324 1267 2358 magnaeque
1295 2311 1513 2358 prudentiae
1540 2319 1578 2348 et
1603 2325 1716 2359 expe-

232 2361 387 2395 rientiae
413 2360 639 2406 multiplicis,
666 2362 818 2394 consilio
845 2372 918 2394 rem
951 2373 1174 2395 communem
1202 2360 1537 2394 administraturum
1561 2361 1600 2395 in
1626 2361 1715 2396 urbe

233 2408 395 2454 reliquit.
446 2407 492 2440 ad
533 2407 740 2452 Chaganum
771 2420 919 2455 quoque
951 2409 1107 2442 Abas-um
1143 2408 1359 2454 principem,
1387 2409 1444 2442 cui
1470 2411 1714 2455 procuratoris

233 2458 272 2490 in
304 2457 419 2489 lilium
451 2466 584 2488 nomen
611 2461 647 2489 et
686 2455 898 2499 dignitatem
936 2456 1082 2497 indidit,
1122 2457 1258 2502 quique
1288 2468 1408 2490 secum
1448 2456 1643 2491 amicitiam
1669 2469 1715 2492 ex

232 2505 347 2550 pactis
374 2503 588 2544 firmaverat,
616 2508 657 2536 ut
683 2504 824 2536 afflictis
859 2505 965 2537 rebus
993 2505 1159 2538 Romanis
1186 2516 1292 2550 opem
1318 2505 1441 2546 ferret,
1465 2505 1604 2539 litteras
1630 2517 1713 2539 cum

233 2552 402 2598 precihus
426 2552 534 2585 misit.
586 2551 729 2584 urbium
751 2552 873 2596 regina
898 2551 1054 2586 subinde
1081 2552 1277 2598 profectus,
1304 2553 1436 2586 itinere
1453 2553 1607 2597 navigiis
1633 2565 1713 2587 sus-

234 2607 361 2645 cepto,
390 2600 494 2639 loco,
523 2599 580 2632 cui
605 2599 711 2643 Pylae
738 2611 894 2640 nomen,
921 2600 1039 2633 solvit.
1097 2600 1184 2633 inde
1213 2600 1257 2634 ad
1283 2600 1482 2634 thematum
1507 2600 1713 2645 'provincias

233 2647 388 2688 delatus,
415 2647 578 2693 legiones
601 2647 751 2692 collegit
774 2648 901 2688 varias,
931 2647 1065 2694 quibus
1093 2659 1223 2681 novam
1251 2648 1420 2683 militiam
1445 2648 1601 2682 addidit.
1634 2655 1711 2683 tum

234 2707 295 2728 eos
324 2696 424 2729 bello
451 2706 629 2736 exercere,
656 2696 856 2741 Martisque
887 2695 1082 2740 disciplina
1107 2696 1299 2729 instruere.
1351 2696 1505 2730 divisum
1527 2696 1711 2742 siquidem

234 2744 271 2776 in
296 2755 430 2789 aequas
455 2749 575 2789 partes
600 2743 689 2777 duas
717 2744 913 2777 exercitum
940 2743 1086 2778 ordines
1112 2755 1355 2790 componere,
1385 2744 1588 2779 incruentis
1615 2745 1710 2778 irru-

234 2791 426 2836 ptionibus
452 2791 498 2826 ad
523 2792 678 2828 invicem
715 2791 900 2838 congredi,
934 2793 1127 2826 clamorem
1163 2793 1348 2834 bellicum,
1374 2803 1541 2838 paeanaS,
1570 2792 1710 2827 milita-
