1768 3106
262 154 375 222 546
825 173 1176 215 THEOPHANJS

258 275 401 317 αὕτῶν
420 273 493 316 καὶ
513 267 627 316 οὗτοι
645 273 932 329 τυγχάνοντες.
969 276 1041 317 ε’πί
1059 276 1105 316 δὲ
1126 275 1212 316 τῶν
1228 273 1397 328 χρόνων
1409 272 1730 315 Κωνσταντίνου

256 344 336 385 τοῦ
378 343 437 391 εἰς
477 341 554 396 τήν
593 343 716 384 δύσιν
757 346 777 364 *
821 341 1052 397 Κροβάτου
1091 344 1168 384 τοῦ
1215 340 1347 395 κύρου
1395 341 1467 395 τῆς
1507 341 1731 394 λεχθείσης

256 410 530 464 Βουλγαριάς
558 411 632 451 καί
658 411 740 452 τῶν
773 408 1006 464 Κοτράγων
1041 407 1112 451 τὸν
1137 410 1232 462 βίον
1258 407 1600 461 μεταλλάξαντος
1617 441 1628 460 ,
1659 408 1733 448 καί

254 479 379 521 πέντε
408 476 706 526 καταλιπόντος
738 475 878 532 υἱούς,
924 478 999 518 καί
1026 473 1367 525 διατυπώσαντος
1396 475 1605 530 μηδαμῶς
1632 471 1730 515 τού-

214 554 351 594 Οτους
382 543 739 598 ἀποχωρισθῆναι
779 546 825 586 ἐκ
864 546 939 598 τῆς
967 543 1075 596 πρὸς
1115 540 1325 597 ἀλλήλους
1362 541 1536 598 διαίτης,
1572 538 1644 582 διά
1681 539 1768 586 τὸ5

115 621 159 655 V.
172 620 238 666 237
253 611 391 667 πάντη
408 609 620 666 κυριεύειν
648 609 806 661 αὐτούς
838 613 912 652 καί
939 608 1069 668 ἑτέρῳ
1095 608 1154 665 μὴ
1191 611 1463 663 δουλωθῆναι
1485 607 1611 650 ἔθνει.
1639 610 1730 658 μετ’

254 673 393 733 ὀλίγον
414 679 461 720 δὲ
475 676 631 732 χρόνον
653 679 726 732 τῆς
754 677 914 720 ἐκείνου
936 679 1133 731 τελευτῆς
1158 679 1218 726 εἰς
1241 676 1450 732 διαίρεσιν
1477 673 1733 731 ἐληλυθότες

254 744 293 787 οἱ
333 748 453 787 πέντε
495 744 630 786 αὐτοῦ
661 743 773 802 υἱοί,
817 747 1044 801 διέστησαν
1083 746 1156 786 ἀπ’
1193 742 1385 800 α’λλὴλων
1424 741 1533 797 μετὰ
1575 743 1655 784 τοῦ
1686 744 1731 785 ἐν

253 809 568 867 ὖπεξουσιότητι
593 809 775 854 ἑκάστου
822 813 966 855 αὐτῶν
1003 813 1279 867 ὑποκειμένου
1312 813 1432 854 λαοῦ.
1502 813 1575 854 καί
1601 810 1624 853 ὂ
1652 812 1731 863 μὲν

252 883 420 934 πρῶτος
449 878 542 928 υἱὸς
577 876 598 920 ὃ
642 880 864 935 λεγόμενος
893 882 1118 935 Βατβαιᾶν
1157 879 1235 936 τήν
1263 879 1431 935 ἐντολὴν
1462 881 1540 922 τοῦ
1573 880 1761 922 οἰκείους

253 947 448 1005 φυλάξας
476 945 654 1000 πατρός,
698 950 910 1002 διέμεινεν
938 950 983 990 ὲν
1011 949 1064 1006 τῇ
1101 950 1327 1005 προγονικῇ
1357 947 1492 989 αὐτοῦ
1517 948 1571 1004 γῇ
1603 948 1728 1001 μέχρι

251 1017 326 1070 τῆς
354 1016 497 1070 δεῦρο.
555 1013 575 1056 ὃ
609 1016 656 1056 δὲ
690 1016 887 1070 δεύτερος
917 1017 1069 1058 τούτου
1101 1014 1300 1072 α’δελφός,
1334 1011 1355 1057 ὅ
1388 1013 1611 1070 λεγόμενος
1644 1013 1730 1057 Κό-

250 1098 426 1138 τραγος,
455 1080 528 1125 τὸν
580 1082 740 1124 Τάναϊν
781 1082 935 1136 διαβάς
982 1082 1171 1137 ποταμὸν
1212 1083 1414 1125 ἀπέναντι
1456 1083 1533 1124 τοῦ
1561 1080 1729 1137 πρώτου

253 1143 410 1207 ᾤκησεν
437 1147 645 1206 ἀδελφοῦ.
719 1149 741 1191 ὃ
777 1151 823 1192 δὲ
854 1154 1054 1206 τέταρτος
1081 1150 1155 1192 καί
1182 1149 1202 1192 ὁ
1237 1154 1425 1204 πέμπτος
1459 1149 1534 1193 τὸν
1566 1143 1730 1204 Ἴστρον

207 1213 347 1272 Βῆτοι
379 1214 595 1271 Δάνουβιν
637 1214 861 1271 λεγόμενον
904 1221 1221 1273 περαιωθέντες
1264 1216 1482 1274 ποταμόν,
1512 1215 1535 1258 o‘
1563 1219 1643 1271 μὲν
1671 1217 1730 1265 εἰς
1749 1236 1761 1260 ι

252 1286 500 1327 Παννονίαν
532 1286 607 1340 τῆς
628 1283 839 1340 Ἀβαρίας
867 1284 1095 1340 ὑποταγεὶς
1125 1288 1184 1344 τῷ
1196 1284 1384 1343 Χαγάνῳ
1413 1285 1496 1327 τῶν
1518 1280 1731 1340 Ἀβάρων,

249 1350 418 1405 ἑζιιεινεν
457 1353 548 1393 ἐκεῖ
577 1349 684 1405 μετά
726 1354 801 1407 τῆς
832 1350 1051 1405 δυνάμεως
1081 1353 1231 1406 αὐτοῦ,
1306 1351 1327 1394 ὃ
1357 1354 1406 1394 δὲ
1435 1350 1515 1407 τὴν
1545 1350 1651 1406 πρὸς
1679 1353 1731 1407 τῇ

243 1418 446 1476 Ῥαβέννῃ
464 1417 734 1461 Πεντάπολιν
765 1417 1031 1472 καταλαβών,
1062 1419 1145 1461 ὑπὸ
1166 1419 1244 1474 τήν
1264 1422 1488 1474 βασιλείαν
1517 1421 1602 1461 τῶν
1622 1421 1730 1474 Χρι-

249 1487 430 1529 στιανῶν
460 1487 638 1542 γέγονεν.
696 1485 839 1530 ἔπειτα
866 1485 1029 1529 τούτων
1057 1486 1080 1528 ὅ
1103 1487 1259 1544 τρίτος,
1284 1485 1532 1544 Ἀσπαρούχ
1560 1484 1732 1542 λεγόμε-

355 1640 386 1664 1.
415 1629 454 1665 δὲ
496 1627 580 1664 add.
607 1642 650 1664 ex
677 1631 717 1664 A.
850 1640 884 1664 2.
925 1636 1007 1677 post
1041 1630 1152 1668 δύσιν
1192 1632 1277 1667 fort.
1314 1630 1398 1664 add.
1433 1627 1730 1672 τελευτήσαντος.

350 1679 386 1723 3.
410 1679 692 1724 μεταλλάξαντα
731 1701 773 1706 —-
803 1679 1059 1715 καταλιπόντα
1092 1691 1121 1712 a.
1258 1691 1293 1723 9.
1319 1679 1480 1714 ἑκάστου
1508 1677 1591 1711 add.
1621 1689 1665 1710 ex
1688 1678 1728 1709 A.

356 1738 412 1760 ιο.
435 1722 628 1773 Βατβαϊὰν
642 1727 682 1769 Α,
707 1723 946 1774 Βατβαιεγάν
964 1740 995 1771 a,
1021 1722 1212 1769 Βατζαιιίν
1240 1727 1266 1770 f,
1294 1725 1540 1773 Βατβαιαγῐὶν
1563 1736 1633 1770 mg·
1654 1725 1729 1757 1³³¹·-

357 1775 408 1808 15.
437 1777 643 1823 λεγριιιενον
677 1775 760 1809 add.
801 1787 843 1808 ex
871 1778 911 1808 A.
1065 1778 1115 1810 16.
1140 1774 1315 1823 Ἀβαρίας
1343 1777 1391 1818 Α,
1431 1774 1609 1821 ,Ἀραβίας
1636 1773 1730 1815 vulg.

356 1833 416 1877 17·ἴ
437 1823 681 1905 τῇΑἹῖῴέννῃ]
708 1820 774 1867 τὴν
796 1821 948 1872 Ἀβέννῃ
977 1825 1018 1866 Α,
1043 1818 1108 1867 τᾶν
1132 1822 1350 1870 Ἀβέννησιν
1379 1823 1404 1856 f.
1545 1831 1596 1865 ¹9·
1617 1818 1732 1855 Ἀπα-

353 1883 446 1918 ρουχ
545 1896 552 1905 .

257 1996 330 2031 qua
354 1995 555 2032 magnaque
581 1985 747 2031 Bulgaria
773 1987 840 2020 sita
869 1992 935 2028 est,
962 1992 998 2021 et
1022 1997 1117 2033 quae
1143 1986 1379 2032 Cotragorum
1406 1984 1567 2031 Bulgaris
1593 1983 1730 2018 contri-

255 2033 397 2067 bulium
428 2039 579 2067 vocatur
602 2034 712 2080 regio.
764 2040 944 2068 caeterum
975 2035 1202 2069 Constantini
1240 2033 1486 2080 temporibus,
1517 2032 1643 2079 quiin
1669 2043 1731 2065 oc-

255 2081 402 2114 cidente
438 2082 456 2099 *
481 2081 659 2115 Crobatus
699 2082 847 2128 quidam
885 2083 1069 2129 praefatae
1098 2083 1284 2128 Bulgariae
1309 2082 1620 2127 Cotragorumque
1661 2079 1730 2112 do—

253 2130 374 2162 minus
393 2129 468 2162 leto
493 2130 632 2164 vicinus
653 2131 747 2164 filios
768 2132 931 2177 quinque
957 2137 1040 2178 post
1064 2142 1101 2164 se
1130 2132 1352 2176 relinquenS,
1375 2130 1419 2162 iis
1441 2128 1589 2162 condito
1615 2133 1729 2161 testa-

251 2181 378 2211 mento
413 2178 619 2223 praecepit,
658 2178 945 2225 uniuscuiusque
981 2178 1142 2213 dominio
1168 2179 1269 2211 firmo
1305 2189 1346 2211 ac
1370 2176 1508 2210 stabiliv
1535 2174 1729 2209 retinendo

252 2230 292 2258 et
316 2223 361 2258 ab
387 2230 590 2258 exterarum
615 2227 775 2270 gentium
803 2229 977 2261 servitute
1004 2225 1234 2267 vindicando,
1270 2236 1317 2258 ne
1348 2225 1496 2258 seorsim
1522 2235 1542 2257 a
1570 2235 1607 2257 se
1633 2223 1730 2256 iuvi—

252 2283 330 2306 cem
362 2271 589 2306 habitarent:
628 2279 666 2308 at
703 2286 781 2307 cum
820 2281 904 2321 post
929 2275 1038 2308 breve
1064 2281 1207 2320 tempus
1245 2284 1265 2306 a
1293 2273 1406 2318 patris
1433 2271 1536 2306 obitu
1565 2272 1730 2318 quinque

252 2320 362 2354 liberi
388 2319 444 2353 mi
474 2319 520 2353 ad
548 2319 815 2355 distribuendas
833 2322 1051 2356 adinvicem
1075 2321 1227 2355 dominii
1244 2320 1433 2366 portiones
1462 2320 1619 2365 singulas
1644 2330 1731 2364 pro—

250 2368 464 2409 cessissent,
498 2367 545 2401 ad
569 2368 722 2402 invicem
749 2382 867 2404 rursus
894 2382 973 2403 cum
1010 2370 1173 2403 subiecto
1202 2379 1289 2401 suae
1314 2368 1487 2414 potestati
1507 2367 1646 2413 populo
1673 2377 1730 2399 se-

253 2416 455 2461 gregandos
479 2427 518 2449 se
543 2415 791 2451 decreverunt.
844 2423 881 2452 et
906 2418 1165 2463 primogenitus
1184 2416 1332 2462 quidem
1359 2416 1454 2449 lilius
1481 2415 1630 2450 nomine
1647 2415 1731 2446 Bat—

252 2464 368 2506 baias,
391 2463 534 2510 paterni
562 2463 723 2498 mandati
749 2471 859 2498 tenax
885 2466 923 2498 in
950 2467 1046 2499 avito
1072 2465 1149 2498 solo
1174 2464 1222 2497 ad
1249 2464 1346 2497 hunc
1375 2474 1491 2510 usque
1519 2463 1616 2496 diem
1643 2473 1730 2494 con-

254 2512 361 2546 stitit.
411 2510 589 2546 secundus
615 2518 705 2546 natu
732 2513 852 2553 frater,
880 2513 1072 2558 Cotragum
1099 2512 1280 2553 dixerunt,
1304 2511 1418 2545 Tanai
1444 2511 1592 2544 flumine
1617 2510 1731 2543 traie-

255 2566 337 2601 cto,
376 2571 420 2593 ex
453 2558 602 2593 adverso
643 2560 762 2594 fratris
789 2561 1021 2605 primogeniti
1062 2560 1165 2593 sedes
1197 2560 1344 2605 posuit,
1371 2565 1519 2605 quartus
1547 2563 1666 2591 autem
1696 2561 1732 2590 et

255 2608 420 2654 quintus,
444 2607 579 2641 flumen
604 2609 745 2649 Istrum,
772 2608 938 2653 intellige
965 2608 1185 2647 Danubium,
1212 2607 1463 2653 praetervecti,
1490 2604 1730 2652 illequidem

255 2655 295 2688 in
310 2655 533 2689 Pannoniam
562 2654 748 2689 Abaricam
775 2655 1113 2700 ChaganoAbarum
1138 2656 1294 2701 principi
1318 2653 1547 2701 postmodum
1572 2652 1731 2686 subden-

258 2703 325 2736 dus
357 2715 435 2737 cum
466 2703 634 2737 omnibus
658 2705 730 2736 suis
755 2704 870 2750 copiis
895 2705 1046 2745 transit,
1072 2703 1133 2737 hic
1157 2715 1241 2737 vero
1268 2703 1494 2748 Pentapolim
1521 2700 1567 2734 ad
1591 2702 1731 2733 Raven-

257 2761 341 2784 nam
376 2752 612 2796 perveniens,
639 2751 923 2785 Christianorum
963 2751 1118 2797 imperio
1160 2752 1296 2797 pariter
1335 2750 1518 2783 subiectus
1546 2748 1729 2782 remansit.

258 2799 409 2833 fratrum
437 2798 568 2833 deinde
595 2800 745 2834 istorum
769 2801 899 2834 tertius
927 2799 1111 2846 Asparuch
1148 2804 1294 2834 vocatus
1315 2798 1475 2844 Danapri
1500 2802 1538 2831 et
1562 2795 1730 2830 Dan-‘istri
