1786 3204
277 173 296 211 ι
312 154 384 232 78
842 174 1189 218 THEOPHAle

56 285 256 339 A.M.5959
387 285 533 345 Τούτῳ
576 286 634 344 τῷ
673 285 757 330 ἔτει
795 291 815 311 *
855 287 1132 342 ἐστράτευσεν
1174 288 1220 329 ἐν
1251 288 1547 347 Ἀλεξανδρείᾳ
1585 283 1746 346 ἄνδρας

268 356 554 409 τρισχιλίους,
592 353 668 397 καί
707 354 731 396 ὅ
775 356 909 410 μέγας
954 356 1104 406 λα’κκος
1138 355 1310 411 ἐκτίσθη
1350 357 1412 406 εἷς
1458 355 1509 398 τά
1542 352 1743 400 Ἰωάννου

227 423 342 463 Βκαί
375 420 426 464 τὰ
470 422 548 463 δύο
584 425 814 476 βαλανεῖα,
851 422 877 478 ἧ
919 421 1068 478 ὑγεία,
1115 420 1189 464 καὶ
1225 421 1250 477 ἦ
1286 421 1424 472 ἴασις·
1496 424 1571 467 καί
1609 423 1630 468 ὃ
1672 441 1747 467 πο-

265 487 400 543 ταμός
428 489 611 547 ω’ρύχθη
641 490 687 534 ἐν
709 485 1007 550 Ἀλεξανδρείᾳ
1037 487 1120 532 α’πὸ
1151 490 1226 545 τῆς
1245 490 1421 546 Χερσοῦ
1446 489 1527 541 ἕως
1552 495 1629 535 τοῦ
1655 495 1746 536 Κο-

264 558 468 614 πρεαῖνος.
1758 549 1784 592 5

52 628 252 676 A.M.5960
384 624 531 682 Τούτῳ
578 626 637 684 τῷ
664 622 746 666 ἔτει
778 623 1022 674 Ἰσοκάσιος
1053 622 1075 666 ὅ
1117 626 1345 679 κοιαίστωρ
1384 624 1683 681 Ἀντιοχείας,
1725 625 1746 670 ὃ

264 695 340 736 καί
370 689 620 749 φιλόσοφος,
655 691 860 747 διεβλήθη
890 692 947 750 τῷ
971 695 1150 746 βασιλεῖ,
1181 692 1239 742 ὥς
1257 689 1427 748 Ἕλλην·
1485 695 1559 736 καί
1581 695 1746 736 ἐκέλευ-

264 776 338 803 σεν
385 756 405 801 ὃ
450 757 655 813 βασιλεὺς
702 757 1169 814 ἑξετασθῆναι“αΰτὸν
1206 758 1322 813 παρα
1365 761 1425 819 τῷ
1462 758 1637 820 ἐπάρχῳ
1664 764 1747 804 ταῖν

262 827 535 883 πραιτωρίων
570 828 615 869 ἐν
656 826 1118 870 Κωνσταντινουπόλει.
1162 829 1405 882 ἐνεχθέντος
1443 829 1490 871 δὲ
1530 828 1665 871 αὐτοῦ
1701 831 1748 872 ἐν

261 897 318 953 τῷ
348 896 576 953 Ζευξίππῳ
609 895 833 948 δεδεμένου
865 892 1180 949 ὄπισθάγκωνα,
1211 893 1295 952 ἔφη
1323 895 1431 951 πρὸς
1458 895 1589 940 αὐτὸν
1618 892 1740 940 Hmi-
1764 913 1786 939 κ

262 978 370 1011 σεως
400 960 421 1003 ὅ
449 958 661 1018 ἔπαρχος·
720 959 822 1019 ὁρᾷς
863 960 1051 1018 σεαυτὸν,
1087 962 1304 1017 Ἰσοκάσιε,
1344 961 1390 1006 ἐν
1417 955 1524 1023 ποίῳ
1553 965 1745 1020 σχήματι

262 1030 553 1085 καθέστηκαςς
593 1026 614 1070 ὃ
659 1030 705 1072 δὲ
735 1025 878 1071 εἶπεν·
957 1028 1064 1085 ὅρῶ,
1093 1031 1167 1073 καί
1191 1027 1243 1072 οὗ
1273 1033 1515 1086 ξενίζομαι·
1574 1027 1743 1088 ἅνθρω-

262 1113 341 1147 πος
369 1095 451 1152 γὰρ
486 1093 546 1139 ὦν
588 1095 880 1152 ἀνθρωπίναις
909 1098 1104 1140 ἐνέπεσον
1143 1104 1392 1155 συμφοραῖς
1413 1114 1426 1127 ·
1484 1096 1591 1141 ἄλλα
1624 1100 1743 1142 δίκα-

223 1165 338 1206 Οσον
365 1165 430 1206 ἐπ’
463 1165 582 1220 ἐμοί,
626 1163 685 1215 ὥς
728 1165 920 1215 ἑδίκαζες
947 1162 1026 1206 συν
1054 1165 1162 1218 ἐμοί,
1233 1166 1310 1207 καί
1333 1166 1471 1207 ταῦτα
1502 1164 1688 1217 α’κούσας
1719 1164 1741 1208 ὅ

263 1233 397 1288 δῆμος
427 1232 651 1289 εὕφὴμησε
681 1231 755 1274 τὸν
784 1233 982 1286 βασιλέα.
1015 1231 1090 1295 gat*
1115 1231 1272 1287 μαθών
1301 1232 1323 1275 ὅ
1352 1231 1558 1288 βασιλεύς
1585 1234 1738 1292 ἐχάρη.
1759 1250 1786 1281 1:

262 1299 336 1343 καί
363 1301 574 1343 α’πέλυσεν
599 1300 732 1342 αὐτόν
760 1301 822 1348 εἰς
851 1298 930 1354 τήν
959 1301 1074 1342 ἰδίαν
1101 1300 1262 1355 χώραν.

49 1373 244 1418 A.M.5961
375 1368 638 1422 Ἀντιοχείας
665 1366 897 1410 ἐπισκόπου
921 1367 1154 1410 Ἰουλιανοῦ
1182 1366 1275 1418 ἔτος
1309 1366 1360 1410 α’.

380 1432 527 1494 Τούτῳ
570 1435 627 1492 τῷ
662 1432 748 1477 ἔτει
778 1437 908 1478 Λέων
951 1434 975 1477 ὅ
1002 1433 1210 1490 βασιλευς
1250 1434 1358 1479 κατὰ
1400 1437 1442 1479 Γ
1439 1438 1741 1493 ιζερίχουιτοῦ

1726 1501 1739 1517 t

104 1501 106 1505 ¹
146 1505 247 1540 V-80
260 1504 345 1547 τῶν
362 1498 544 1561 ’Ἄφρων
571 1504 830 1559 κρατοῦντος
857 1500 1006 1546 στόλον
1023 1505 1159 1559 μέγαν
1179 1505 1402 1556 ἐξοπλίσας
1429 1498 1685 1551 ἀπέστειλεν.
1716 1520 1738 1546 ο

359 1661 394 1695 3.
424 1660 446 1705 ἧ
474 1663 576 1703 ἴασις
598 1662 627 1697 Α
658 1674 678 1696 a
710 1674 751 1704 c,
782 1661 801 1708 ἧ
831 1661 1059 1702 δεκὰστασις
1093 1664 1189 1708 vulg.
1218 1663 1332 1710 (error
1357 1662 1455 1697 haud
1482 1662 1593 1697 dubie
1619 1668 1738 1704 natus,

358 1710 446 1756 quia
475 1712 547 1756 legi
571 1710 779 1745 videbatur:
807 1714 829 1744 ί.
856 1722 954 1753 ασις,
980 1719 1021 1745 ut
1047 1717 1143 1745 recte
1168 1717 1294 1745 monet
1323 1712 1449 1758 Goar.)
1568 1712 1602 1755 4.
1634 1715 1739 1757 Χερ-

360 1760 448 1794 σέου
475 1759 504 1792 Α
532 1771 564 1793 e.
684 1759 921 1806 Κοπρεῶνος
946 1759 999 1802 Α,
1028 1761 1243 1807 Κοπρῶνος
1267 1771 1307 1800 a,
1336 1760 1570 1807 Κυπρεῶνος
1595 1771 1635 1801 e,
1659 1764 1740 1794 Κυ-

358 1807 513 1853 πρῶνος
537 1806 632 1852 vulg.
754 1810 786 1843 8.
815 1807 969 1855 ἐπάρχῳ
991 1828 1039 1836 —-
1064 1808 1230 1854 ἔπαρχος
1253 1807 1293 1849 Α,
1315 1806 1474 1856 ὑπάρχῳ
1499 1828 1547 1834 -
1570 1805 1742 1853 ὕπαρχος

359 1855 456 1899 vulg.
597 1867 649 1889 io.
676 1858 855 1896 Πουσέος
879 1867 910 1889 e.
1047 1857 1097 1890 13.
1129 1858 1290 1892 ἐνίπεσα
1318 1867 1349 1890 e.
1483 1858 1536 1893 ι8.
1562 1857 1628 1892 τοῦ
1655 1855 1738 1890 add.

359 1913 405 1936 ex
429 1904 471 1936 A.

80 2033 255 2080 A,C,459
359 2029 436 2063 Hoc
469 2040 565 2063 anno
600 2055 874 2065 ........
908 2032 975 2066 tria
1013 2031 1200 2065 hominum
1241 2030 1356 2064 millia
1388 2031 1430 2063 in
1469 2029 1739 2075 expeditionem

267 2076 378 2111 misit.
429 2090 559 2123 magna
587 2078 696 2112 etiam
721 2080 878 2112 cisterna
901 2080 946 2113 ad
973 2080 1120 2113 loannis
1147 2078 1254 2112 aedes
1271 2084 1457 2112 extructa:
1485 2078 1618 2111 balnea
1645 2090 1740 2124 quo-

268 2136 341 2171 que
371 2125 468 2166 (luo,
512 2126 575 2159 uni
602 2138 736 2161 nomen
764 2128 920 2169 sanitas,
952 2128 1060 2161 alteri
1086 2127 1193 2160 iasis:
1231 2132 1267 2160 et
1292 2125 1535 2160 Alexandriae
1563 2126 1694 2160 fluvius
1719 2136 1740 2159 a

272 2172 407 2207 Cherso
435 2173 480 2206 ad
506 2174 710 2219 Cypronem
739 2176 845 2208 fovea
871 2182 1040 2209 excavata
1066 2174 1255 2208 deductus.

81 2217 256 2263 A.C.460
364 2222 443 2254 Hoc
465 2232 560 2254 anno
578 2223 757 2256 Isocasius
775 2229 946 2269 quaestor
958 2223 1187 2263 Antiochiae,
1214 2222 1275 2268 qui
1296 2227 1331 2255 et
1358 2220 1612 2267 philosophus,
1637 2220 1740 2266 quasi

267 2269 423 2315 gentiles
449 2270 537 2302 ritus
564 2271 745 2314 professus
771 2270 869 2317 apud
895 2273 1150 2317 imperatorem
1184 2276 1238 2303 est
1262 2269 1430 2303 delatus:
1460 2269 1522 2315 qui
1548 2281 1566 2302 a
1592 2274 1741 2315 praeto-

268 2317 401 2350 riorum
429 2316 586 2362 Cpoleos
623 2319 806 2364 praefecto
833 2320 947 2352 virum
977 2319 1172 2353 examinari
1206 2319 1319 2351 iussit.
1370 2329 1451 2350 eum
1478 2318 1602 2363 itaque
1627 2316 1741 2349 mani-

265 2364 334 2398 bus
371 2370 465 2401 retro
502 2364 680 2400 devinctis
726 2367 764 2400 in
791 2368 1013 2414 Zeuxippum
1051 2366 1245 2400 deductum
1287 2366 1339 2399 ita
1376 2365 1572 2410 compellat.
1606 2366 1740 2398 Puseus

265 2412 491 2459 praefectus:
544 2412 664 2447 viden’
702 2415 848 2456 lsocasi‚
877 2426 950 2460 qno
976 2414 1103 2448 habitu
1137 2426 1234 2447 nunc
1259 2413 1383 2447 astes'?
1431 2412 1626 2460 respondet
1652 2412 1740 2445 ille:

265 2460 392 2494 video:
418 2471 538 2507 neque
564 2472 720 2495 moveor.
770 2474 851 2496 nam
877 2462 984 2496 homo
1020 2474 1100 2496 cum
1128 2463 1213 2504 sim,
1239 2461 1277 2495 in
1311 2461 1484 2495 humanas
1515 2460 1741 2494 calamitates

268 2507 396 2543 incidi.
454 2513 636 2542 caeterum
667 2521 731 2554 age
755 2522 895 2543 mecum
922 2516 961 2544 ut
996 2510 1126 2551 iudex,
1154 2516 1194 2543 ut
1224 2522 1296 2543 una
1321 2521 1460 2544 mecum
1483 2510 1572 2543 olim
1599 2508 1741 2542 iudica-

270 2557 332 2591 sti.'
380 2554 437 2589 his
476 2555 636 2598 auditis,
670 2557 878 2603 imperatori
920 2557 1047 2592 faustis
1078 2557 1225 2591 vocibus
1262 2559 1438 2592 acclamat
1462 2557 1640 2603 populus:
1667 2566 1740 2602 quo

269 2609 456 2650 comperto
486 2605 603 2639 laetus
632 2605 827 2651 imperator
855 2617 937 2639 eum
966 2606 1003 2639 in
1030 2606 1213 2652 propriam
1240 2607 1463 2652 provinciam
1494 2605 1644 2640 remisit.

84 2651 124 2685 Α.
137 2650 174 2685 C.
186 2651 251 2696 461
364 2651 581 2686 Antiochiae
608 2653 770 2700 episcopi
798 2654 929 2687 Iuliani
955 2665 1071 2688 annus
1098 2655 1247 2700 primus.

367 2700 446 2733 Hoc
472 2712 568 2735 anno
593 2701 667 2735 Leo
706 2701 902 2746 imperator
927 2702 1110 2747 ingentem
1144 2702 1294 2736 classem
1322 2706 1359 2735 et
1381 2700 1502 2735 valide
1526 2700 1739 2734 instructum

271 2748 469 2781 exercitum
504 2748 674 2783 adversus
709 2749 951 2791 Gizerichum,
981 2751 1044 2796 qui
1071 2750 1226 2784 Africam
1267 2750 1471 2791 obtinebat,
1495 2748 1622 2783 emisit.
1674 2745 1740 2778 Gi-

268 2795 431 2830 zerichus
461 2797 610 2844 quippe,
639 2796 815 2831 defuncto
845 2798 1041 2841 Marciano,
1067 2798 1181 2833 multa
1209 2798 1302 2832 mala
1328 2798 1456 2832 intulit
1478 2797 1516 2831 in
1539 2793 1740 2841 provincias
