1768 3106
254 162 364 220 502
818 180 1166 225 THEOPHANJS

246 286 305 343 τῷ
334 285 602 344 πατροκτόνῳ
641 288 772 341 πατρὶ
815 285 1007 343 Χοσρόῃ.
1075 284 1206 334 αὐτὸς
1236 286 1283 328 δὲ
1321 290 1476 342 φυγεῖν
1504 286 1739 340 δοκιμάσας

247 354 324 397 καί
348 350 409 410 μή
439 351 638 408 ἰσχύσας,
669 352 899 409 ἐκρατήθη.
965 354 1117 396 τοῦτον
1147 355 1192 395 δὲ
1223 353 1511 409 δωμήσαντες
1537 355 1738 410 σφοδρῶς

246 422 554 478 σιδηροπέδαις
584 418 902 477 ὄπισθάγκωνα,
931 427 1018 470 τοῖς
1039 436 1083 461 τε
1101 423 1204 463 ποσί
1222 422 1297 463 καί
1312 422 1369 479 τῷ
1397 419 1595 479 τραχήλῳ
1624 419 1738 477 βάρη

247 491 410 546 σιδηρᾶ
437 491 722 546 περιέθηκαν,
750 490 826 530 καί
859 486 1107 544 εἰσάγουσιν
1146 487 1279 531 αυ’τὸν
1323 490 1384 539 εἰς
1411 488 1488 531 τὸν
1518 484 1632 532 οἶκον
1662 490 1741 530 τοῦ

247 557 456 614 σκότους,
497 555 545 599 ὃν
586 553 721 606 αὑτὸς
767 556 1001 613 ω’χύρωσεν
1039 558 1087 599 ἐκ
1118 557 1215 599 νέου
1259 559 1407 607 κτίσας
1438 558 1500 607 εἰς
1529 555 1768 600 ἀπόθεσινέ

245 627 508 683 χρημάτων,
555 624 630 667 καί
672 620 806 680 ἄρτον
849 622 1054 681 πενιχρὸν
1096 623 1231 683 τούτῳ
1270 624 1464 675 διδόντες
1499 623 1573 668 καὶ
1600 621 1740 679 ὕδωρ,

247 691 579 749 ἑλιμαγχόνουν·
637 689 722 750 ἔφη
751 691 832 748 γάρ
859 691 880 735 ὃ
910 690 1092 749 Σιρόής·
1153 688 1218 735 ὅτι
1248 691 1321 736 τὸν
1339 691 1508 749 χρυσόν
1536 690 1666 751 φάγῃ,
1695 690 1742 734 ὃν

113 771 149 805 Ρ.
166 782 232 817 ²5²
247 761 485 818 συνήγαγεν
512 760 667 817 μάτην,
704 763 760 802 δι’
791 759 841 803 ὃν
867 759 1051 811 πολλοὺς
1097 760 1443 817 ἐλιμαγχὸνησεν,
1468 762 1543 803 καί
1569 758 1643 803 τὸν
1673 759 1741 802 κό-

244 846 354 885 σμον
386 828 627 886 ἠρήμωσεν.
697 828 918 872 ἀπέστειλε
963 830 1009 871 δὲ
1051 827 1159 884 πρὸς
1204 827 1337 872 αὕτόν
1375 828 1473 879 τοὺς
1515 825 1743 884 σατράπας

246 899 439 954 ὑβρίζειν
467 896 544 940 καί
567 895 770 951 ἐμπτύειν
790 898 924 955 αὐτῷ.
956 898 960 901 ’
983 896 1057 939 καί
1080 894 1253 952 α’γαγών
1274 897 1520 953 Μερδασᾶν
1547 895 1617 939 τὸν
1646 894 1768 939 υὶὸνι

247 969 407 1024 αὕτοῦ,
453 963 503 1008 ὃν
541 966 737 1021 ἐβούλετο
780 967 961 1022 στέψαι,
1006 965 1186 1008 ἐνώπιον
1222 966 1361 1008 αὐτοῦ
1402 962 1617 1022 ἔσφαξεν·
1668 967 1744 1007 καί

248 1036 390 1078 πάντα
427 1034 479 1078 τὰ
509 1033 636 1077 λοιποὶ
680 1035 809 1076 τέκνα
853 1034 994 1076 αὐτοῦ’
1027 1033 1208 1076 ἐνώπιον
1240 1033 1378 1076 αὐτοῦ
1405 1033 1599 1076 ἀνεῖλεν·
1671 1035 1745 1076 καί

246 1104 493 1146 ἀπέστειλεν
533 1101 673 1146 πάντα
716 1099 879 1158 ἐχθρὸν
920 1101 1061 1144 αὐτοῦ
1089 1101 1281 1156 ὑβρίζειν
1325 1100 1417 1160 [καὶ
1456 1099 1640 1158 τύπτειν]
1671 1100 1744 1144 καὶ

245 1171 448 1228 ἐμπτύειν
479 1170 608 1229 αὐτῷ’.
668 1173 791 1213 πέντε
818 1171 866 1213 δὲ
895 1168 1061 1226 ἡμέρας
1085 1170 1214 1212 τοῦτο
1240 1170 1492 1226 ποιήσαντες
1518 1171 1740 1212 ἐκέλευσεν

255 1239 268 1254 t

247 1258 269 1283 ο
303 1241 462 1297 Σιρόής
485 1241 637 1282 τοῦτον
679 1235 815 1291 τόξοις
845 1239 1033 1295 α’νελεῖν,
1075 1240 1150 1280 καί
1189 1233 1327 1288 οὕτως
1369 1235 1477 1280 κατὰ
1514 1236 1670 1293 μικρὸν
1697 1239 1768 1280 ἕνι

249 1311 403 1358 δεινοῖς
431 1309 654 1363 παρέδωκε
685 1306 764 1363 τήν
805 1304 998 1362 πονηράν
1026 1306 1163 1349 αὐτοῦ’
1190 1306 1354 1362 ψυχήν.
1413 1304 1503 1348 τότε
1535 1304 1559 1348 ὅ
1588 1301 1745 1362 Σιρὸης

249 1374 409 1434 γράφει
440 1375 546 1432 πρὸς
569 1375 839 1432 “Ηρα’κλειον,
871 1373 1248 1430 εὕαγγελιζόμενος
1277 1375 1395 1433 αὐτῷ
1427 1372 1506 1429 τὴν
1537 1375 1615 1417 τοῦ
1640 1390 1744 1428 μια-

211 1447 333 1501 Βροῦ
361 1444 564 1501 Χοσρόου
597 1446 824 1501 α’ναίρεσιν
844 1460 854 1470 ·
925 1444 1002 1484 καί
1037 1440 1207 1498 εἰρήνην
1246 1442 1431 1498 (ἱειπαγῆ
1475 1440 1583 1498 πρὸς
1612 1439 1746 1484 αὐτόν

248 1510 550 1571 ποιησάμενος,
578 1511 745 1562 πάντας
773 1508 875 1562 τούς
904 1509 950 1554 ἐν
971 1515 1186 1568 φρουραῖς
1204 1506 1513 1568 Χριστιανούς,
1542 1510 1618 1552 καί
1644 1509 1745 1560 τούς

350 1658 379 1681 i·
411 1651 554 1694 φυγεῖν
580 1645 619 1688 Α,
650 1641 781 1693 φυγὴν
806 1644 905 1690 vulg.
1030 1644 1064 1677 3.
1093 1641 1226 1679 ὄπισθ.
1258 1642 1300 1686 A,
1327 1643 1393 1678 καὶ
1417 1641 1480 1678 ὄπ.
1509 1642 1608 1686 vulg.
1707 1643 1740 1677 5.

349 1693 559 1742 ὠχύρωσεν
596 1696 636 1731 ἐκ
662 1698 751 1730 νέου
791 1694 834 1736 Α,
864 1691 1067 1739 ὀχυρώσας
1103 1693 1144 1729 ἐκ
1175 1694 1266 1731 νέας
1303 1692 1400 1737 vulg.
1524 1703 1556 1736 7.
1585 1688 1630 1727 ὃν
1654 1689 1695 1731 Α,
1723 1687 1745 1726 ὃ

345 1745 442 1789 vulg.
566 1744 600 1778 8.
628 1741 674 1779 δι’
704 1740 750 1779 ὃν
768 1743 812 1785 A,
837 1741 887 1776 δι’
926 1739 947 1778 ὃ
974 1742 1072 1787 vulg.
1223 1751 1277 1774 ιο.
1305 1737 1408 1787 αὐτῷ
1431 1737 1474 1781 Α,
1504 1734 1621 1775 αὐτὸν
1643 1739 1743 1783 vulg.

350 1793 404 1826 13.
432 1791 655 1828 ἀπέστειλεν
680 1791 764 1826 add.
790 1802 836 1825 ex
861 1791 903 1824 A.
1025 1791 1091 1824 καὶ
1114 1787 1271 1824 τύπτειν
1298 1800 1368 1822 om.
1395 1789 1437 1822 A.
1563 1787 1618 1831 ¹4·
1643 1785 1745 1833 αὐτῷ

344 1842 374 1874 A
406 1852 439 1881 a,
466 1838 587 1877 ἀὐτὸν
611 1840 706 1885 vulg.
851 1840 964 1876 πέντε
991 1837 1032 1873 δὲ
1059 1836 1202 1886 ἡμέρας
1228 1838 1279 1879 Α,
1314 1837 1357 1875 ἐν
1383 1838 1496 1874 πέντε
1521 1835 1562 1872 δὲ
1587 1834 1747 1884 ἡμέραις

344 1889 443 1934 vulg.
564 1889 732 1934 ποιήσας
754 1888 797 1922 A.
926 1888 979 1923 18.
1004 1886 1165 1934 οέειπηγῆ
1191 1885 1229 1920 h.

253 2006 446 2053 expeditis,
474 2007 512 2041 in
538 2006 738 2041 Chosroiim
763 2010 904 2053 patrem
929 2004 1149 2052 parricidam
1169 2014 1268 2038 arma
1292 2006 1427 2037 movet.
1478 2001 1658 2036 Chosroiis
1684 2001 1746 2035 sn-

254 2067 338 2100 gere
364 2056 526 2097 inolitus,
551 2067 620 2090 nec
648 2056 756 2100 fugae
782 2067 941 2100 comPOS,
968 2052 1269 2100 deprehenditur.
1328 2051 1436 2085 illum
1465 2049 1623 2083 brachiis
1650 2056 1747 2083 retro

255 2104 344 2137 actis
373 2103 484 2149 pedes
514 2109 552 2136 et
576 2103 711 2137 collum
737 2103 906 2149 gravibus
939 2102 1078 2136 catenis
1104 2109 1288 2142 onustum,
1326 2097 1639 2144 compedibusque
1666 2104 1748 2132 toto

257 2162 410 2197 corpore
437 2152 740 2197 circumligatum,
766 2152 805 2185 in
831 2150 1065 2186 tenebrarum
1083 2149 1223 2190 aedem,
1253 2159 1361 2194 quain
1386 2148 1465 2193 ipse
1493 2147 1637 2180 iuvenis
1658 2158 1748 2180 con-

258 2205 451 2240 struxerat,
479 2206 516 2234 et
545 2200 765 2246 reponendis
791 2200 830 2233 in
861 2211 903 2233 ea
934 2199 1073 2233 divitiis
1113 2198 1263 2231 firmiter
1290 2195 1504 2237 muniverat,
1529 2190 1750 2235 includunt,

257 2248 385 2296 ibique
415 2249 542 2282 stricto
583 2260 679 2294 pane
721 2254 758 2282 et
782 2240 877 2294 aq‘ua
917 2258 1025 2293 parce
1065 2247 1178 2280 effusa
1216 2249 1461 2278 sustentatum
1500 2242 1595 2277 fame
1619 2244 1750 2276 misere

258 2296 379 2343 perire
406 2301 549 2341 parant.
601 2296 673 2330 fuit
699 2297 798 2330 enim
823 2296 923 2330 istud
950 2295 1066 2329 Sirois
1095 2295 1134 2327 in
1159 2304 1241 2327 eum
1261 2292 1569 2338 pronunciatum:
1609 2303 1751 2332 aurum,

258 2343 360 2391 qnod
388 2345 524 2378 frustra
553 2344 715 2388 collegit,
740 2349 892 2390 propter
923 2342 1024 2390 quod
1053 2343 1161 2376 etiam
1195 2341 1374 2387 plurimos
1412 2339 1506 2373 same
1531 2343 1688 2381 necavit,
1714 2345 1752 2373 et

259 2393 384 2428 orbem
414 2393 533 2438 ipsum
558 2393 681 2426 effecit
696 2391 894 2433 desertum,
922 2390 1129 2424 manducet.
1181 2395 1340 2435 satrapas
1366 2389 1517 2434 insuper
1541 2400 1624 2422 eum
1650 2388 1754 2421 iniu-

259 2442 325 2476 riis
359 2452 587 2487 respersuros
625 2445 663 2474 et
688 2441 803 2486 sputis
832 2445 1137 2485 conspurcaturos
1163 2438 1273 2471 misit.
1341 2437 1539 2471 adductum
1565 2438 1675 2470 etiam
1703 2435 1753 2470 ob

261 2491 342 2524 eius
369 2490 496 2523 oculos
525 2487 730 2522 Merdasam
765 2489 842 2522 eius
868 2488 984 2521 filium
1001 2514 1011 2529 ‚
1037 2498 1144 2533 quem
1175 2497 1293 2532 nuper
1317 2497 1436 2532 regem
1465 2495 1640 2519 coronare
1666 2496 1754 2518 con-

262 2538 466 2578 siliabatur,
494 2536 700 2579 interfecit,
727 2541 765 2570 et
793 2536 956 2582 reliquos
984 2547 1111 2568 omnes
1142 2535 1220 2568 eius
1243 2533 1379 2567 liberos
1407 2533 1475 2567 sub
1492 2534 1571 2567 eius
1596 2543 1753 2578 conspe—-

263 2593 361 2621 ctum
387 2598 407 2620 e
434 2585 558 2620 medio
599 2585 772 2625 sustulit,
802 2595 947 2618 omnem
986 2583 1150 2630 (lenique
1189 2583 1267 2616 eius
1306 2582 1514 2623 inimicum,
1552 2582 1616 2627 qui
1641 2580 1752 2615 modo

262 2635 428 2676 iniuriis,
454 2633 668 2669 verberibus
698 2638 735 2666 et
763 2632 879 2678 sputis
905 2644 987 2666 eum
1018 2631 1222 2672 lacesseret,
1252 2630 1299 2664 ad
1325 2642 1406 2664 eum
1432 2629 1643 2663 destinavit.
1696 2628 1754 2662 his

265 2695 331 2729 per
357 2682 433 2716 dies
471 2683 635 2729 quinque
676 2682 716 2715 in
743 2681 842 2714 hunc
873 2680 1021 2714 modum
1060 2680 1294 2726 perpetratis,
1335 2679 1441 2712 iussit
1464 2678 1586 2712 Siroes
1610 2677 1754 2722 sagittis

265 2731 434 2765 confodi:
471 2736 583 2777 atque
611 2731 662 2763 ita
697 2730 829 2763 sensim
864 2740 931 2775 per
968 2729 1068 2763 lenta
1102 2734 1139 2762 et
1173 2738 1317 2762 morosa
1351 2731 1534 2761 tormenta
1557 2725 1753 2760 nefandam

265 2780 422 2813 animam
448 2778 642 2813 exhalavit.
692 2783 768 2812 tum
793 2788 879 2811 vero
907 2777 1028 2811 Sirotis
1054 2776 1150 2810 (latis
1178 2776 1225 2810 ad
1252 2775 1462 2809 Heraclium
1492 2774 1637 2815 litteris,
1666 2783 1752 2806 exe·-

267 2827 412 2862 erabilis
433 2826 607 2862 Chosrois
636 2837 762 2862 necem
785 2826 1001 2862 annunciat:
1030 2835 1193 2873 paceque
1222 2835 1306 2859 aere
1334 2829 1372 2859 et
1399 2823 1495 2858 ferro
1524 2821 1754 2857 diuturniore
