<?xml version="1.0" encoding="UTF-8"?>
<!DOCTYPE html PUBLIC "-//W3C//DTD XHTML 1.0 Transitional//EN"
    "http://www.w3.org/TR/xhtml1/DTD/xhtml1-transitional.dtd">
<html xmlns="http://www.w3.org/1999/xhtml" xml:lang="en" lang="en">
 <head>
  <title>
</title>
<meta http-equiv="Content-Type" content="text/html;charset=utf-8" />
  <meta name='ocr-system' content='tesseract 3.04.00' />
  <meta name='ocr-capabilities' content='ocr_page ocr_carea ocr_par ocr_line ocrx_word'/>
</head>
<body>
  <div class='ocr_page' id='page_1' title='image "./corpusscriptorum46niebuoft_0774.png"; bbox 0 0 1768 3106; ppageno 0'>
   <div class='ocr_carea' id='block_1_1' title="bbox 257 143 1179 217">
    <p class='ocr_par' dir='ltr' id='par_1_1' title="bbox 257 143 1179 217">
     <span class='ocr_line' id='line_1_1' title="bbox 257 143 1179 217; baseline -0.008 -7"><span class='ocrx_word' id='word_1_1' title='bbox 257 163 283 217; x_wconf 88' lang='lat'><strong>7</strong></span> <span class='ocrx_word' id='word_1_2' title='bbox 303 143 369 210; x_wconf 70' lang='lat'><strong>¹4</strong></span> <span class='ocrx_word' id='word_1_3' title='bbox 830 161 1179 204; x_wconf 76' lang='lat' dir='ltr'><strong>THEOPHANJS</strong></span> 
     </span>
    </p>
   </div>
   <div class='ocr_carea' id='block_1_2' title="bbox 31 260 1768 1680">
    <p class='ocr_par' dir='ltr' id='par_1_2' title="bbox 31 260 1768 1680">
     <span class='ocr_line' id='line_1_2' title="bbox 248 260 1738 323; baseline 0.003 -18"><span class='ocrx_word' id='word_1_4' title='bbox 248 260 380 315; x_wconf 86' lang='grc' dir='ltr'><strong><em>νόμον</em></strong></span> <span class='ocrx_word' id='word_1_5' title='bbox 422 262 496 317; x_wconf 73' lang='grc' dir='ltr'><strong>τῆς</strong></span> <span class='ocrx_word' id='word_1_6' title='bbox 538 262 760 318; x_wconf 75' lang='grc' dir='ltr'><strong><em>ἐκκλησίας</em></strong></span> <span class='ocrx_word' id='word_1_7' title='bbox 801 261 963 318; x_wconf 68' lang='grc' dir='ltr'><strong><em>αὐτοῦ,</em></strong></span> <span class='ocrx_word' id='word_1_8' title='bbox 1007 266 1083 306; x_wconf 80' lang='grc' dir='ltr'>καί</span> <span class='ocrx_word' id='word_1_9' title='bbox 1114 260 1191 307; x_wconf 87' lang='grc' dir='ltr'><strong>τὸν</strong></span> <span class='ocrx_word' id='word_1_10' title='bbox 1229 261 1465 320; x_wconf 69' lang='grc' dir='ltr'><strong><em>ἡγούμενον</em></strong></span> <span class='ocrx_word' id='word_1_11' title='bbox 1503 268 1584 309; x_wconf 85' lang='grc' dir='ltr'><strong>τοῦ</strong></span> <span class='ocrx_word' id='word_1_12' title='bbox 1613 263 1738 323; x_wconf 84' lang='grc' dir='ltr'><strong><em>ἇγιόυ</em></strong></span> 
     </span>
     <span class='ocr_line' id='line_1_3' title="bbox 248 325 1739 391; baseline 0.004 -19"><span class='ocrx_word' id='word_1_13' title='bbox 248 328 414 386; x_wconf 74' lang='grc' dir='ltr'><strong><em>Σάββα,</em></strong></span> <span class='ocrx_word' id='word_1_14' title='bbox 442 325 604 386; x_wconf 68' lang='grc' dir='ltr'><strong><em>ἄνδρας</em></strong></span> <span class='ocrx_word' id='word_1_15' title='bbox 633 330 805 383; x_wconf 87' lang='grc' dir='ltr'><strong><em>τιμίους</em></strong></span> <span class='ocrx_word' id='word_1_16' title='bbox 834 333 909 375; x_wconf 82' lang='grc' dir='ltr'><em>καί</em></span> <span class='ocrx_word' id='word_1_17' title='bbox 936 330 1051 389; x_wconf 83' lang='grc' dir='ltr'><strong><em>πάσῃ</em></strong></span> <span class='ocrx_word' id='word_1_18' title='bbox 1082 332 1217 391; x_wconf 80' lang='grc' dir='ltr'><strong><em>α’ρετῇ</em></strong></span> <span class='ocrx_word' id='word_1_19' title='bbox 1248 335 1600 389; x_wconf 81' lang='grc' dir='ltr'><strong><em>κεκοσμημένους.</em></strong></span> <span class='ocrx_word' id='word_1_20' title='bbox 1629 335 1739 379; x_wconf 74' lang='grc' dir='ltr'><strong><em>ἀπέ-</em></strong></span> 
     </span>
     <span class='ocr_line' id='line_1_4' title="bbox 246 397 1738 459; baseline 0.004 -19"><span class='ocrx_word' id='word_1_21' title='bbox 246 403 349 441; x_wconf 85' lang='grc' dir='ltr'><strong><em>λυσε</em></strong></span> <span class='ocrx_word' id='word_1_22' title='bbox 394 399 442 440; x_wconf 79' lang='grc' dir='ltr'><strong><em>δὲ</em></strong></span> <span class='ocrx_word' id='word_1_23' title='bbox 470 397 544 441; x_wconf 78' lang='grc' dir='ltr'><strong>καὶ</strong></span> <span class='ocrx_word' id='word_1_24' title='bbox 577 400 623 441; x_wconf 81' lang='grc' dir='ltr'><strong>ἑν</strong></span> <span class='ocrx_word' id='word_1_25' title='bbox 650 399 948 457; x_wconf 76' lang='grc' dir='ltr'><strong>Ἀλεξανδρείᾳ</strong></span> <span class='ocrx_word' id='word_1_26' title='bbox 991 399 1066 442; x_wconf 80' lang='grc' dir='ltr'><strong><em>καί</em></strong></span> <span class='ocrx_word' id='word_1_27' title='bbox 1101 399 1336 459; x_wconf 73' lang='grc' dir='ltr'><strong><em>Ἀντιοχείᾳ</em></strong></span> <span class='ocrx_word' id='word_1_28' title='bbox 1373 397 1402 456; x_wconf 76' lang='grc' dir='ltr'><em>ἥ</em></span> <span class='ocrx_word' id='word_1_29' title='bbox 1430 417 1476 443; x_wconf 88' lang='grc' dir='ltr'><strong>τε</strong></span> <span class='ocrx_word' id='word_1_30' title='bbox 1505 404 1738 457; x_wconf 77' lang='grc' dir='ltr'><strong><em>βασίλισσα</em></strong></span> 
     </span>
     <span class='ocr_line' id='line_1_5' title="bbox 246 462 1736 527; baseline 0.003 -19"><span class='ocrx_word' id='word_1_31' title='bbox 246 468 321 509; x_wconf 82' lang='grc' dir='ltr'><em>καί</em></span> <span class='ocrx_word' id='word_1_32' title='bbox 353 462 375 507; x_wconf 82' lang='grc' dir='ltr'>ὅ</span> <span class='ocrx_word' id='word_1_33' title='bbox 420 465 722 522; x_wconf 77' lang='grc' dir='ltr'><strong><em>πατριάρχης·</em></strong></span> <span class='ocrx_word' id='word_1_34' title='bbox 764 464 905 522; x_wconf 77' lang='grc' dir='ltr'><strong><em>α’κμὴν</em></strong></span> <span class='ocrx_word' id='word_1_35' title='bbox 936 466 1019 524; x_wconf 79' lang='grc' dir='ltr'><strong><em>γὰρ</em></strong></span> <span class='ocrx_word' id='word_1_36' title='bbox 1051 468 1078 524; x_wconf 77' lang='grc' dir='ltr'><em>ἦ</em></span> <span class='ocrx_word' id='word_1_37' title='bbox 1115 467 1218 524; x_wconf 87' lang='grc' dir='ltr'><strong><em>πρὸς</em></strong></span> <span class='ocrx_word' id='word_1_38' title='bbox 1247 465 1347 519; x_wconf 73' lang='grc' dir='ltr'><strong><em>τούς</em></strong></span> <span class='ocrx_word' id='word_1_39' title='bbox 1364 463 1563 526; x_wconf 69' lang='grc' dir='ltr'><strong><em>’Ἀραβας</em></strong></span> <span class='ocrx_word' id='word_1_40' title='bbox 1591 469 1736 527; x_wconf 79' lang='grc' dir='ltr'><strong><em>εἰρήνη</em></strong></span> 
     </span>
     <span class='ocr_line' id='line_1_6' title="bbox 111 527 1768 593; baseline 0.004 -18"><span class='ocrx_word' id='word_1_41' title='bbox 111 534 148 568; x_wconf 85' lang='grc' dir='ltr'><strong>Ρ·</strong></span> <span class='ocrx_word' id='word_1_42' title='bbox 162 534 234 580; x_wconf 85' lang='grc'><strong>389</strong></span> <span class='ocrx_word' id='word_1_43' title='bbox 246 535 324 576; x_wconf 79' lang='grc' dir='ltr'><strong><em>οιῖκ</em></strong></span> <span class='ocrx_word' id='word_1_44' title='bbox 354 527 406 590; x_wconf 73' lang='grc' dir='ltr'><strong>ἦν</strong></span> <span class='ocrx_word' id='word_1_45' title='bbox 437 536 708 576; x_wconf 77' lang='grc' dir='ltr'><strong><em>διαλυθεῖσα.</em></strong></span> <span class='ocrx_word' id='word_1_46' title='bbox 766 537 840 576; x_wconf 85' lang='grc' dir='ltr'><strong><em>καί</em></strong></span> <span class='ocrx_word' id='word_1_47' title='bbox 869 531 1049 591; x_wconf 73' lang='grc' dir='ltr'><strong><em>ἤνεγκαν</em></strong></span> <span class='ocrx_word' id='word_1_48' title='bbox 1077 537 1124 579; x_wconf 80' lang='grc' dir='ltr'><strong>ἐκ</strong></span> <span class='ocrx_word' id='word_1_49' title='bbox 1150 537 1230 590; x_wconf 86' lang='grc' dir='ltr'><strong>μὲν</strong></span> <span class='ocrx_word' id='word_1_50' title='bbox 1261 538 1336 591; x_wconf 85' lang='grc' dir='ltr'><strong>τῆς</strong></span> <span class='ocrx_word' id='word_1_51' title='bbox 1363 537 1623 593; x_wconf 78' lang='grc' dir='ltr'><strong><em>Ἀντιοχείας</em></strong></span> <span class='ocrx_word' id='word_1_52' title='bbox 1647 539 1768 586; x_wconf 80' lang='lat' dir='ltr'><strong>&#39;Im-5</strong></span> 
     </span>
     <span class='ocr_line' id='line_1_7' title="bbox 243 600 1737 663; baseline 0.002 -19"><span class='ocrx_word' id='word_1_53' title='bbox 243 600 372 658; x_wconf 77' lang='grc' dir='ltr'><strong><em>ἀννην</em></strong></span> <span class='ocrx_word' id='word_1_54' title='bbox 412 600 486 644; x_wconf 81' lang='grc' dir='ltr'><strong>τὸν</strong></span> <span class='ocrx_word' id='word_1_55' title='bbox 512 604 649 656; x_wconf 77' lang='grc' dir='ltr'><strong><em>μέγαν</em></strong></span> <span class='ocrx_word' id='word_1_56' title='bbox 691 603 766 643; x_wconf 85' lang='grc' dir='ltr'><em>καί</em></span> <span class='ocrx_word' id='word_1_57' title='bbox 811 601 1067 659; x_wconf 79' lang='grc' dir='ltr'><strong><em>περιβόητον</em></strong></span> <span class='ocrx_word' id='word_1_58' title='bbox 1106 601 1214 663; x_wconf 78' lang='grc' dir='ltr'><strong><em>ἔργῳ</em></strong></span> <span class='ocrx_word' id='word_1_59' title='bbox 1244 605 1319 646; x_wconf 83' lang='grc' dir='ltr'><em>καί</em></span> <span class='ocrx_word' id='word_1_60' title='bbox 1358 601 1468 663; x_wconf 80' lang='grc' dir='ltr'><strong><em>λόγῳ</em></strong></span> <span class='ocrx_word' id='word_1_61' title='bbox 1498 603 1737 662; x_wconf 75' lang='grc' dir='ltr'><strong><em>ἁγιωσύνης</em></strong></span> 
     </span>
     <span class='ocr_line' id='line_1_8' title="bbox 241 667 1737 727; baseline 0 -16"><span class='ocrx_word' id='word_1_62' title='bbox 241 672 477 725; x_wconf 81' lang='grc' dir='ltr'><strong><em>μετέχοντα</em></strong></span> <span class='ocrx_word' id='word_1_63' title='bbox 522 668 599 712; x_wconf 79' lang='grc' dir='ltr'><em>καί</em></span> <span class='ocrx_word' id='word_1_64' title='bbox 637 667 866 724; x_wconf 85' lang='grc' dir='ltr'><strong><em>σύγκελλον</em></strong></span> <span class='ocrx_word' id='word_1_65' title='bbox 902 673 979 713; x_wconf 82' lang='grc' dir='ltr'><strong>τοῦ</strong></span> <span class='ocrx_word' id='word_1_66' title='bbox 1021 668 1290 727; x_wconf 78' lang='grc' dir='ltr'><strong><em>πατριάρχου</em></strong></span> <span class='ocrx_word' id='word_1_67' title='bbox 1331 673 1590 727; x_wconf 81' lang='grc' dir='ltr'><strong><em>Ἀντιοχείας</em></strong></span> <span class='ocrx_word' id='word_1_68' title='bbox 1617 688 1737 727; x_wconf 85' lang='grc' dir='ltr'><strong><em>γεγο-</em></strong></span> 
     </span>
     <span class='ocr_line' id='line_1_9' title="bbox 241 735 1735 796; baseline 0.001 -16"><span class='ocrx_word' id='word_1_69' title='bbox 241 735 360 794; x_wconf 75' lang='lat' dir='ltr'><strong>mita,</strong></span> <span class='ocrx_word' id='word_1_70' title='bbox 405 738 480 780; x_wconf 83' lang='grc' dir='ltr'><strong><em>καί</em></strong></span> <span class='ocrx_word' id='word_1_71' title='bbox 520 738 682 792; x_wconf 78' lang='grc' dir='ltr'><strong><em>Θωμᾶν</em></strong></span> <span class='ocrx_word' id='word_1_72' title='bbox 723 737 1050 793; x_wconf 80' lang='grc' dir='ltr'><strong><em>Ἀλεξανδρείας</em></strong></span> <span class='ocrx_word' id='word_1_73' title='bbox 1092 737 1228 793; x_wconf 79' lang='grc' dir='ltr'><strong><em>ἄνδρα</em></strong></span> <span class='ocrx_word' id='word_1_74' title='bbox 1269 740 1459 796; x_wconf 80' lang='grc' dir='ltr'><strong><em>ζηλωτὴν</em></strong></span> <span class='ocrx_word' id='word_1_75' title='bbox 1503 742 1579 782; x_wconf 80' lang='grc' dir='ltr'><strong>καί</strong></span> <span class='ocrx_word' id='word_1_76' title='bbox 1605 739 1735 782; x_wconf 70' lang='grc' dir='ltr'><strong><em>εὐλα-</em></strong></span> 
     </span>
     <span class='ocr_line' id='line_1_10' title="bbox 241 802 1735 866; baseline 0.001 -18"><span class='ocrx_word' id='word_1_77' title='bbox 241 808 465 862; x_wconf 79' lang='grc' dir='ltr'><strong><em>βέστατον,</em></strong></span> <span class='ocrx_word' id='word_1_78' title='bbox 506 802 626 856; x_wconf 75' lang='grc' dir='ltr'><strong><em>ὅστις</em></strong></span> <span class='ocrx_word' id='word_1_79' title='bbox 664 806 741 847; x_wconf 83' lang='grc' dir='ltr'><em>καί</em></span> <span class='ocrx_word' id='word_1_80' title='bbox 779 806 1114 861; x_wconf 84' lang='grc' dir='ltr'><strong><em>α’ρχιεπίσκοπος</em></strong></span> <span class='ocrx_word' id='word_1_81' title='bbox 1150 808 1227 863; x_wconf 85' lang='grc' dir='ltr'><strong>τῆς</strong></span> <span class='ocrx_word' id='word_1_82' title='bbox 1257 808 1302 850; x_wconf 76' lang='grc' dir='ltr'><strong>ἐν</strong></span> <span class='ocrx_word' id='word_1_83' title='bbox 1327 809 1388 866; x_wconf 72' lang='grc' dir='ltr'><strong>τῷ</strong></span> <span class='ocrx_word' id='word_1_84' title='bbox 1412 807 1630 866; x_wconf 71' lang='grc' dir='ltr'><strong><em>Ἰλλυρικῷ</em></strong></span> <span class='ocrx_word' id='word_1_85' title='bbox 1657 823 1735 862; x_wconf 84' lang='grc' dir='ltr'><strong>με·</strong></span> 
     </span>
     <span class='ocr_line' id='line_1_11' title="bbox 203 870 1765 932; baseline 0.003 -17"><span class='ocrx_word' id='word_1_86' title='bbox 203 873 507 929; x_wconf 83' lang='grc' dir='ltr'><strong><em>Βγαλοπόλεως</em></strong></span> <span class='ocrx_word' id='word_1_87' title='bbox 539 874 855 929; x_wconf 86' lang='grc' dir='ltr'><strong><em>Θεσσαλονίκης</em></strong></span> <span class='ocrx_word' id='word_1_88' title='bbox 879 870 1102 929; x_wconf 86' lang='grc' dir='ltr'><strong><em>γενόμενος</em></strong></span> <span class='ocrx_word' id='word_1_89' title='bbox 1130 876 1376 932; x_wconf 77' lang='grc' dir='ltr'><strong><em>διέπρεψεν.</em></strong></span> <span class='ocrx_word' id='word_1_90' title='bbox 1751 899 1765 925; x_wconf 86' lang='lat'>1</span> 
     </span>
     <span class='ocr_line' id='line_1_12' title="bbox 31 939 1215 998; baseline 0.008 -21"><span class='ocrx_word' id='word_1_91' title='bbox 31 943 228 993; x_wconf 74' lang='lat' dir='ltr'><strong>A.M.6278</strong></span> <span class='ocrx_word' id='word_1_92' title='bbox 352 939 551 996; x_wconf 82' lang='grc' dir='ltr'><strong><em>Ἀράβων</em></strong></span> <span class='ocrx_word' id='word_1_93' title='bbox 583 943 779 998; x_wconf 81' lang='grc' dir='ltr'><strong><em>α’ρχηγοῦ</em></strong></span> <span class='ocrx_word' id='word_1_94' title='bbox 811 941 977 998; x_wconf 82' lang='grc' dir='ltr'><strong><em>Ἀαρών</em></strong></span> <span class='ocrx_word' id='word_1_95' title='bbox 1005 940 1094 993; x_wconf 80' lang='grc' dir='ltr'><strong><em>ἔτος</em></strong></span> <span class='ocrx_word' id='word_1_96' title='bbox 1123 941 1174 986; x_wconf 86' lang='grc' dir='ltr'><strong><em>α’.</em></strong></span> <span class='ocrx_word' id='word_1_97' title='bbox 1212 986 1215 987; x_wconf 19' lang='lat'><em>⁷</em></span> 
     </span>
     <span class='ocr_line' id='line_1_13' title="bbox 358 1005 1733 1068; baseline 0.001 -16"><span class='ocrx_word' id='word_1_98' title='bbox 358 1005 507 1067; x_wconf 80' lang='grc' dir='ltr'><strong><em>Τούτῳ</em></strong></span> <span class='ocrx_word' id='word_1_99' title='bbox 538 1011 597 1068; x_wconf 71' lang='grc' dir='ltr'><strong>τῷ</strong></span> <span class='ocrx_word' id='word_1_100' title='bbox 636 1007 723 1052; x_wconf 77' lang='grc' dir='ltr'><strong><em>ἔτει</em></strong></span> <span class='ocrx_word' id='word_1_101' title='bbox 751 1011 923 1065; x_wconf 82' lang='grc' dir='ltr'><strong><em>Μωσῆς</em></strong></span> <span class='ocrx_word' id='word_1_102' title='bbox 962 1008 983 1052; x_wconf 82' lang='grc' dir='ltr'>ὅ</span> <span class='ocrx_word' id='word_1_103' title='bbox 1014 1012 1100 1053; x_wconf 78' lang='grc' dir='ltr'><strong>τῶν</strong></span> <span class='ocrx_word' id='word_1_104' title='bbox 1129 1011 1325 1067; x_wconf 78' lang='grc' dir='ltr'><strong><em>Ἀράβων</em></strong></span> <span class='ocrx_word' id='word_1_105' title='bbox 1357 1010 1549 1067; x_wconf 86' lang='grc' dir='ltr'><strong><em>α’ρχηγὸς</em></strong></span> <span class='ocrx_word' id='word_1_106' title='bbox 1580 1013 1733 1067; x_wconf 77' lang='grc' dir='ltr'><strong><em>τέθνη-</em></strong></span> 
     </span>
     <span class='ocr_line' id='line_1_14' title="bbox 238 1074 1732 1135; baseline 0.001 -16"><span class='ocrx_word' id='word_1_107' title='bbox 238 1093 337 1134; x_wconf 76' lang='grc' dir='ltr'><strong><em>κεν,</em></strong></span> <span class='ocrx_word' id='word_1_108' title='bbox 367 1078 440 1119; x_wconf 84' lang='grc' dir='ltr'>καί</span> <span class='ocrx_word' id='word_1_109' title='bbox 469 1077 698 1133; x_wconf 78' lang='grc' dir='ltr'><strong><em>ἐκράτησεν</em></strong></span> <span class='ocrx_word' id='word_1_110' title='bbox 729 1075 897 1134; x_wconf 78' lang='grc' dir='ltr'><strong><em>Ἀαρών</em></strong></span> <span class='ocrx_word' id='word_1_111' title='bbox 939 1077 962 1120; x_wconf 79' lang='grc' dir='ltr'>ὁ</span> <span class='ocrx_word' id='word_1_112' title='bbox 992 1074 1182 1135; x_wconf 82' lang='grc' dir='ltr'><strong><em>άδελφὸς</em></strong></span> <span class='ocrx_word' id='word_1_113' title='bbox 1208 1080 1347 1121; x_wconf 69' lang='grc' dir='ltr'><strong><em>αὐτοῦ</em></strong></span> <span class='ocrx_word' id='word_1_114' title='bbox 1375 1075 1467 1122; x_wconf 75' lang='grc' dir='ltr'><strong><em>ἀντ’</em></strong></span> <span class='ocrx_word' id='word_1_115' title='bbox 1493 1080 1627 1122; x_wconf 65' lang='grc' dir='ltr'><strong><em>αὐτοῦ</em></strong></span> <span class='ocrx_word' id='word_1_116' title='bbox 1655 1079 1732 1134; x_wconf 71' lang='grc' dir='ltr'><strong>τήν</strong></span> 
     </span>
     <span class='ocr_line' id='line_1_15' title="bbox 238 1142 1732 1205; baseline 0.001 -18"><span class='ocrx_word' id='word_1_117' title='bbox 238 1145 401 1200; x_wconf 75' lang='grc' dir='ltr'><strong><em>α’ρχήν·</em></strong></span> <span class='ocrx_word' id='word_1_118' title='bbox 461 1142 506 1195; x_wconf 84' lang='grc' dir='ltr'><strong><em>ὃς</em></strong></span> <span class='ocrx_word' id='word_1_119' title='bbox 536 1145 610 1188; x_wconf 86' lang='grc' dir='ltr'><em>καί</em></span> <span class='ocrx_word' id='word_1_120' title='bbox 629 1143 764 1186; x_wconf 78' lang='grc' dir='ltr'><strong><em>πολλοὶ</em></strong></span> <span class='ocrx_word' id='word_1_121' title='bbox 798 1142 905 1188; x_wconf 76' lang='grc' dir='ltr'><strong><em>κακὰ</em></strong></span> <span class='ocrx_word' id='word_1_122' title='bbox 934 1151 1022 1195; x_wconf 83' lang='grc' dir='ltr'><strong><em>τοῖς</em></strong></span> <span class='ocrx_word' id='word_1_123' title='bbox 1049 1148 1327 1202; x_wconf 86' lang='grc' dir='ltr'><strong><em>Χριστιανοῖς</em></strong></span> <span class='ocrx_word' id='word_1_124' title='bbox 1359 1147 1611 1199; x_wconf 75' lang='grc' dir='ltr'><strong><em>ἐνεδείξατο.</em></strong></span> <span class='ocrx_word' id='word_1_125' title='bbox 1670 1147 1732 1205; x_wconf 71' lang='grc' dir='ltr'><strong>τῷ</strong></span> 
     </span>
     <span class='ocr_line' id='line_1_16' title="bbox 237 1208 1762 1271; baseline 0.002 -15"><span class='ocrx_word' id='word_1_126' title='bbox 237 1214 275 1256; x_wconf 85' lang='grc' dir='ltr'><strong><em>δ’</em></strong></span> <span class='ocrx_word' id='word_1_127' title='bbox 302 1212 419 1271; x_wconf 70' lang='grc' dir='ltr'><strong><em>αὐτῷ</em></strong></span> <span class='ocrx_word' id='word_1_128' title='bbox 445 1211 546 1257; x_wconf 76' lang='grc' dir='ltr'><strong><em>ἔτει,</em></strong></span> <span class='ocrx_word' id='word_1_129' title='bbox 572 1208 893 1262; x_wconf 75' lang='grc' dir='ltr'><strong><em>ἀποστείλαντες</em></strong></span> <span class='ocrx_word' id='word_1_130' title='bbox 930 1212 970 1255; x_wconf 81' lang='grc' dir='ltr'><strong><em>οἱ</em></strong></span> <span class='ocrx_word' id='word_1_131' title='bbox 1003 1216 1594 1270; x_wconf 70' lang='grc' dir='ltr'><strong><em>βασιλεῖς-προσεκαλέσαντο</em></strong></span> <span class='ocrx_word' id='word_1_132' title='bbox 1611 1214 1729 1258; x_wconf 75' lang='grc' dir='ltr'><strong><em>’πάν-</em></strong></span> <span class='ocrx_word' id='word_1_133' title='bbox 1747 1231 1762 1259; x_wconf 86' lang='lat'>1</span> 
     </span>
     <span class='ocr_line' id='line_1_17' title="bbox 236 1277 1731 1339; baseline 0.001 -15"><span class='ocrx_word' id='word_1_134' title='bbox 236 1297 315 1331; x_wconf 88' lang='grc' dir='ltr'><strong>τας</strong></span> <span class='ocrx_word' id='word_1_135' title='bbox 345 1279 445 1331; x_wconf 83' lang='grc' dir='ltr'><strong><em>τούς</em></strong></span> <span class='ocrx_word' id='word_1_136' title='bbox 473 1277 556 1322; x_wconf 71' lang='grc' dir='ltr'><strong>ὑπὸ</strong></span> <span class='ocrx_word' id='word_1_137' title='bbox 583 1279 659 1336; x_wconf 80' lang='grc' dir='ltr'><strong>την</strong></span> <span class='ocrx_word' id='word_1_138' title='bbox 683 1281 881 1332; x_wconf 77' lang='grc' dir='ltr'><strong><em>ἐξουσίαν</em></strong></span> <span class='ocrx_word' id='word_1_139' title='bbox 905 1282 1049 1324; x_wconf 72' lang='grc' dir='ltr'><strong><em>αὐτῶν</em></strong></span> <span class='ocrx_word' id='word_1_140' title='bbox 1088 1280 1367 1339; x_wconf 83' lang='grc' dir='ltr'><strong><em>ἐπισκόπους,</em></strong></span> <span class='ocrx_word' id='word_1_141' title='bbox 1405 1282 1731 1338; x_wconf 85' lang='grc' dir='ltr'><strong><em>καταλαβόντων</em></strong></span> 
     </span>
     <span class='ocr_line' id='line_1_18' title="bbox 234 1346 1732 1407; baseline 0.001 -17"><span class='ocrx_word' id='word_1_142' title='bbox 234 1349 311 1392; x_wconf 76' lang='grc' dir='ltr'><strong>καί</strong></span> <span class='ocrx_word' id='word_1_143' title='bbox 341 1351 428 1392; x_wconf 76' lang='grc' dir='ltr'><strong>τῶν</strong></span> <span class='ocrx_word' id='word_1_144' title='bbox 457 1348 541 1391; x_wconf 82' lang='grc' dir='ltr'><strong>άπὸ</strong></span> <span class='ocrx_word' id='word_1_145' title='bbox 575 1349 651 1405; x_wconf 83' lang='grc' dir='ltr'><strong>τῆς</strong></span> <span class='ocrx_word' id='word_1_146' title='bbox 674 1346 842 1405; x_wconf 79' lang='grc' dir='ltr'><strong><em>Ῥώμης</em></strong></span> <span class='ocrx_word' id='word_1_147' title='bbox 869 1351 1158 1407; x_wconf 81' lang='grc' dir='ltr'><strong><em>πεμφθέντων</em></strong></span> <span class='ocrx_word' id='word_1_148' title='bbox 1186 1348 1271 1392; x_wconf 76' lang='grc' dir='ltr'><strong>ὑπὸ</strong></span> <span class='ocrx_word' id='word_1_149' title='bbox 1301 1352 1379 1393; x_wconf 81' lang='grc' dir='ltr'><strong>τοῦ</strong></span> <span class='ocrx_word' id='word_1_150' title='bbox 1408 1348 1527 1393; x_wconf 75' lang='lat' dir='ltr'><strong>noina</strong></span> <span class='ocrx_word' id='word_1_151' title='bbox 1553 1350 1732 1406; x_wconf 73' lang='grc' dir='ltr'><strong><em>Ἀδρια·</em></strong></span> 
     </span>
     <span class='ocr_line' id='line_1_19' title="bbox 232 1412 1730 1476; baseline 0.001 -18"><span class='ocrx_word' id='word_1_152' title='bbox 232 1419 311 1459; x_wconf 81' lang='grc' dir='ltr'><strong>νοῦ</strong></span> <span class='ocrx_word' id='word_1_153' title='bbox 338 1415 604 1474; x_wconf 78' lang='grc' dir='ltr'><strong><em>γραμμάτων</em></strong></span> <span class='ocrx_word' id='word_1_154' title='bbox 632 1432 679 1459; x_wconf 89' lang='grc' dir='ltr'><strong>τε</strong></span> <span class='ocrx_word' id='word_1_155' title='bbox 721 1419 798 1460; x_wconf 79' lang='grc' dir='ltr'><strong>καὶ</strong></span> <span class='ocrx_word' id='word_1_156' title='bbox 835 1412 1103 1474; x_wconf 75' lang='grc' dir='ltr'><strong><em>άνθριόπων,</em></strong></span> <span class='ocrx_word' id='word_1_157' title='bbox 1152 1418 1212 1468; x_wconf 77' lang='grc' dir='ltr'><strong><em>ὥς</em></strong></span> <span class='ocrx_word' id='word_1_158' title='bbox 1239 1420 1513 1476; x_wconf 84' lang='grc' dir='ltr'><strong><em>προὲφημεν,</em></strong></span> <span class='ocrx_word' id='word_1_159' title='bbox 1553 1421 1730 1462; x_wconf 74' lang='grc' dir='ltr'><strong><em>καὶτοῦ</em></strong></span> 
     </span>
     <span class='ocr_line' id='line_1_20' title="bbox 236 1483 1727 1545; baseline 0 -17"><span class='ocrx_word' id='word_1_160' title='bbox 236 1483 497 1539; x_wconf 83' lang='grc' dir='ltr'><strong><em>Ἀντιοχείας</em></strong></span> <span class='ocrx_word' id='word_1_161' title='bbox 540 1485 616 1527; x_wconf 82' lang='grc' dir='ltr'>καί</span> <span class='ocrx_word' id='word_1_162' title='bbox 645 1485 991 1542; x_wconf 80' lang='grc' dir='ltr'><strong><em>Ἀλεξανδρείας.</em></strong></span> <span class='ocrx_word' id='word_1_163' title='bbox 1065 1489 1141 1529; x_wconf 77' lang='grc' dir='ltr'><strong>καί</strong></span> <span class='ocrx_word' id='word_1_164' title='bbox 1165 1488 1219 1545; x_wconf 81' lang='grc' dir='ltr'><strong>τῇ</strong></span> <span class='ocrx_word' id='word_1_165' title='bbox 1259 1485 1310 1540; x_wconf 88' lang='grc' dir='ltr'><strong><em>ιζ’</em></strong></span> <span class='ocrx_word' id='word_1_166' title='bbox 1350 1489 1430 1530; x_wconf 79' lang='grc' dir='ltr'><strong>τοῦ</strong></span> <span class='ocrx_word' id='word_1_167' title='bbox 1465 1487 1727 1542; x_wconf 76' lang='grc' dir='ltr'><strong><em>Αὐγούστου</em></strong></span> 
     </span>
     <span class='ocr_line' id='line_1_21' title="bbox 233 1550 1768 1614; baseline 0.003 -21"><span class='ocrx_word' id='word_1_168' title='bbox 233 1550 371 1608; x_wconf 81' lang='grc' dir='ltr'><strong><em>μηνὸς</em></strong></span> <span class='ocrx_word' id='word_1_169' title='bbox 395 1554 473 1608; x_wconf 81' lang='grc' dir='ltr'><strong>τῆς</strong></span> <span class='ocrx_word' id='word_1_170' title='bbox 503 1553 545 1594; x_wconf 78' lang='grc' dir='ltr'><strong>θ’</strong></span> <span class='ocrx_word' id='word_1_171' title='bbox 577 1553 838 1603; x_wconf 77' lang='grc' dir='ltr'><strong><em>ἰνδικτιῶνος</em></strong></span> <span class='ocrx_word' id='word_1_172' title='bbox 854 1552 1198 1610; x_wconf 76' lang='grc' dir='ltr'><strong><em>προκαθίσαντες</em></strong></span> <span class='ocrx_word' id='word_1_173' title='bbox 1219 1556 1265 1598; x_wconf 80' lang='grc' dir='ltr'><strong>ἐν</strong></span> <span class='ocrx_word' id='word_1_174' title='bbox 1285 1556 1345 1613; x_wconf 77' lang='grc' dir='ltr'><strong>τῷ</strong></span> <span class='ocrx_word' id='word_1_175' title='bbox 1362 1556 1452 1614; x_wconf 73' lang='grc' dir='ltr'><strong>ναῷ</strong></span> <span class='ocrx_word' id='word_1_176' title='bbox 1481 1556 1567 1597; x_wconf 75' lang='grc' dir='ltr'><strong>τῶν</strong></span> <span class='ocrx_word' id='word_1_177' title='bbox 1593 1554 1726 1609; x_wconf 81' lang='grc' dir='ltr'><strong><em>ἁγίων</em></strong></span> <span class='ocrx_word' id='word_1_178' title='bbox 1740 1571 1768 1597; x_wconf 71' lang='lat'><em>2</em></span> 
     </span>
     <span class='ocr_line' id='line_1_22' title="bbox 194 1617 1726 1680; baseline 0.002 -18"><span class='ocrx_word' id='word_1_179' title='bbox 194 1617 483 1663; x_wconf 76' lang='grc' dir='ltr'><strong><em>Οοῖποστόλων</em></strong></span> <span class='ocrx_word' id='word_1_180' title='bbox 522 1622 568 1663; x_wconf 82' lang='grc' dir='ltr'><strong>ἑν</strong></span> <span class='ocrx_word' id='word_1_181' title='bbox 595 1621 650 1679; x_wconf 83' lang='grc' dir='ltr'><strong>τῇ</strong></span> <span class='ocrx_word' id='word_1_182' title='bbox 686 1623 881 1676; x_wconf 84' lang='grc' dir='ltr'><strong><em>βασιλίδι</em></strong></span> <span class='ocrx_word' id='word_1_183' title='bbox 912 1620 1047 1679; x_wconf 75' lang='grc' dir='ltr'><strong><em>πόλει,</em></strong></span> <span class='ocrx_word' id='word_1_184' title='bbox 1087 1617 1265 1680; x_wconf 76' lang='grc' dir='ltr'><strong><em>ἤρξαντο</em></strong></span> <span class='ocrx_word' id='word_1_185' title='bbox 1294 1623 1374 1672; x_wconf 82' lang='grc' dir='ltr'><strong>τὰς</strong></span> <span class='ocrx_word' id='word_1_186' title='bbox 1400 1622 1525 1679; x_wconf 74' lang='grc' dir='ltr'><strong><em>ἁγίας</em></strong></span> <span class='ocrx_word' id='word_1_187' title='bbox 1553 1620 1726 1680; x_wconf 72' lang='grc' dir='ltr'><strong><em>γραφάς</em></strong></span> 
     </span>
    </p>
   </div>
   <div class='ocr_carea' id='block_1_3' title="bbox 326 1756 1724 1856">
    <p class='ocr_par' dir='ltr' id='par_1_3' title="bbox 326 1756 1724 1856">
     <span class='ocr_line' id='line_1_23' title="bbox 329 1756 1724 1807; baseline 0 -15"><span class='ocrx_word' id='word_1_188' title='bbox 329 1769 362 1792; x_wconf 85' lang='lat'><strong>2.</strong></span> <span class='ocrx_word' id='word_1_189' title='bbox 391 1756 608 1794; x_wconf 71' lang='grc' dir='ltr'><strong><em>ἀπέστειλεν</em></strong></span> <span class='ocrx_word' id='word_1_190' title='bbox 631 1759 673 1792; x_wconf 84' lang='grc' dir='ltr'><strong>Δ.</strong></span> <span class='ocrx_word' id='word_1_191' title='bbox 774 1759 809 1797; x_wconf 75' lang='grc'><strong>5.</strong></span> <span class='ocrx_word' id='word_1_192' title='bbox 837 1760 997 1794; x_wconf 76' lang='grc' dir='ltr'><strong><em>λυθεῖσα</em></strong></span> <span class='ocrx_word' id='word_1_193' title='bbox 1022 1760 1063 1793; x_wconf 85' lang='grc' dir='ltr'><strong>Α.</strong></span> <span class='ocrx_word' id='word_1_194' title='bbox 1158 1770 1194 1804; x_wconf 88' lang='grc'><strong>9.</strong></span> <span class='ocrx_word' id='word_1_195' title='bbox 1221 1759 1287 1805; x_wconf 75' lang='grc' dir='ltr'><strong>τῆς</strong></span> <span class='ocrx_word' id='word_1_196' title='bbox 1313 1759 1395 1793; x_wconf 87' lang='lat' dir='ltr'><strong>add.</strong></span> <span class='ocrx_word' id='word_1_197' title='bbox 1421 1771 1466 1793; x_wconf 85' lang='lat' dir='ltr'><strong>ex</strong></span> <span class='ocrx_word' id='word_1_198' title='bbox 1493 1760 1534 1792; x_wconf 84' lang='lat' dir='ltr'><strong>A.</strong></span> <span class='ocrx_word' id='word_1_199' title='bbox 1656 1770 1724 1807; x_wconf 75' lang='grc' dir='ltr'><strong>με-</strong></span> 
     </span>
     <span class='ocr_line' id='line_1_24' title="bbox 326 1806 1560 1856; baseline -0.002 -14"><span class='ocrx_word' id='word_1_200' title='bbox 326 1806 444 1855; x_wconf 78' lang='grc' dir='ltr'><strong><em>γάλης</em></strong></span> <span class='ocrx_word' id='word_1_201' title='bbox 468 1806 614 1846; x_wconf 82' lang='grc' dir='ltr'><strong><em>πόλεως</em></strong></span> <span class='ocrx_word' id='word_1_202' title='bbox 637 1807 678 1841; x_wconf 85' lang='grc' dir='ltr'><strong>Α.</strong></span> <span class='ocrx_word' id='word_1_203' title='bbox 784 1807 836 1842; x_wconf 87' lang='lat'><strong>15.</strong></span> <span class='ocrx_word' id='word_1_204' title='bbox 860 1807 1010 1848; x_wconf 85' lang='grc' dir='ltr'><strong><em>πάντας</em></strong></span> <span class='ocrx_word' id='word_1_205' title='bbox 1037 1819 1108 1843; x_wconf 86' lang='lat' dir='ltr'><strong>om.</strong></span> <span class='ocrx_word' id='word_1_206' title='bbox 1135 1808 1177 1842; x_wconf 82' lang='lat' dir='ltr'><strong>A.</strong></span> <span class='ocrx_word' id='word_1_207' title='bbox 1281 1819 1334 1855; x_wconf 88' lang='lat'><strong>¹9·</strong></span> <span class='ocrx_word' id='word_1_208' title='bbox 1365 1806 1435 1856; x_wconf 88' lang='grc' dir='ltr'><strong><em>ιζ’]</em></strong></span> <span class='ocrx_word' id='word_1_209' title='bbox 1466 1807 1491 1849; x_wconf 81' lang='grc' dir='ltr'><strong><em>ζ</em></strong></span> <span class='ocrx_word' id='word_1_210' title='bbox 1519 1806 1560 1841; x_wconf 85' lang='grc' dir='ltr'><strong>Α.</strong></span> 
     </span>
    </p>
   </div>
   <div class='ocr_carea' id='block_1_4' title="bbox 229 1934 1723 2415">
    <p class='ocr_par' dir='ltr' id='par_1_4' title="bbox 229 1934 1723 2415">
     <span class='ocr_line' id='line_1_25' title="bbox 232 1934 1722 1982; baseline -0.001 -13"><span class='ocrx_word' id='word_1_211' title='bbox 232 1934 413 1977; x_wconf 89' lang='lat' dir='ltr'><strong>homines,</strong></span> <span class='ocrx_word' id='word_1_212' title='bbox 439 1935 503 1982; x_wconf 88' lang='lat' dir='ltr'><strong>qui</strong></span> <span class='ocrx_word' id='word_1_213' title='bbox 531 1935 687 1969; x_wconf 87' lang='lat' dir='ltr'><strong>concilio</strong></span> <span class='ocrx_word' id='word_1_214' title='bbox 723 1935 916 1978; x_wconf 86' lang='lat' dir='ltr'><strong>adessent,</strong></span> <span class='ocrx_word' id='word_1_215' title='bbox 943 1936 1142 1982; x_wconf 82' lang='lat' dir='ltr'><strong>delegaret.</strong></span> <span class='ocrx_word' id='word_1_216' title='bbox 1192 1947 1287 1982; x_wconf 83' lang='lat' dir='ltr'><strong>papa</strong></span> <span class='ocrx_word' id='word_1_217' title='bbox 1311 1947 1397 1970; x_wconf 88' lang='lat' dir='ltr'><strong>vero</strong></span> <span class='ocrx_word' id='word_1_218' title='bbox 1423 1935 1578 1976; x_wconf 86' lang='lat' dir='ltr'><strong>Petrum,</strong></span> <span class='ocrx_word' id='word_1_219' title='bbox 1604 1935 1722 1968; x_wconf 87' lang='lat' dir='ltr'><strong>eccle-</strong></span> 
     </span>
     <span class='ocr_line' id='line_1_26' title="bbox 231 1983 1722 2030; baseline -0.001 -14"><span class='ocrx_word' id='word_1_220' title='bbox 231 1984 308 2016; x_wconf 82' lang='lat' dir='ltr'><strong>siae</strong></span> <span class='ocrx_word' id='word_1_221' title='bbox 334 1995 419 2017; x_wconf 88' lang='lat' dir='ltr'><strong>suae</strong></span> <span class='ocrx_word' id='word_1_222' title='bbox 446 1994 697 2026; x_wconf 88' lang='lat' dir='ltr'><strong>oeconomum,</strong></span> <span class='ocrx_word' id='word_1_223' title='bbox 731 1989 768 2017; x_wconf 90' lang='lat' dir='ltr'><strong>et</strong></span> <span class='ocrx_word' id='word_1_224' title='bbox 803 1985 1019 2018; x_wconf 82' lang='lat' dir='ltr'><strong>monasterii</strong></span> <span class='ocrx_word' id='word_1_225' title='bbox 1053 1985 1169 2018; x_wconf 85' lang='lat' dir='ltr'><strong>sancti</strong></span> <span class='ocrx_word' id='word_1_226' title='bbox 1198 1984 1315 2019; x_wconf 82' lang='lat' dir='ltr'><strong>Sabae</strong></span> <span class='ocrx_word' id='word_1_227' title='bbox 1343 1983 1603 2030; x_wconf 84' lang='lat' dir='ltr'><strong>praepositum,</strong></span> <span class='ocrx_word' id='word_1_228' title='bbox 1624 1983 1722 2016; x_wconf 85' lang='lat' dir='ltr'><strong>viros</strong></span> 
     </span>
     <span class='ocr_line' id='line_1_27' title="bbox 230 2030 1723 2078; baseline -0.001 -14"><span class='ocrx_word' id='word_1_229' title='bbox 230 2030 373 2065; x_wconf 87' lang='lat' dir='ltr'><strong>honore</strong></span> <span class='ocrx_word' id='word_1_230' title='bbox 397 2033 615 2078; x_wconf 85' lang='lat' dir='ltr'><strong>praecipuos</strong></span> <span class='ocrx_word' id='word_1_231' title='bbox 642 2037 680 2066; x_wconf 87' lang='lat' dir='ltr'><strong>et</strong></span> <span class='ocrx_word' id='word_1_232' title='bbox 705 2032 805 2066; x_wconf 84' lang='lat' dir='ltr'><strong>omni</strong></span> <span class='ocrx_word' id='word_1_233' title='bbox 830 2033 1004 2067; x_wconf 86' lang='lat' dir='ltr'><strong>virtutum</strong></span> <span class='ocrx_word' id='word_1_234' title='bbox 1040 2033 1140 2066; x_wconf 89' lang='lat' dir='ltr'><strong>cultu</strong></span> <span class='ocrx_word' id='word_1_235' title='bbox 1173 2038 1343 2074; x_wconf 87' lang='lat' dir='ltr'><strong>ornatos,</strong></span> <span class='ocrx_word' id='word_1_236' title='bbox 1370 2031 1581 2066; x_wconf 89' lang='lat' dir='ltr'><strong>destinavit.</strong></span> <span class='ocrx_word' id='word_1_237' title='bbox 1630 2031 1723 2064; x_wconf 89' lang='lat' dir='ltr'><strong>Ale-</strong></span> 
     </span>
     <span class='ocr_line' id='line_1_28' title="bbox 229 2078 1720 2127; baseline -0.001 -14"><span class='ocrx_word' id='word_1_238' title='bbox 229 2079 405 2114; x_wconf 81' lang='lat' dir='ltr'><strong>xandriae</strong></span> <span class='ocrx_word' id='word_1_239' title='bbox 431 2092 579 2127; x_wconf 86' lang='lat' dir='ltr'><strong>quoque</strong></span> <span class='ocrx_word' id='word_1_240' title='bbox 597 2086 635 2114; x_wconf 88' lang='lat' dir='ltr'><strong>et</strong></span> <span class='ocrx_word' id='word_1_241' title='bbox 652 2080 868 2114; x_wconf 77' lang='lat' dir='ltr'><strong>Antiochiae</strong></span> <span class='ocrx_word' id='word_1_242' title='bbox 893 2081 1078 2126; x_wconf 80' lang='lat' dir='ltr'><strong>praesules</strong></span> <span class='ocrx_word' id='word_1_243' title='bbox 1098 2081 1310 2126; x_wconf 80' lang='lat' dir='ltr'><strong>imperatrix</strong></span> <span class='ocrx_word' id='word_1_244' title='bbox 1337 2085 1374 2114; x_wconf 91' lang='lat' dir='ltr'><strong>et</strong></span> <span class='ocrx_word' id='word_1_245' title='bbox 1396 2078 1599 2125; x_wconf 84' lang='lat' dir='ltr'><strong>patriarcha</strong></span> <span class='ocrx_word' id='word_1_246' title='bbox 1622 2091 1720 2112; x_wconf 88' lang='lat' dir='ltr'><strong>nun-</strong></span> 
     </span>
     <span class='ocr_line' id='line_1_29' title="bbox 229 2127 1719 2175; baseline 0 -15"><span class='ocrx_word' id='word_1_247' title='bbox 229 2127 294 2161; x_wconf 85' lang='lat' dir='ltr'><strong>ciis</strong></span> <span class='ocrx_word' id='word_1_248' title='bbox 311 2128 383 2161; x_wconf 78' lang='lat' dir='ltr'><strong>suis</strong></span> <span class='ocrx_word' id='word_1_249' title='bbox 409 2129 650 2163; x_wconf 87' lang='lat' dir='ltr'><strong>advocavere:</strong></span> <span class='ocrx_word' id='word_1_250' title='bbox 677 2128 840 2162; x_wconf 89' lang='lat' dir='ltr'><strong>nondum</strong></span> <span class='ocrx_word' id='word_1_251' title='bbox 859 2130 954 2162; x_wconf 90' lang='lat' dir='ltr'><strong>enim</strong></span> <span class='ocrx_word' id='word_1_252' title='bbox 972 2141 1044 2175; x_wconf 68' lang='lat' dir='ltr'><strong>pax</strong></span> <span class='ocrx_word' id='word_1_253' title='bbox 1068 2141 1148 2162; x_wconf 84' lang='lat' dir='ltr'><strong>cum</strong></span> <span class='ocrx_word' id='word_1_254' title='bbox 1165 2128 1346 2163; x_wconf 85' lang='lat' dir='ltr'><strong>Arabibus</strong></span> <span class='ocrx_word' id='word_1_255' title='bbox 1370 2127 1444 2162; x_wconf 87' lang='lat' dir='ltr'><strong>icta</strong></span> <span class='ocrx_word' id='word_1_256' title='bbox 1462 2128 1719 2173; x_wconf 77' lang='lat' dir='ltr'><strong>exspiraverat.</strong></span> 
     </span>
     <span class='ocr_line' id='line_1_30' title="bbox 230 2175 1719 2223; baseline -0.001 -14"><span class='ocrx_word' id='word_1_257' title='bbox 230 2182 269 2210; x_wconf 85' lang='lat' dir='ltr'><strong>et</strong></span> <span class='ocrx_word' id='word_1_258' title='bbox 294 2177 489 2211; x_wconf 84' lang='lat' dir='ltr'><strong>Antiochia</strong></span> <span class='ocrx_word' id='word_1_259' title='bbox 515 2177 664 2223; x_wconf 86' lang='lat' dir='ltr'><strong>quidem</strong></span> <span class='ocrx_word' id='word_1_260' title='bbox 689 2178 864 2210; x_wconf 88' lang='lat' dir='ltr'><strong>Ioannem</strong></span> <span class='ocrx_word' id='word_1_261' title='bbox 891 2177 997 2211; x_wconf 86' lang='lat' dir='ltr'><strong>illum</strong></span> <span class='ocrx_word' id='word_1_262' title='bbox 1033 2189 1215 2222; x_wconf 80' lang='lat' dir='ltr'><strong>magnum,</strong></span> <span class='ocrx_word' id='word_1_263' title='bbox 1243 2176 1380 2210; x_wconf 77' lang='lat' dir='ltr'><strong>virtute</strong></span> <span class='ocrx_word' id='word_1_264' title='bbox 1403 2180 1440 2210; x_wconf 83' lang='lat' dir='ltr'><strong>et</strong></span> <span class='ocrx_word' id='word_1_265' title='bbox 1464 2175 1631 2209; x_wconf 81' lang='lat' dir='ltr'><strong>doctrina</strong></span> <span class='ocrx_word' id='word_1_266' title='bbox 1657 2187 1719 2208; x_wconf 81' lang='lat' dir='ltr'><strong>ce-</strong></span> 
     </span>
     <span class='ocr_line' id='line_1_31' title="bbox 230 2223 1720 2271; baseline -0.001 -13"><span class='ocrx_word' id='word_1_267' title='bbox 230 2225 383 2266; x_wconf 87' lang='lat' dir='ltr'><strong>lebrem,</strong></span> <span class='ocrx_word' id='word_1_268' title='bbox 409 2237 484 2259; x_wconf 87' lang='lat' dir='ltr'><strong>non</strong></span> <span class='ocrx_word' id='word_1_269' title='bbox 510 2225 652 2259; x_wconf 88' lang='lat' dir='ltr'><strong>levibus</strong></span> <span class='ocrx_word' id='word_1_270' title='bbox 679 2226 884 2260; x_wconf 80' lang='lat' dir='ltr'><strong>sanctitatis</strong></span> <span class='ocrx_word' id='word_1_271' title='bbox 914 2225 1059 2259; x_wconf 85' lang='lat' dir='ltr'><strong>indiciis</strong></span> <span class='ocrx_word' id='word_1_272' title='bbox 1095 2226 1310 2271; x_wconf 77' lang='lat' dir='ltr'><strong>fulgentem,</strong></span> <span class='ocrx_word' id='word_1_273' title='bbox 1335 2223 1562 2270; x_wconf 79' lang='lat' dir='ltr'><strong>patriarchae</strong></span> <span class='ocrx_word' id='word_1_274' title='bbox 1587 2223 1720 2257; x_wconf 83' lang='lat' dir='ltr'><strong>Antio-</strong></span> 
     </span>
     <span class='ocr_line' id='line_1_32' title="bbox 230 2272 1718 2320; baseline -0.002 -13"><span class='ocrx_word' id='word_1_275' title='bbox 230 2273 337 2307; x_wconf 88' lang='lat' dir='ltr'><strong>cheni</strong></span> <span class='ocrx_word' id='word_1_276' title='bbox 363 2273 549 2320; x_wconf 84' lang='lat' dir='ltr'><strong>quondam</strong></span> <span class='ocrx_word' id='word_1_277' title='bbox 574 2273 801 2317; x_wconf 79' lang='lat' dir='ltr'><strong>syncellum,</strong></span> <span class='ocrx_word' id='word_1_278' title='bbox 827 2279 865 2308; x_wconf 90' lang='lat' dir='ltr'><strong>et</strong></span> <span class='ocrx_word' id='word_1_279' title='bbox 888 2274 1067 2308; x_wconf 78' lang='lat' dir='ltr'><strong>Thomam</strong></span> <span class='ocrx_word' id='word_1_280' title='bbox 1092 2273 1392 2314; x_wconf 82' lang='lat' dir='ltr'><strong>Alexandrinum,</strong></span> <span class='ocrx_word' id='word_1_281' title='bbox 1427 2273 1543 2306; x_wconf 81' lang='lat' dir='ltr'><strong>virum</strong></span> <span class='ocrx_word' id='word_1_282' title='bbox 1568 2272 1718 2316; x_wconf 85' lang='lat' dir='ltr'><strong>religio-</strong></span> 
     </span>
     <span class='ocr_line' id='line_1_33' title="bbox 231 2320 1719 2368; baseline -0.001 -13"><span class='ocrx_word' id='word_1_283' title='bbox 231 2333 310 2355; x_wconf 86' lang='lat' dir='ltr'><strong>sum</strong></span> <span class='ocrx_word' id='word_1_284' title='bbox 339 2328 376 2356; x_wconf 87' lang='lat' dir='ltr'><strong>et</strong></span> <span class='ocrx_word' id='word_1_285' title='bbox 398 2322 538 2367; x_wconf 85' lang='lat' dir='ltr'><strong>pietate</strong></span> <span class='ocrx_word' id='word_1_286' title='bbox 567 2322 759 2366; x_wconf 83' lang='lat' dir='ltr'><strong>insignem,</strong></span> <span class='ocrx_word' id='word_1_287' title='bbox 786 2322 848 2368; x_wconf 90' lang='lat' dir='ltr'><strong>qui</strong></span> <span class='ocrx_word' id='word_1_288' title='bbox 879 2323 978 2368; x_wconf 86' lang='lat' dir='ltr'><strong>prius</strong></span> <span class='ocrx_word' id='word_1_289' title='bbox 1004 2323 1044 2356; x_wconf 90' lang='lat' dir='ltr'><strong>in</strong></span> <span class='ocrx_word' id='word_1_290' title='bbox 1067 2322 1213 2366; x_wconf 84' lang='lat' dir='ltr'><strong>Illyrico</strong></span> <span class='ocrx_word' id='word_1_291' title='bbox 1238 2332 1387 2365; x_wconf 79' lang='lat' dir='ltr'><strong>magnae</strong></span> <span class='ocrx_word' id='word_1_292' title='bbox 1412 2320 1570 2355; x_wconf 81' lang='lat' dir='ltr'><strong>civitatis</strong></span> <span class='ocrx_word' id='word_1_293' title='bbox 1595 2320 1719 2355; x_wconf 85' lang='lat' dir='ltr'><strong>Thes-</strong></span> 
     </span>
     <span class='ocr_line' id='line_1_34' title="bbox 230 2368 1515 2415; baseline -0.002 -11"><span class='ocrx_word' id='word_1_294' title='bbox 230 2371 419 2404; x_wconf 74' lang='lat' dir='ltr'><strong>salonicae</strong></span> <span class='ocrx_word' id='word_1_295' title='bbox 447 2368 742 2415; x_wconf 87' lang='lat' dir='ltr'><strong>archiepiscopus</strong></span> <span class='ocrx_word' id='word_1_296' title='bbox 764 2370 955 2411; x_wconf 81' lang='lat' dir='ltr'><strong>claruerat,</strong></span> <span class='ocrx_word' id='word_1_297' title='bbox 983 2381 1027 2403; x_wconf 86' lang='lat' dir='ltr'><strong>ex</strong></span> <span class='ocrx_word' id='word_1_298' title='bbox 1050 2370 1126 2404; x_wconf 85' lang='lat' dir='ltr'><strong>illis</strong></span> <span class='ocrx_word' id='word_1_299' title='bbox 1151 2370 1243 2404; x_wconf 88' lang='lat' dir='ltr'><strong>locis</strong></span> <span class='ocrx_word' id='word_1_300' title='bbox 1269 2369 1515 2403; x_wconf 80' lang='lat' dir='ltr'><strong>adduxerunt.</strong></span> 
     </span>
    </p>
   </div>
   <div class='ocr_carea' id='block_1_5' title="bbox 44 2417 1718 2507">
    <p class='ocr_par' dir='ltr' id='par_1_5' title="bbox 44 2417 1718 2507">
     <span class='ocr_line' id='line_1_35' title="bbox 44 2417 1082 2472; baseline -0.002 -19"><span class='ocrx_word' id='word_1_301' title='bbox 44 2424 218 2472; x_wconf 74' lang='lat' dir='ltr'><strong>A.C.778</strong></span> <span class='ocrx_word' id='word_1_302' title='bbox 327 2418 489 2453; x_wconf 83' lang='lat' dir='ltr'><strong>Arabum</strong></span> <span class='ocrx_word' id='word_1_303' title='bbox 519 2417 622 2451; x_wconf 91' lang='lat' dir='ltr'><strong>ducis</strong></span> <span class='ocrx_word' id='word_1_304' title='bbox 645 2419 766 2451; x_wconf 81' lang='lat' dir='ltr'><strong>Aaron</strong></span> <span class='ocrx_word' id='word_1_305' title='bbox 793 2430 908 2451; x_wconf 89' lang='lat' dir='ltr'><strong>annus</strong></span> <span class='ocrx_word' id='word_1_306' title='bbox 934 2419 1082 2464; x_wconf 88' lang='lat' dir='ltr'><strong>primus.</strong></span> 
     </span>
     <span class='ocr_line' id='line_1_36' title="bbox 325 2463 1718 2507; baseline -0.003 -7"><span class='ocrx_word' id='word_1_307' title='bbox 325 2468 404 2501; x_wconf 86' lang='lat' dir='ltr'><strong>Hoc</strong></span> <span class='ocrx_word' id='word_1_308' title='bbox 420 2477 517 2500; x_wconf 90' lang='lat' dir='ltr'><strong>anno</strong></span> <span class='ocrx_word' id='word_1_309' title='bbox 531 2467 632 2500; x_wconf 87' lang='lat' dir='ltr'><strong>Mose</strong></span> <span class='ocrx_word' id='word_1_310' title='bbox 644 2464 800 2499; x_wconf 83' lang='lat' dir='ltr'><strong>Arabum</strong></span> <span class='ocrx_word' id='word_1_311' title='bbox 828 2465 921 2499; x_wconf 86' lang='lat' dir='ltr'><strong>duce</strong></span> <span class='ocrx_word' id='word_1_312' title='bbox 947 2466 1133 2507; x_wconf 86' lang='lat' dir='ltr'><strong>defuncto,</strong></span> <span class='ocrx_word' id='word_1_313' title='bbox 1153 2465 1275 2499; x_wconf 85' lang='lat' dir='ltr'><strong>Aaron</strong></span> <span class='ocrx_word' id='word_1_314' title='bbox 1293 2465 1405 2499; x_wconf 89' lang='lat' dir='ltr'><strong>frater</strong></span> <span class='ocrx_word' id='word_1_315' title='bbox 1431 2465 1470 2498; x_wconf 89' lang='lat' dir='ltr'><strong>in</strong></span> <span class='ocrx_word' id='word_1_316' title='bbox 1494 2464 1570 2498; x_wconf 88' lang='lat' dir='ltr'><strong>eius</strong></span> <span class='ocrx_word' id='word_1_317' title='bbox 1597 2463 1718 2498; x_wconf 86' lang='lat' dir='ltr'><strong>locum</strong></span> 
     </span>
    </p>
   </div>
   <div class='ocr_carea' id='block_1_6' title="bbox 229 2512 1718 2852">
    <p class='ocr_par' dir='ltr' id='par_1_6' title="bbox 229 2512 1718 2852">
     <span class='ocr_line' id='line_1_37' title="bbox 229 2512 1717 2560; baseline -0.003 -11"><span class='ocrx_word' id='word_1_318' title='bbox 229 2517 400 2550; x_wconf 78' lang='lat' dir='ltr'><strong>suffectus</strong></span> <span class='ocrx_word' id='word_1_319' title='bbox 437 2515 628 2560; x_wconf 87' lang='lat' dir='ltr'><strong>imperium</strong></span> <span class='ocrx_word' id='word_1_320' title='bbox 655 2513 838 2555; x_wconf 75' lang='lat' dir='ltr'><strong>obtinuit,</strong></span> <span class='ocrx_word' id='word_1_321' title='bbox 867 2515 930 2560; x_wconf 91' lang='lat' dir='ltr'><strong>qui</strong></span> <span class='ocrx_word' id='word_1_322' title='bbox 961 2515 1078 2548; x_wconf 86' lang='lat' dir='ltr'><strong>multa</strong></span> <span class='ocrx_word' id='word_1_323' title='bbox 1104 2514 1201 2547; x_wconf 83' lang='lat' dir='ltr'><strong>mala</strong></span> <span class='ocrx_word' id='word_1_324' title='bbox 1229 2514 1268 2546; x_wconf 85' lang='lat' dir='ltr'><strong>in</strong></span> <span class='ocrx_word' id='word_1_325' title='bbox 1292 2512 1516 2547; x_wconf 83' lang='lat' dir='ltr'><strong>Christianos</strong></span> <span class='ocrx_word' id='word_1_326' title='bbox 1544 2512 1717 2546; x_wconf 85' lang='lat' dir='ltr'><strong>exercuit.</strong></span> 
     </span>
     <span class='ocr_line' id='line_1_38' title="bbox 230 2560 1717 2609; baseline -0.003 -12"><span class='ocrx_word' id='word_1_327' title='bbox 230 2563 359 2597; x_wconf 87' lang='lat' dir='ltr'><strong>eodem</strong></span> <span class='ocrx_word' id='word_1_328' title='bbox 393 2575 489 2597; x_wconf 89' lang='lat' dir='ltr'><strong>anno</strong></span> <span class='ocrx_word' id='word_1_329' title='bbox 526 2563 763 2609; x_wconf 88' lang='lat' dir='ltr'><strong>imperatores</strong></span> <span class='ocrx_word' id='word_1_330' title='bbox 803 2562 992 2604; x_wconf 87' lang='lat' dir='ltr'><strong>miserunt,</strong></span> <span class='ocrx_word' id='word_1_331' title='bbox 1025 2562 1090 2608; x_wconf 88' lang='lat' dir='ltr'><strong>qui</strong></span> <span class='ocrx_word' id='word_1_332' title='bbox 1118 2562 1304 2595; x_wconf 91' lang='lat' dir='ltr'><strong>universos</strong></span> <span class='ocrx_word' id='word_1_333' title='bbox 1330 2573 1416 2595; x_wconf 88' lang='lat' dir='ltr'><strong>suae</strong></span> <span class='ocrx_word' id='word_1_334' title='bbox 1457 2560 1610 2595; x_wconf 85' lang='lat' dir='ltr'><strong>ditionis</strong></span> <span class='ocrx_word' id='word_1_335' title='bbox 1637 2560 1717 2605; x_wconf 90' lang='lat' dir='ltr'><strong>epi-</strong></span> 
     </span>
     <span class='ocr_line' id='line_1_39' title="bbox 229 2609 1716 2657; baseline -0.004 -11"><span class='ocrx_word' id='word_1_336' title='bbox 229 2623 361 2657; x_wconf 89' lang='lat' dir='ltr'><strong>scopos</strong></span> <span class='ocrx_word' id='word_1_337' title='bbox 397 2612 438 2645; x_wconf 88' lang='lat' dir='ltr'><strong>in</strong></span> <span class='ocrx_word' id='word_1_338' title='bbox 477 2622 588 2645; x_wconf 88' lang='lat' dir='ltr'><strong>unum</strong></span> <span class='ocrx_word' id='word_1_339' title='bbox 625 2615 890 2651; x_wconf 84' lang='lat' dir='ltr'><strong>convocarent,</strong></span> <span class='ocrx_word' id='word_1_340' title='bbox 928 2610 976 2643; x_wconf 81' lang='lat' dir='ltr'><strong>ad</strong></span> <span class='ocrx_word' id='word_1_341' title='bbox 1014 2622 1104 2656; x_wconf 89' lang='lat' dir='ltr'><strong>quos</strong></span> <span class='ocrx_word' id='word_1_342' title='bbox 1131 2610 1175 2643; x_wconf 84' lang='lat' dir='ltr'><strong>ab</strong></span> <span class='ocrx_word' id='word_1_343' title='bbox 1204 2609 1361 2643; x_wconf 84' lang='lat' dir='ltr'><strong>Adriano</strong></span> <span class='ocrx_word' id='word_1_344' title='bbox 1387 2620 1482 2655; x_wconf 82' lang='lat' dir='ltr'><strong>papa</strong></span> <span class='ocrx_word' id='word_1_345' title='bbox 1507 2609 1607 2642; x_wconf 87' lang='lat' dir='ltr'><strong>missi</strong></span> <span class='ocrx_word' id='word_1_346' title='bbox 1633 2619 1716 2641; x_wconf 86' lang='lat' dir='ltr'><strong>cum</strong></span> 
     </span>
     <span class='ocr_line' id='line_1_40' title="bbox 229 2657 1718 2706; baseline -0.003 -13"><span class='ocrx_word' id='word_1_347' title='bbox 229 2660 365 2693; x_wconf 85' lang='lat' dir='ltr'><strong>litteris</strong></span> <span class='ocrx_word' id='word_1_348' title='bbox 390 2659 570 2701; x_wconf 88' lang='lat' dir='ltr'><strong>homines,</strong></span> <span class='ocrx_word' id='word_1_349' title='bbox 596 2670 688 2706; x_wconf 84' lang='lat' dir='ltr'><strong>quos</strong></span> <span class='ocrx_word' id='word_1_350' title='bbox 713 2658 1002 2700; x_wconf 80' lang='lat' dir='ltr'><strong>memoravimus,</strong></span> <span class='ocrx_word' id='word_1_351' title='bbox 1033 2669 1106 2692; x_wconf 77' lang='lat' dir='ltr'><strong>una</strong></span> <span class='ocrx_word' id='word_1_352' title='bbox 1146 2670 1227 2691; x_wconf 86' lang='lat' dir='ltr'><strong>cum</strong></span> <span class='ocrx_word' id='word_1_353' title='bbox 1251 2657 1468 2692; x_wconf 86' lang='lat' dir='ltr'><strong>Antiochiae</strong></span> <span class='ocrx_word' id='word_1_354' title='bbox 1495 2663 1533 2691; x_wconf 88' lang='lat' dir='ltr'><strong>et</strong></span> <span class='ocrx_word' id='word_1_355' title='bbox 1556 2657 1718 2691; x_wconf 81' lang='lat' dir='ltr'><strong>Alexan-</strong></span> 
     </span>
     <span class='ocr_line' id='line_1_41' title="bbox 230 2704 1717 2754; baseline -0.003 -13"><span class='ocrx_word' id='word_1_356' title='bbox 230 2708 331 2741; x_wconf 79' lang='lat' dir='ltr'><strong>driae</strong></span> <span class='ocrx_word' id='word_1_357' title='bbox 358 2708 574 2754; x_wconf 83' lang='lat' dir='ltr'><strong>patriarchis</strong></span> <span class='ocrx_word' id='word_1_358' title='bbox 603 2712 845 2741; x_wconf 87' lang='lat' dir='ltr'><strong>accesserunt.</strong></span> <span class='ocrx_word' id='word_1_359' title='bbox 914 2712 991 2740; x_wconf 84' lang='lat' dir='ltr'><strong>tum</strong></span> <span class='ocrx_word' id='word_1_360' title='bbox 1028 2717 1114 2741; x_wconf 85' lang='lat' dir='ltr'><strong>vero</strong></span> <span class='ocrx_word' id='word_1_361' title='bbox 1140 2706 1276 2740; x_wconf 85' lang='lat' dir='ltr'><strong>mensis</strong></span> <span class='ocrx_word' id='word_1_362' title='bbox 1311 2706 1461 2750; x_wconf 86' lang='lat' dir='ltr'><strong>Augusti</strong></span> <span class='ocrx_word' id='word_1_363' title='bbox 1488 2705 1547 2738; x_wconf 88' lang='lat' dir='ltr'><strong>die</strong></span> <span class='ocrx_word' id='word_1_364' title='bbox 1574 2704 1717 2738; x_wconf 87' lang='lat' dir='ltr'><strong>decimo</strong></span> 
     </span>
     <span class='ocr_line' id='line_1_42' title="bbox 230 2754 1717 2801; baseline -0.004 -11"><span class='ocrx_word' id='word_1_365' title='bbox 230 2757 400 2801; x_wconf 83' lang='lat' dir='ltr'><strong>septimo,</strong></span> <span class='ocrx_word' id='word_1_366' title='bbox 422 2768 517 2789; x_wconf 88' lang='lat' dir='ltr'><strong>nona</strong></span> <span class='ocrx_word' id='word_1_367' title='bbox 545 2755 759 2797; x_wconf 87' lang='lat' dir='ltr'><strong>indictione,</strong></span> <span class='ocrx_word' id='word_1_368' title='bbox 784 2756 824 2789; x_wconf 89' lang='lat' dir='ltr'><strong>in</strong></span> <span class='ocrx_word' id='word_1_369' title='bbox 841 2755 1084 2800; x_wconf 81' lang='lat' dir='ltr'><strong>imperatricis</strong></span> <span class='ocrx_word' id='word_1_370' title='bbox 1110 2754 1210 2788; x_wconf 85' lang='lat' dir='ltr'><strong>urbis</strong></span> <span class='ocrx_word' id='word_1_371' title='bbox 1235 2759 1441 2788; x_wconf 85' lang='lat' dir='ltr'><strong>sanctorum</strong></span> <span class='ocrx_word' id='word_1_372' title='bbox 1468 2754 1717 2798; x_wconf 76' lang='lat' dir='ltr'><strong>apostolorum</strong></span> 
     </span>
     <span class='ocr_line' id='line_1_43' title="bbox 230 2799 1717 2852; baseline -0.003 -13"><span class='ocrx_word' id='word_1_373' title='bbox 230 2804 368 2852; x_wconf 83' lang='lat' dir='ltr'><strong>templo</strong></span> <span class='ocrx_word' id='word_1_374' title='bbox 395 2804 646 2852; x_wconf 81' lang='lat' dir='ltr'><strong>praesidentes</strong></span> <span class='ocrx_word' id='word_1_375' title='bbox 687 2815 804 2840; x_wconf 84' lang='lat' dir='ltr'><strong>sacras</strong></span> <span class='ocrx_word' id='word_1_376' title='bbox 835 2804 1031 2850; x_wconf 78' lang='lat' dir='ltr'><strong>scripturas</strong></span> <span class='ocrx_word' id='word_1_377' title='bbox 1056 2803 1288 2848; x_wconf 77' lang='lat' dir='ltr'><strong>investigare,</strong></span> <span class='ocrx_word' id='word_1_378' title='bbox 1325 2802 1524 2849; x_wconf 79' lang='lat' dir='ltr'><strong>propositis</strong></span> <span class='ocrx_word' id='word_1_379' title='bbox 1550 2800 1598 2835; x_wconf 81' lang='lat' dir='ltr'><strong>ad</strong></span> <span class='ocrx_word' id='word_1_380' title='bbox 1622 2799 1717 2835; x_wconf 80' lang='lat' dir='ltr'><strong>invi-</strong></span> 
     </span>
    </p>
   </div>
  </div>
 </body>
</html>
