1708 3172
174 177 322 218 XXXII
633 175 979 218 THEOPHANIS
1019 173 1165 216 ViTA.

173 277 338 327 τούτοις
371 275 641 330 πιαινόμενον
684 275 880 333 πράξεσι.
966 276 1038 318 καί
1075 278 1266 330 βασιλεῖς
1305 276 1382 328 μὲν
1422 276 1640 330 θεοφιλεῖς

174 345 350 400 τούτοις,
377 341 405 399 ἢ
435 345 493 400 τῷ
516 341 709 397 προσόντι
747 347 819 398 τῆς
851 343 1070 396 βασιλείας
1108 336 1214 399 ὄγκῳ
1239 339 1641 395 μεγαλαυχούμενοι

174 413 449 453 διεδείκνυντο
467 427 477 437 ·
534 406 762 465 ἀρχιερεύς
791 411 838 452 δὲ
866 409 887 452 ὃ
918 412 1050 464 μέγας
1083 411 1156 464 τῆς
1185 409 1352 464 ὑψηλῆς
1381 409 1639 462 ἐπειλημμέ-

174 494 242 528 νος
270 478 509 533 καθέδρας,
549 475 624 526 τοὶς
650 478 724 531 τῆς
762 476 912 532 α’ρετῆς
958 475 1230 530 λαμπηδόνας
1273 476 1348 529 γῆν
1386 474 1458 516 ἐπὶ
1483 477 1638 529 πᾶσαν,

173 542 276 600 ὅσην
307 541 424 600 ἥλιος
453 544 591 599 ἐφορᾷ
609 578 619 597 ,
659 542 959 598 διεπύρσευεν·
1028 540 1067 584 οἱ
1096 543 1133 584 δ’
1162 541 1235 584 ὑπ’
1262 538 1395 583 αὗτόν
1422 541 1674 589 τελοῦντες5

172 614 388 668 α’ρχιερεῖς
426 611 655 663 ἀμέμπτως
682 608 755 665 την
785 608 938 652 οἰκείαν
981 607 1152 659 ἕκαστος
1179 611 1358 663 ποίμνην
1387 605 1520 649 οἱονεί
1543 622 1638 648 τινα

172 676 330 721 ὁλκάδα
360 676 466 733 πρὸς
483 678 706 732 γαληνίους
734 678 905 730 λιμένας
935 673 1264 732 ἐπηδαλιούχει·
1324 673 1427 717 οἶδὲ
1457 676 1539 717 τῶν
1563 690 1638 716 σε-

168 745 323 798 μνείων
351 742 596 799 προστάται,
623 737 681 785 ὧν
706 742 1004 798 πρωτοστάτης
1034 741 1202 797 ὑπῆρχε
1232 741 1305 784 καί
1332 740 1638 797 καθαρώτατος

168 809 285 867 ἥλιος
314 810 337 853 ὅ
366 810 621 866 θαυμάσιος,
652 810 729 865 τήν
748 811 790 859 ἐς
818 806 1001 865 ούρανὸν
1021 811 1237 865 φέρουσαν
1262 807 1363 859 τούς
1391 808 1463 850 ὑπ’
1492 808 1637 856 αὐτοῖς

169 878 481 926 ἐκδιδάσκοντες
514 880 682 933 τρίβον,
717 876 873 930 γυμνὸν
902 875 1121 931 κτημάτων
1150 878 1363 919 ἐδείκνυον
1390 874 1460 918 τὸν
1486 876 1636 930 πρότε-
1654 891 1701 916 ιο

169 962 243 999 ρον
270 946 408 993 κακῶς
437 943 909 1002 δυναστεύσανταίοῖλῖ
941 945 1016 985 οὔκ
1047 939 1218 998 ἤνεγκεν
1239 943 1342 1001 ὁρᾷν
1373 938 1472 999 ὄφις
1503 942 1524 984 ὅ
1552 940 1636 996 βά-

167 1027 318 1061 σκανος
358 1011 615 1066 τηλικούτοις
653 1012 856 1052 ἐπανθεῖν
897 1009 970 1066 τὴν
1009 1010 1231 1066 ἐκκλησίαν
1271 1013 1436 1060 καλοῖς,
1479 1008 1554 1065 τὴν
1589 1011 1636 1051 δὲ

166 1081 251 1121 τῶν
280 1079 441 1120 πολλῶν
472 1078 687 1133 ἁμαρτίαν
718 1075 922 1132 συνεργὸν
963 1076 1338 1134 προσκτησάμενος,
1367 1074 1638 1132 συγχωρήσει

166 1148 263 1204 θεία
303 1144 347 1188 τὸ
389 1143 547 1200 ταύτης
587 1141 738 1194 κάλλος
766 1143 1110 1199 ἑπιλυμήνασθαι
1154 1145 1429 1187 διανίσταται.
1498 1139 1634 1196 ἄνδρα

165 1215 266 1268 γοῦν
295 1213 502 1267 ἐπιζητῶν
530 1213 601 1265 τῆς
619 1212 731 1261 ἰδιάς
763 1208 1011 1267 σκαιότητος
1039 1211 1204 1267 ἁπάσης
1219 1209 1474 1267 χωρητικὸν,
1504 1212 1635 1267 ἐφευ-
1654 1206 1700 1248 15

165 1283 306 1337 ρι’σκει
330 1282 453 1321 πλέον
483 1274 511 1333 ἢ
538 1278 762 1332 έβούλετο”
819 1282 988 1322 Λέοντα
1018 1277 1088 1320 τὸν
1107 1278 1336 1335 ἐξάγιστον,
1365 1275 1412 1327 ὃς
1438 1279 1637 1332 Ἀρμενί-

166 1362 228 1396 οις
242 1363 285 1389 τε
315 1348 387 1388 καί
414 1346 657 1399 Ἀσσυρίοις
685 1346 967 1402 ἐπαναφέρων
987 1344 1035 1387 τὸ
1065 1349 1195 1401 γένος,
1222 1347 1306 1387 τῶν
1332 1346 1412 1399 μὲν
1439 1346 1636 1387 ἐπλούτει

164 1413 210 1456 τὸ
239 1410 425 1456 ὕπουλον
453 1415 526 1455 καί
551 1414 767 1468 κακοηθές,
796 1415 878 1455 τῶν
908 1415 954 1455 δὲ
973 1411 1019 1455 τὸ
1055 1414 1265 1470 θηριῶδες
1289 1415 1349 1462 εἰς
1381 1408 1494 1455 ἅπαν
1515 1414 1635 1465 ἐκμι-

165 1480 375 1535 μούμενος
390 1515 401 1537 ,
430 1481 590 1534 μᾶλλον
612 1480 690 1534 μὲν
714 1475 788 1522 οὖν
809 1483 959 1539 μακρῷ
979 1481 1036 1538 τῷ
1055 1483 1198 1539 μέσσῳ
1221 1477 1400 1529 τούτους
1423 1479 1635 1534 ὑπερβαλ-

115 1542 117 1548 ⁴
164 1547 350 1602 λόμενος,
379 1548 611 1606 θηριωδεία
639 1548 718 1600 μὲν
745 1548 903 1599 ἐξενίκα
931 1546 975 1590 τὸ
1004 1545 1206 1601 ὕπουλον,
1238 1545 1494 1603 ὖπουλότητι
1518 1547 1564 1588 δὲ
1587 1544 1633 1588 τὸ
1650 1555 1702 1581 20

163 1616 371 1672 θηριῶδες
401 1617 680 1672 παρέτρεχεν·
712 1612 876 1669 ἕτοιμος
902 1616 981 1669 μὲν
1012 1614 1276 1671 ψεύσασθαι,
1306 1613 1443 1664 δεινὸς
1472 1616 1509 1657 δ’
1539 1615 1635 1657 ἐπι-

257 1760 291 1782 2.
320 1754 404 1795 post
431 1748 572 1789 τούτοις
594 1749 747 1784 fortasse
785 1749 917 1783 excidit
938 1749 1093 1797 μᾶλλον.
1253 1750 1286 1783 3.
1312 1749 1450 1795 Nempe
1475 1749 1633 1783 Michael

259 1796 461 1830 Rancabus.
480 1798 557 1830 Par.
588 1808 658 1842 mg.
758 1798 790 1831 5.
818 1798 853 1832 S.
879 1797 1104 1843 Nicephorus
1128 1797 1351 1843 patriarcha:
1376 1809 1451 1831 non
1478 1798 1552 1831 Leo
1570 1799 1630 1830 111.

259 1846 360 1880 Rom.
385 1845 516 1890 pontif.
557 1850 597 1878 ut
623 1847 747 1891 inepte
773 1851 936 1879 notatum
964 1845 1060 1891 apud
1096 1845 1250 1879 Surium.
1276 1846 1353 1878 Par.
1380 1856 1448 1890 mg.
1579 1847 1630 1878 13.

255 1892 611 1940 προστητησίιμενος
635 1894 710 1926 Par.
809 1904 866 1926 20.
891 1893 1081 1940 θηριωδία
1108 1894 1182 1927 Par.
1278 1904 1335 1927 21.
1365 1893 1543 1936 ἐπιθῆναι
1556 1894 1630 1926 Par.

164 2019 209 2051 tis
235 2029 392 2065 sanaque
416 2018 580 2054 doctrina
604 2019 800 2053 instructus
827 2024 915 2060 erat,
941 2024 978 2053 et
1003 2019 1107 2053 factis
1133 2018 1418 2063 congruentibus
1444 2018 1626 2057 affluebat.

165 2078 206 2099 ac
232 2067 380 2112 quidem
408 2067 666 2112 religiosissimi
690 2068 936 2113 imperatores,
961 2067 1107 2113 pietatis
1126 2067 1246 2100 studio
1271 2067 1405 2111 potius,
1430 2078 1538 2113 quam
1562 2067 1631 2100 im·-

162 2115 255 2160 perii
281 2114 513 2160 amplitutine
538 2114 795 2160 gloriabantur.
846 2127 951 2160 porro
978 2126 1126 2160 magnus
1152 2114 1320 2160 pontifex
1349 2114 1539 2148 sublimem
1567 2126 1628 2148 ca-

164 2161 330 2196 thedram
370 2169 586 2197 consecutus
603 2188 613 2204 ,
652 2162 796 2196 virtutis
821 2163 956 2196 lumina
981 2174 1046 2208 per
1069 2163 1272 2196 universum
1301 2161 1426 2195 orbem
1453 2167 1629 2196 terrarum

163 2210 398 2244 accendebat.
451 2212 513 2257 qui
551 2216 669 2244 autem
706 2210 771 2244 sub
809 2221 851 2243 eo
885 2216 986 2244 erant
1012 2211 1212 2251 antistites,
1237 2221 1319 2243 suos
1344 2210 1483 2256 quique
1507 2221 1629 2255 greges

164 2259 242 2291 sine
266 2257 548 2304 reprehensione
572 2264 671 2293 tutos
694 2259 733 2292 in
757 2264 881 2304 portus
897 2258 1153 2303 perducebant.
1203 2258 1499 2291 monasteriorum
1525 2257 1631 2291 deni-

164 2316 236 2351 que
263 2306 472 2351 praesides,
511 2306 643 2352 quibus
669 2312 843 2353 tanquam
879 2306 933 2340 sol
968 2306 1205 2340 nitidissimus
1241 2305 1470 2338 admirandus
1495 2305 1554 2338 hic
1576 2306 1631 2339 vir

162 2354 415 2399 praelucebat,
451 2354 546 2388 viam
580 2355 619 2388 in
649 2355 786 2387 caelum
822 2353 1014 2388 ducentem
1048 2354 1219 2388 docentes
1256 2353 1465 2398 discipulos,
1491 2354 1631 2386 nudum

163 2401 296 2446 opibus
324 2413 429 2443 eum,
466 2403 528 2447 qui
567 2402 662 2435 male
696 2403 797 2447 prius
826 2401 1032 2436 dominatus
1065 2407 1178 2443 esset,
1203 2401 1370 2445 religiosa
1398 2400 1630 2434 abdicatione

161 2449 421 2483 monstrabant.
452 2449 515 2483 sed
532 2449 676 2483 invidus
695 2461 841 2495 serpens
868 2450 1058 2483 ecclesiam
1081 2455 1155 2483 tam
1171 2449 1294 2482 multis
1311 2448 1415 2481 bonis
1440 2448 1630 2482 florentem

161 2496 285 2530 videre
309 2509 384 2531 non
397 2502 551 2542 poterat,
578 2509 696 2544 exque
712 2497 829 2542 plebis
845 2498 1002 2543 peccatis
1018 2498 1242 2531 occasionem
1264 2496 1450 2541 arripiens,
1480 2498 1529 2530 ita
1544 2508 1630 2542 per-

161 2545 332 2578 mittente
358 2545 439 2586 deo,
465 2545 638 2579 ecclesiae
661 2544 972 2590 pulchritudinem
1008 2550 1213 2591 pervertere
1244 2555 1424 2589 aggressus
1450 2550 1515 2578 est.
1565 2555 1631 2578 ve-

162 2603 240 2625 rum
264 2603 344 2626 cum
368 2593 536 2638 propriae
572 2593 821 2638 perversitatis
845 2594 1049 2628 ministrum
1079 2593 1251 2627 idoneum
1281 2597 1482 2637 quaereret,
1508 2592 1631 2637 aptio-

161 2651 237 2673 rem
263 2640 423 2681 invenit,
446 2652 554 2686 quam
583 2640 751 2686 optabat:
780 2642 962 2683 Leonem,
987 2642 1159 2688 inquam,
1185 2639 1476 2674 scelestissimum
1508 2639 1631 2673 homi-

160 2699 254 2729 nem,
281 2689 343 2733 qui
371 2687 415 2721 ab
439 2689 618 2722 Armeniis
648 2693 686 2722 et
709 2689 862 2732 Assyriis
887 2701 1000 2734 genus
1026 2689 1171 2729 ducens,
1205 2687 1353 2721 alterius
1378 2688 1493 2732 gentis
1524 2687 1631 2721 dolos

161 2745 202 2768 ac
226 2736 497 2776 morositatem,
531 2736 677 2770 alterius
716 2736 895 2770 feritatem
921 2738 1080 2771 numeris
1114 2735 1279 2770 omnibus
1309 2735 1476 2768 absoluta
1506 2735 1629 2768 imita-

161 2783 264 2816 tione
298 2789 541 2830 expresserat:
579 2785 651 2818 imo
689 2795 773 2818 vero
810 2785 918 2830 longo
957 2797 1017 2820 eos
1049 2784 1241 2819 intervallo
1269 2794 1454 2829 superans,
1484 2783 1628 2816 feritate
