1786 3204
268 153 346 221 46
817 160 1163 204 THEOPHANJS

270 288 336 329 ρει
382 269 457 326 τὴν
491 270 607 324 δίκην
636 267 695 316 εἷς
726 263 1009 320 Καισάρειαν,
1039 261 1089 318 ἣν
1116 262 1406 318 ὑπερθέμενος
1430 255 1450 302 ὅ
1479 259 1734 309 ’Λθανοῐσιος

270 337 342 382 dui
371 338 447 381 τὸν
476 333 717 391 Παμφίλου
739 329 959 387 Εὖσέβιον,
987 333 1032 374 ἐν
1065 329 1189 388 Τύρῳ
1218 330 1398 384 κρίνεται
1430 326 1514 368 ὑπὸ
1545 326 1630 369 τῶν
1657 327 1734 368 οἷν-

268 408 437 450 τιὸίκων
464 405 537 459 τῆς
565 399 797 457 ἀληθείας,
845 395 1057 453 Εὖσεβιόυ
1087 398 1155 451 δέ,
1185 397 1309 454 φημί,
1342 396 1419 438 τοῦ
1445 393 1735 450 Νικομηδείας

268 472 556 528 α’πατὴσαντος
584 467 652 511 τὸν
679 468 882 522 βασιλέα,
917 463 1124 523 ἐπιθυμίᾳ
1164 465 1296 520 δῆθεν
1322 463 1406 506 τῶν
1435 462 1735 517 οἰκοδομηθέν-

267 557 352 589 των
386 538 515 594 ἁγίων
546 535 695 590 τόπων,
728 533 801 576 καί
826 536 901 576 τοῦ
927 532 1153 588 εὑρεθῆναι
1177 534 1237 581 εἰς
1260 529 1332 574 τὸν
1358 527 1629 586 ἐγκαινισμὸν
1653 528 1772 570 αὕ-5

268 609 364 650 τῶν.
433 606 506 648 καί
541 602 645 658 μετὰ
683 601 863 657 μεγάλης
906 602 1029 656 τιμῆς
1065 600 1275 650 ἀπέλυσε,
1317 595 1519 647 κελεύσας
1547 596 1734 651 λυθῆναι

228 678 255 713 C
272 673 347 724 τὰς
374 671 480 715 κατὰ
507 671 764 715 Ἀθανασιόυ
789 668 1004 722 διαβολάς,
1034 668 1107 709 καί
1133 663 1265 715 οὕτως
1293 665 1374 709 σύν
1401 664 1644 722 Ἀθανασίῳ
1673 663 1734 713 εἷς

268 739 344 797 τήν
372 738 523 796 ἑορτὴν
553 739 637 780 τῶν
667 738 883 792 ἐγκαινίων
902 737 1116 790 γενέσθαι.
1172 732 1466 777 συνελθόντων
1486 727 1562 774 οὖν
1589 731 1732 773 αὐτῶν

268 809 314 850 ὲν
351 805 500 864 Τύρῳ,
543 801 704 860 εὑρέθη
734 804 808 845 καί
835 801 1038 856 Μάξιμος
1068 800 1091 843 ὅ
1127 800 1435 856 Ἱεροσολύμων
1467 800 1629 854 α’γνοῶν
1656 795 1732 847 τὰς

267 874 373 918 κατὰ
401 875 661 917 Ἀθανασιόυ
693 868 925 919 συσκευάς·
980 869 1185 913 εἰσελθών
1224 871 1270 911 δὲ
1298 865 1559 918 ’.Αθανάσιος
1590 869 1654 916 εἰς
1676 866 1729 912 ,τὸ
1750 880 1786 907 1c

265 942 482 997 συνέδριον
525 941 611 982 τῶν
653 935 941 995 κακοφρόνων,
979 936 1168 992 οἷροέχνης
1197 937 1317 992 δίκην
1342 934 1419 985 τοὶς
1446 936 1732 992 συκοφαντίας

264 1011 345 1050 τῶν
366 1006 607 1063 κατηγόρων
626 1007 865 1059 διέσπασεν,
887 1002 994 1048 ιδ’στε
1016 1002 1187 1057 αὐτούς,
1208 1005 1275 1061 ἐφ’
1297 999 1360 1054 οἷς
1383 997 1596 1060 ὤφθησαν
1622 1011 1732 1056 ψευ-

264 1075 446 1130 δόμενοι,
475 1077 679 1129 μανέντας
699 1078 871 1128 συγχεῖν
899 1068 1068 1115 ἅπαντα
1086 1073 1159 1115 καί
1177 1073 1302 1131 βοᾷν·
1336 1066 1471 1128 ἄρατε
1499 1068 1574 1114 τὸν
1599 1068 1732 1126 γόητα

263 1139 758 1199 ἅπαντας-φιμώσαντα.
816 1141 1060 1194 Δαλμάτιος
1097 1142 1144 1183 δὲ
1190 1138 1212 1182 ὃ
1259 1144 1414 1195 καῖσαρ
1442 1138 1526 1181 *nat*
1556 1136 1733 1193 α’νεψιὸς

262 1212 337 1252 τοῦ
361 1209 570 1264 βασιλέως
597 1207 705 1262 μετὰ
736 1211 1033 1264 στρατιωτικῆς
1049 1206 1198 1264 χειρὸς
1221 1206 1343 1261 μόλις
1368 1202 1632 1249 Ἀθανάσιον
1658 1207 1786 1248 rte-15

266 1279 466 1331 ριέσωσεν
495 1276 773 1330 ἀναιρεῖσθαι
799 1272 870 1316 ὑπ’
910 1275 1054 1317 αὐτῶν
1080 1278 1301 1329 μέλλοντα.
1357 1273 1456 1316 τότε
1486 1275 1560 1316 καί
1583 1274 1732 1330 ’Aque‘-

221 1334 351 1394 Ι)νιος
378 1342 482 1386 κατὰ
524 1345 629 1385 θεοῦ
665 1341 864 1396 πρόνοιαν
905 1343 949 1385 ἐν
983 1339 1105 1400 Τύρῳ
1146 1345 1410 1398 παρεγένετο,
1440 1343 1514 1384 καί
1538 1343 1617 1384 τοῦ
1643 1342 1731 1383 κατ’

265 1409 395 1453 αὐτὸν
422 1409 664 1464 πλάσματος
683 1410 1012 1464 ὃιελεγχθέντος,
1042 1409 1114 1452 ἐπὶ
1143 1408 1219 1464 τήν
1247 1409 1355 1452 κατὰ
1378 1407 1576 1465 Ἰσχύραν
1602 1423 1732 1452 συκο-

262 1480 447 1533 φαντίαν
486 1474 524 1519 οἱ
552 1477 706 1534 ἐχθροί
744 1477 977 1533 ἐτρέποντο.
1029 1475 1286 1527 Ἀθανάσιος
1327 1477 1375 1519 δὲ
1404 1475 1478 1519 διὰ
1510 1475 1586 1527 τοὶς
1619 1476 1730 1533 ἄφο-

361 1627 388 1650 ι.
415 1614 434 1651 ὅ
459 1627 529 1649 om.
555 1615 596 1648 A.
719 1615 752 1649 3.
779 1614 819 1650 δὲ
843 1626 913 1647 om.
941 1626 971 1648 a.
1069 1614 1101 1649 5.
1127 1614 1251 1651 αὐτῶν
1265 1615 1294 1648 Α
1324 1619 1361 1648 et
1386 1614 1463 1656 alii,
1489 1612 1604 1649 αὐτοῦ
1631 1614 1727 1659 vulg.

355 1676 389 1710 7.
417 1662 650 1700 Ἀθανασίου
666 1662 708 1704 A,
732 1662 970 1699 Ἀθανάσιον
987 1662 1082 1708 vulg.
1179 1665 1212 1698 8.
1244 1659 1313 1699 οὗν
1335 1662 1416 1696 add.
1442 1674 1487 1696 ex
1509 1664 1539 1697 A
1565 1674 1598 1695 a.
1694 1673 1729 1705 9.

357 1709 377 1746 ὃ
408 1710 491 1744 add.
519 1722 563 1745 ex
586 1712 626 1745 A.
767 1722 818 1745 ιο.
847 1705 983 1751 σκευὰς
1007 1712 1047 1744 A.
1184 1722 1235 1744 12.
1267 1711 1475 1747 διέσπασεν
1493 1712 1522 1745 Α
1545 1722 1567 1744 a
1595 1721 1626 1746 e.
1653 1708 1729 1745 διέ-

354 1760 467 1795 λυσεν
491 1759 587 1804 vulg.
729 1759 780 1793 13.
807 1761 998 1806 μανέντας
1016 1759 1068 1800 Α,
1093 1761 1158 1794 καὶ
1180 1762 1362 1807 μανέντες
1385 1760 1480 1803 vulg.
1604 1755 1729 1793 ἅπαν-

351 1807 410 1855 τα]
440 1806 610 1846 ἅπαντας
636 1806 677 1840 A·
758 1806 809 1849 ¹4·
835 1806 1068 1854 ᾳιιμώσαντα
1092 1806 1129 1849 b,
1156 1809 1395 1856 φημῴσαντα
1418 1807 1514 1852 vulg.
1548 1806 1594 1840 cf.
1619 1818 1656 1853 p.
1673 1807 1732 1848 33,

359 1856 410 1891 ιδ.
560 1856 610 1889 ι8.
637 1855 875 1902 ἐλεγχθέντος
900 1867 931 1889 a.
1274 1853 1279 1857 “

262 1972 363 2006 chiae
389 1977 475 2006 tunc
503 1972 736 2006 commoranti
760 1971 889 2005 horum
918 1971 1213 2018 disquisitionem
1252 1972 1470 2007 committit:
1499 1969 1730 2017 postmodum

261 2031 347 2053 vero
382 2019 554 2053 iudicium
578 2020 791 2054 Caesaream
831 2020 1041 2054 transtulit:
1085 2020 1185 2067 quod
1228 2032 1309 2054 cum
1344 2026 1495 2066 propter
1533 2018 1733 2053 Eusebium

262 2066 438 2112 Pamphili
463 2072 642 2101 recusaret
664 2067 895 2109 Athanasius,
922 2067 998 2101 dies
1024 2068 1057 2102 ei
1083 2080 1104 2101 a
1128 2069 1286 2103 veritatis
1321 2068 1533 2102 adversariis
1558 2068 1644 2110 Tyri
1671 2066 1729 2099 di-

263 2116 377 2156 citur,
412 2114 457 2148 ab
484 2114 639 2149 Eusebio
682 2115 762 2149 dico
789 2115 1021 2148 Nicomediae
1052 2117 1231 2161 praesule,
1259 2116 1448 2150 fraudibus
1474 2116 1730 2161 imperatorem

261 2162 584 2204 circumveniente,
622 2168 659 2196 et
682 2168 883 2196 sanctorum
922 2164 1082 2197 locorum
1110 2171 1275 2198 recenter
1299 2165 1573 2198 aedificatorum
1598 2174 1636 2196 se
1663 2162 1730 2195 de-

262 2210 396 2244 siderio
422 2210 560 2251 teneri,
585 2215 693 2256 atque
714 2214 918 2258 praesentia
946 2223 1010 2245 sua
1050 2212 1316 2247 dedicationem
1342 2224 1467 2246 eorum
1490 2212 1730 2245 cohonestare

263 2269 303 2291 se
328 2258 423 2291 velle
451 2263 699 2303 praetexente.
747 2269 876 2302 magno
903 2259 1026 2304 itaque
1053 2262 1242 2294 comitatus
1262 2266 1436 2307 apparatu
1455 2260 1642 2295 dimissum
1671 2259 1731 2292 iu-

263 2305 328 2338 bet
356 2306 552 2351 imperator
577 2305 735 2340 obiectas
763 2306 959 2340 Athanasio
986 2308 1254 2342 criminationes
1281 2309 1434 2350 diluere,
1462 2315 1498 2342 et
1524 2307 1594 2340 hoc
1623 2313 1729 2352 pacto

263 2365 344 2386 cum
371 2365 413 2386 eo
441 2353 679 2387 dedicationis
708 2355 931 2387 solemnitati
956 2355 1141 2389 interesse.
1194 2357 1237 2390 iis
1262 2357 1349 2401 Tyri
1374 2357 1528 2398 coactis,
1552 2355 1730 2389 Maximus

263 2401 598 2445 Hierosolymorum
634 2402 804 2440 antistes,
844 2402 900 2434 cui
925 2403 1026 2435 nulla
1061 2409 1264 2448 paratarum
1292 2403 1487 2438 Athanasio
1514 2403 1731 2437 insidiarum

263 2454 341 2482 erat
367 2449 501 2483 notitia
518 2474 528 2490 ,
565 2447 721 2482 advenit.
789 2449 1003 2483 Athanasius
1031 2450 1173 2484 demum
1199 2453 1408 2499 iniquorum
1434 2463 1644 2486 consessum
1670 2452 1730 2484 in-

262 2507 401 2540 gressus
442 2502 688 2530 accusatorum
723 2497 918 2530 calumnias
943 2509 1154 2532 aranearum
1192 2500 1305 2534 instar
1331 2500 1520 2534 dissolvit:
1546 2498 1639 2532 adeo
1669 2504 1732 2540 ut,

262 2543 362 2589 quod
397 2544 437 2578 in
468 2543 657 2577 mendacio
689 2544 843 2578 fuissent
873 2544 1112 2589 deprehensi,
1138 2548 1306 2582 concitati
1333 2554 1370 2581 et
1395 2547 1647 2582 vehementius
1672 2547 1732 2580 in-

261 2591 411 2636 dignati,
437 2597 565 2626 cuncta
594 2593 753 2626 tumultu
776 2592 1064 2639 clamoribusque
1095 2596 1276 2640 complere
1295 2597 1497 2642 coeperint,
1525 2595 1734 2629 vociferan-

259 2645 336 2673 tes:
361 2639 484 2674 tollite
507 2640 819 2686 praestigiatorem
848 2651 971 2674 omnes
989 2641 1197 2687 imposturis
1226 2645 1567 2679 circumvenientem
1593 2648 1630 2677 et
1661 2655 1731 2688 op-

260 2688 477 2732 primentem
501 2687 662 2721 silentio.
726 2699 766 2721 ac
801 2688 859 2720 vix
883 2688 1085 2722 Dalmatius
1126 2701 1248 2724 caesar
1279 2692 1507 2736 imperatoris
1530 2702 1645 2736 nepos
1671 2702 1730 2724 ar·-

260 2741 356 2768 mata
381 2736 540 2769 militum
568 2746 677 2768 manu
702 2736 895 2770 instructus
913 2736 1147 2770 Athanasium
1175 2740 1280 2772 morti
1309 2740 1378 2772 sibi
1404 2739 1616 2773 inferendae
1643 2749 1730 2784 pro-

262 2783 398 2817 ximum
423 2784 548 2831 potuit
571 2783 725 2830 eripere.
775 2789 863 2818 tunc
890 2784 1207 2828 etiamArsenius,
1235 2798 1328 2833 quae
1353 2787 1411 2821 dei
1437 2788 1507 2822 suit
1531 2786 1730 2834 providen-
1780 2797 1782 2799 ’
