1768 3106
233 143 347 217 390
666 156 669 158 ’
799 160 1149 204 TquPuAle

232 263 307 305 καὶ
331 260 408 318 τὴν
437 263 672 318 Ἀγχίαλον.
704 261 868 318 ἠπείλει
899 265 946 307 δὲ
976 262 1051 305 καί
1076 262 1127 306 τὰ
1146 261 1313 318 ΙΙἸακροὶ
1345 262 1463 321 τείχη
1479 265 1714 319 καταστρέ-

230 342 333 385 ψαι.
394 330 416 373 ὅ
448 333 495 374 δὲ
522 330 727 385 βασιλεὺς
757 331 966 373 'Rimmon
997 329 1073 373 τόν
1100 333 1321 386 πατρίκιον
1350 331 1431 374 συν
1452 329 1714 386 Κομμεντιό-

229 403 290 458 λῳ
317 401 516 454 πρέσβεις
543 396 651 453 πρὸς
678 398 752 441 τὸν
780 397 984 453 Χαγάνον
1026 400 1331 449 ἐξαπέστειλεν.
1389 397 1463 442 καί
1494 398 1518 440 ὅ
1546 397 1713 453 βάρβαῇ

230 481 304 521 ρος
335 467 409 509 ἐπὶ
434 472 528 515 ταῖς
554 467 639 509 τῶν
657 464 827 508 πάκτων
852 463 1090 522 συνθήκαις
1120 465 1291 522 εἰρήνην
1319 461 1438 521 ιῖγειν
1460 463 1712 520 καθωμολό-

228 549 369 590 γησεν.
425 534 471 576 ἐν
501 534 547 575 δὲ
579 535 634 590 τῇ
661 532 848 590 ἀνατολῇ
872 530 1069 589 Ἰωάννην
1095 532 1169 577 τὸν
1189 533 1752 590 Μουστᾰκωναστρατη-5

230 600 307 657 γὸν
333 602 561 655 Ἀρμενίας
589 602 837 656 πεποίηκεν·
905 598 952 650 ὃς
982 599 1203 657 ἐληλυθώς
1241 603 1289 644 ἑν
1319 604 1378 660 τῷ
1409 601 1602 660 Νυμφίῳ
1636 616 1714 642 πο-

229 670 362 727 ταμῷ,
391 666 497 710 ἔνθα
528 670 584 726 τῷ
610 670 777 724 Τίγριδι
811 670 1102 726 διαμίγνυται,
1132 669 1368 724 συμβάλλει
1395 669 1579 723 πόλεμον
1607 667 1713 723 μετὰ

191 735 489 791 ΟΚαρδαρίγα
509 736 814 791 (Καρδαρίγας
842 737 890 778 δὲ
919 736 996 778 οὔκ
1025 734 1114 780 ἔστι
1143 735 1292 793 κύριον
1319 731 1468 794 ὄνομα,
1495 738 1586 779 ἀλλ’
1615 736 1716 786 α’ξίω

228 801 392 859 μεγάλη
421 802 540 858 παρὰ
574 805 772 859 Πέρσαις
798 805 875 845 τοῦ
902 805 985 846 τῶν
1003 805 1192 861 Περσῶν
1220 807 1478 862 στρατηγοῦ)
1510 802 1585 846 καί
1611 820 1717 860 κρα-

230 873 354 913 τοῦσι
384 871 469 912 τῶν
503 867 740 927 βαρβάρων
769 869 809 913 οἱ
833 869 1066 925 Ῥωμαῖοι.
1138 874 1286 927 Κροῧς
1317 875 1364 916 δὲ
1393 871 1415 914 ὅ
1451 869 1716 928 ὖποστράτη-
1736 890 1768 916 ι(

229 953 302 991 γος
331 935 480 996 φθόνῳ
510 935 808 994 ζηλοτυπήσας
838 940 1049 994 τρέπεται.
1096 943 1250 982 τοῦτον
1275 939 1436 990 ἰδόντες
1452 941 1538 994 ᾖκαί
1565 937 1604 981 οἱ
1629 943 1717 981 λοι-

231 1004 308 1046 noa*
333 1007 415 1048 τῶν
440 1006 675 1059 “Ρωμαι’ων
702 1006 960 1062 ἐτράπησαν,
991 1009 1065 1049 καί
1082 1006 1207 1061 μόλις
1227 1008 1300 1050 ε’πί
1323 1006 1397 1050 τὸν
1418 1006 1592 1062 χάρακα
1621 1008 1716 1049 δια-

233 1071 458 1125 σώζονται.
533 1074 736 1128 δευτέρας
781 1075 830 1117 δὲ
855 1077 1074 1129 συμβολῆς
1102 1077 1327 1131 γενομένης
1364 1074 1577 1132 ἡττῶνται
1601 1074 1718 1118 ‘Pm-

233 1145 370 1196 μαῖοι,
402 1139 477 1182 καί
501 1139 653 1183 πολλοὶ
678 1143 725 1193 ἐξ
754 1141 896 1184 αὐτῶν
925 1141 1242 1199 διεφθάρησαν.

21 1221 62 1256 Α.
66 1221 115 1255 Μ.
128 1221 223 1266 6076
352 1205 499 1267 Τουτῳ
530 1211 588 1266 τῷ
615 1206 699 1251 ε’τει
725 1226 828 1265 μηνι
861 1210 1106 1267 Δεκεμβοιίο
1139 1210 1194 1266 κ’,
1226 1210 1457 1253 ἰνδικτιῶνι
1485 1208 1547 1266 β’,
1605 1204 1718 1251 ’ὕπα-
1737 1212 1768 1253 1¹

92 1288 135 1321 V.
158 1290 306 1332 ι7ιτος
334 1275 358 1316 ὅ
389 1276 595 1330 βασιλεῦς
623 1276 939 1333 ἀναγορεύεται,
968 1281 1043 1320 καί
1078 1276 1263 1328 πολλοὺς
1289 1275 1542 1334 θησαυρούς
1567 1279 1623 1335 τῇ
1642 1277 1720 1318 πό-

186 1334 296 1384 Ι)λει
337 1342 600 1398 ἐδωρήσατο.
671 1343 960 1399 προβάλλεται
997 1347 1044 1388 δὲ
1085 1344 1345 1388 Φιλιππικὸν
1381 1344 1620 1402 στρατηγὸν
1649 1348 1723 1400 τῆς

229 1409 365 1469 ὲιόας,
394 1410 576 1467 ποιήσας
613 1411 750 1454 αὐτὸν
787 1412 985 1469 γαμβρὸν
1020 1415 1081 1463 εἰς
1110 1416 1151 1457 Γ
1151 1415 1300 1469 ορὸίἀν
1336 1411 1416 1469 τὴν
1444 1413 1559 1456 ἰδιάν
1592 1412 1722 1454 ἀδελ-

236 1478 334 1536 φήν.
395 1475 417 1521 ὅ
446 1481 494 1522 δὲ
525 1480 787 1531 Φιλιππικός
825 1481 1081 1535 καταλαβών
1125 1480 1178 1524 τοὶ
1211 1478 1413 1538 Περσικά
1441 1481 1565 1538 μέρη,
1594 1481 1723 1536 ἐπλη-

330 1644 364 1667 2.
390 1631 456 1669 τὸν
481 1633 565 1666 add.
592 1645 637 1667 ex
664 1634 705 1667 A.
815 1635 849 1680 4.
875 1635 1053 1682 πριέκτων
1077 1636 1101 1669 b
1128 1636 1153 1669 f.
1267 1637 1302 1670 6.
1326 1634 1435 1684 Ἆρα.
1463 1637 1668 1679 πεποίηκεν
1693 1635 1722 1668 Α

335 1682 373 1723 h,
400 1683 506 1728 Ἀρμ.
537 1681 556 1717 ὁ
584 1678 762 1727 βασιλευς
784 1694 873 1718 πεπ
900 1685 996 1728 vulg.
1095 1697 1129 1730 7.
1157 1683 1416 1731 ἀνααίγνυται
1436 1695 1468 1724 a,
1483 1687 1665 1732 μίγνυται
1680 1683 1719 1716 Α.

331 1733 365 1764 8.
392 1730 625 1790 Λαρὸαρίγα
649 1731 678 1764 Α
706 1742 739 1772 a,
767 1731 1034 1778 Καρδαρὴγαν
1060 1733 1158 1778 vulg.
1301 1732 1559 1795 Καρδαρίγας
1584 1731 1624 1766 δὲ
1650 1743 1722 1764 om.

331 1779 372 1818 A,
400 1774 419 1813 ὃ
451 1791 517 1813 ουκ
539 1780 619 1813 ἔστι
644 1789 675 1811 a.
817 1784 974 1826 μεγίστη
1004 1781 1029 1822 Υ,
1168 1792 1219 1814 ιι.
1251 1783 1316 1815 καὶ
1347 1783 1385 1817 οἱ
1405 1782 1436 1815 λ.
1463 1782 1505 1822 A,
1535 1781 1574 1816 οἱ
1596 1781 1724 1815 λοιποὶ

330 1826 428 1881 vulg.
557 1838 609 1860 ια.
636 1825 858 1872 ἐτραπησαν
883 1829 913 1862 A
939 1840 980 1871 a,
1005 1830 1207 1875 τρέπονται
1231 1829 1326 1873 vulg.
1455 1839 1508 1874 ¹7·
1538 1829 1723 1863 Φιλιππι-

333 1868 409 1910 xlm
426 1875 456 1908 A
472 1886 490 1907 a
508 1873 545 1917 b,
575 1876 771 1911 Φίλιππον
783 1876 880 1922 vulg.
985 1888 1036 1924 ¹9·
1064 1878 1294 1921 ἐπλησίασεν
1309 1878 1350 1919 Α,
1379 1877 1603 1921 ἐπλησίαζεν
1625 1876 1722 1920 vulg.

240 2014 334 2047 (litas
362 2014 606 2059 expugnavit,
632 2014 802 2061 cepitque
838 2014 1069 2049 Anchialum.
1135 2016 1226 2061 quin
1253 2016 1363 2049 etiam
1396 2015 1558 2059 Longum
1584 2025 1725 2047 murum

242 2067 404 2094 evertere
429 2063 588 2096 minatus
617 2068 682 2096 est.
735 2063 972 2109 quamobrem
998 2065 1195 2109 imperator
1217 2063 1402 2109 Elpidium
1429 2063 1619 2108 patricium
1645 2074 1727 2095 cum

242 2109 511 2143 commentiolo
553 2111 691 2154 legatos
729 2111 775 2145 ad
803 2111 1010 2156 Chaganum
1037 2112 1255 2145 destinavit:
1292 2116 1368 2157 tum
1395 2110 1572 2144 barbarus
1597 2121 1726 2156 pacem

244 2168 288 2190 ex
313 2162 499 2202 pactorum
529 2158 801 2192 conditionibus
827 2171 865 2192 se
894 2165 1118 2193 servaturum
1138 2160 1345 2204 pollicetur.
1397 2164 1581 2192 caeterum
1610 2159 1728 2204 impe-

245 2209 343 2237 rator
368 2205 542 2238 Ioannem
556 2206 835 2240 Mustaconem'
827 2220 864 2240 ln
886 2209 1026 2242 oriente
1045 2209 1237 2240 Armeniae
1264 2206 1392 2239 ducem
1420 2207 1634 2240 constituit:
1663 2206 1728 2252 qui

245 2264 324 2286 cum
346 2252 392 2284 ad
416 2264 557 2286 amnem
586 2254 833 2299 Nymphium‚
862 2267 932 2301 qua
969 2257 1006 2289 in
1030 2256 1168 2300 Tigrim
1195 2254 1358 2296 confluit,
1384 2254 1601 2295 devenisset,
1626 2265 1727 2287 com-

244 2300 354 2334 missa
386 2311 505 2346 pugna
533 2313 613 2334 cum
640 2302 833 2348 Cardariga
861 2303 1084 2349 (Cardarigas
1109 2303 1296 2348 proprium
1326 2315 1461 2336 nomen
1487 2303 1636 2336 minime
1662 2306 1729 2342 est,

245 2348 310 2381 sed
337 2349 492 2380 maxima
521 2349 618 2394 apud
633 2350 767 2391 Persus,
793 2352 922 2384 summi
939 2352 1107 2384 nimirum
1133 2350 1246 2392 (lucis,
1276 2351 1434 2396 dignitas
1458 2351 1628 2395 habetur)
1655 2351 1727 2382 Ro-

246 2397 343 2430 mani
384 2396 619 2429 barbarorum
657 2399 864 2443 superiores
896 2400 1175 2433 remansissent:
1214 2399 1285 2432 nisi
1321 2399 1409 2433 Crus
1451 2400 1591 2444 legatus
1627 2397 1730 2430 ducis

247 2444 385 2489 gloriae
411 2444 578 2478 invidens
604 2444 689 2478 data
719 2457 829 2490 opera
855 2453 953 2491 terga
972 2448 1159 2480 vertisset:
1187 2458 1294 2493 quem
1321 2459 1400 2480 cum
1427 2447 1626 2503 fugientem
1646 2456 1729 2478 cae-

247 2493 316 2526 teri
347 2493 497 2525 Romani
521 2491 700 2526 vidissent
725 2494 791 2539 ipsi
817 2495 924 2528 etiam
952 2506 989 2528 se
1016 2495 1054 2528 in
1080 2495 1200 2539 fugam
1226 2495 1428 2537 dederunt,
1450 2496 1583 2541 vixque
1608 2493 1646 2526 in
1671 2504 1731 2526 ca-

249 2546 323 2574 stra
346 2551 384 2573 se
410 2546 626 2586 receperunt
658 2541 871 2576 incolumes.
933 2543 1100 2589 initaque
1122 2519 1258 2578 D‹lenuo
1293 2555 1428 2590 pugna,
1463 2542 1615 2578 Romani
1644 2541 1731 2575 victi

251 2594 346 2622 suut.
371 2588 569 2634 pluresque
593 2588 776 2623 trucidati.

59 2647 153 2681 A.C.
171 2647 262 2693 576
347 2636 424 2669 Hoc
454 2648 572 2678 anno,
612 2638 746 2670 mensis
772 2636 983 2670 Decembris
1009 2636 1070 2671 die
1095 2637 1268 2682 vigesimo
1285 2664 1295 2679 ‚
1331 2637 1534 2672 indictione
1560 2638 1732 2677 secunda,

252 2685 452 2728 imperator
491 2684 619 2718 consul
663 2684 901 2729 designatus,
932 2696 1141 2730 magnorum
1179 2686 1431 2720 thesaurorum
1464 2697 1616 2719 munera
1650 2685 1732 2718 urbi

253 2732 402 2775 largitus
430 2738 496 2766 est.
559 2732 804 2778 Philippicum
844 2739 991 2772 autem,
1025 2733 1162 2767 Gordia
1189 2746 1311 2768 sorore
1340 2735 1376 2767 in
1402 2735 1668 2768 matrimonium
1698 2734 1730 2765 ei

251 2780 384 2822 locata,
410 2791 583 2826 generum
616 2780 686 2815 sibi
728 2782 882 2816 ascitum
908 2781 1058 2816 orientis
1092 2781 1220 2816 ducem
1247 2783 1391 2818 creavit.
1444 2781 1670 2828 Philippicas
1693 2781 1732 2815 in
