1702 3172
1695 89 1700 98 ν
1689 0 1702 78 1ψῆ

188 198 226 265 4
741 201 1087 246 PROOEMIUM.

94 316 316 374 P.2yova3<;
349 314 565 368 Ταρασιόυ
603 308 678 351 τοῦ
721 303 960 361 ἁγιωτιὶτου
990 301 1258 355 πατριάρχου
1301 301 1653 342 Κωνσταντινου-

184 382 363 438 πόλεως,
401 380 618 434 ἐλλόγιμος
647 374 754 429 ἀνὴρ
796 375 870 414 καί
894 370 1271 423 πολυμαθέστατος
1302 365 1523 422 ὑπάρχων,
1551 369 1654 407 πολ-

184 449 285 500 λούς
323 465 368 492 τε
403 442 723 503 χρονογράφους
772 442 845 482 καί
881 433 1243 492 ζὶστοριογράφους
1298 431 1528 491 ἀναγνούς,
1581 433 1656 475 καί

185 517 370 573 α’κριβῶς
408 513 579 561 τούτους
620 503 1064 563 διεξερευνησάμενος,
1094 501 1302 555 σύντομον
1330 501 1653 556 χρονογραφίαν

185 584 268 627 ἀπὸ
309 581 445 635 Ἀδάμ
487 581 612 634 μέχρι
656 574 964 629 Διοκλητιανοῦ
1007 572 1082 613 τοῦ
1119 571 1330 623 βασιλέως
1366 568 1440 610 καί
1470 564 1689 609 διώκτουό

182 653 264 694 τῶν
293 648 560 704 Χριστιανῶν
599 643 780 697 οἷκριβαῖς
813 637 1137 693 συνεγράψατο,
1177 636 1277 685 τούς
1306 651 1351 677 τε
1391 632 1574 689 χρόνους
1608 633 1654 675 ἐν

144 720 315 774 Βπολλῇ
347 714 532 766 ἐξετάσει
567 706 1029 766 οἶκριβολογησοίμενος,
1071 704 1144 746 καί
1171 702 1248 753 τοὶς
1284 701 1445 745 τούτων
1484 705 1652 758 διαφω-

182 786 273 833 νίας
301 778 594 835 συμβιβάσας,
635 778 710 819 καί
749 770 1167 828 ἐπιδιορθωσοίμενος
1196 773 1270 813 καὶ
1313 769 1554 825 συστήσας,
1593 767 1652 819 ὥς

183 850 322 899 οὖδείς
353 845 475 896 ἄλλος
503 846 585 888 τῶν
613 842 694 900 πρὸ
726 842 881 898 αὐτοῦ,
920 842 995 889 τάς
1023 854 1067 882 τε
1097 841 1183 881 τῶν
1217 837 1651 894 ἀρχαίων-βασιλέων

87 914 335 966 Ῡ.2παντός
368 913 520 963 ἔθνους
558 912 772 959 πολιτειάς
800 924 843 951 τε
887 906 961 950 καί·
998 905 1098 956 τούς
1127 906 1311 963 χρόνους
1343 900 1702 962 α’ναγραψιὲμε-ῐῑ

179 999 270 1039 νος,
299 980 372 1023 καί
398 978 504 1022 κατὰ
532 978 577 1022 τὸ
608 977 780 1035 ἐφικτὸν
821 977 938 1033 αὐτῷ
965 972 1064 1023 τούς
1098 974 1314 1030 α’ρχιερεῖς
1341 974 1427 1015 τῶν
1455 970 1651 1027 μεγάλων

179 1053 253 1092 καί
283 1048 578 1101 οἶκουμενικιὸν
617 1042 807 1100 θρόνων,
834 1042 1000 1098 Ῥώμης
1025 1057 1095 1095 τε,
1139 1043 1278 1097 φημί,
1318 1042 1393 1082 καί
1418 1042 1652 1083 Κωνσταν-

141 1113 481 1168 Οτινουπόλεως,
509 1111 826 1166 Ἀλεξανδρείας
855 1126 898 1152 τε
937 1111 1010 1151 καί
1040 1109 1297 1163 Ἀντιοχείας
1325 1108 1398 1150 καί
1417 1103 1652 1163 Ἱεροσολύ-

177 1200 296 1238 μων,
326 1179 423 1232 τούς
452 1196 498 1222 τε
529 1177 767 1234 όρθοδόξως
789 1176 865 1233 τὴν
895 1177 1118 1232 ἐκκλησίαν
1137 1175 1425 1229 ποιμάναντας
1454 1171 1528 1215 καί
1555 1170 1653 1220 τούς

180 1252 224 1292 ἐν
251 1249 413 1303 αἱρέσει
457 1248 688 1304 λῃστρικῶς
728 1241 961 1300 ἄρξαντας,
1006 1243 1079 1283 καί
1129 1240 1230 1291 τούς
1271 1242 1434 1284 τούτων
1471 1234 1702 1295 χρόνουςιέ

180 1317 364 1372 οἷκριβῶς
395 1315 593 1364 ε’νέταξεν.
650 1313 745 1354 ἐπεῖ
774 1312 820 1352 δὲ
848 1310 896 1351 τὸ
929 1308 1045 1360 τέλος
1073 1310 1148 1350 τοῦ
1176 1311 1274 1362 βίου
1305 1310 1450 1351 τοῦτον
1478 1310 1653 1350 κατέλα-

178 1387 274 1438 βεν,
318 1380 391 1423 καὶ
421 1383 480 1429 εἰς
508 1381 638 1435 πέρας
668 1379 839 1433 α’γαγεῖν
865 1375 933 1419 τὸν
972 1372 1128 1418 ἑαυτοῦ
1168 1375 1320 1418 σκοπὸν
1350 1375 1423 1417 ου’κ
1452 1372 1654 1430 ἴσχυσεν,

180 1448 311 1505 α’λλοὲ,
353 1445 496 1496 καθώς
537 1448 808 1502 προέφημεν,
846 1446 978 1499 μέχρι
1005 1444 1313 1498 Διοκλητιανοῦ
1342 1441 1652 1498 συγγραψάμε-

180 1532 275 1570 νος,
314 1513 386 1557 τὸν
428 1516 528 1572 τῇδε
555 1516 648 1567 βίον
678 1514 936 1565 ῥκατέλυσεν,
979 1513 1052 1553 καί
1081 1508 1184 1564 πρὸς
1217 1509 1363 1566 κύριον
1395 1508 1653 1565 ἐξεδήμησεν

137 1584 227 1630 Βὲν
255 1582 468 1640 ὄρθοὸόξῳ
497 1582 654 1636 πίστει,
689 1579 811 1635 ἡμῖν,
842 1578 900 1630 ὥς
919 1581 1102 1635 γνησίοις
1132 1575 1300 1634 φίλοις,
1327 1577 1400 1634 τήν
1428 1592 1475 1619 τε
1503 1577 1651 1631 βίβλον
1665 1587 1702 1616 2<

278 1723 310 1745 2.
340 1710 522 1758 ὑπάρχων
551 1709 634 1743 add.
665 1720 710 1743 ex
735 1709 901 1743 omnibus
927 1708 1032 1743 codd.
1058 1712 1201 1754 praeter
1227 1717 1258 1753 g.
1379 1708 1537 1746 πολλούς
1563 1718 1602 1742 τε
1622 1706 1653 1740 Ο

274 1765 419 1806 praeter
443 1771 474 1804 g,
526 1757 655 1797 ἄλλους
671 1768 710 1792 τε
734 1758 830 1802 vulg.
928 1757 962 1801 4.
991 1755 1329 1804 διερευνησάμενος
1365 1754 1402 1790 Δ.
1523 1756 1555 1788 5.
1582 1759 1655 1801 βα-

276 1808 404 1846 σιλέως
428 1806 622 1854 Ῥωμαίων
645 1816 665 1838 a
685 1805 707 1838 b
726 1817 757 1840 e.
838 1806 887 1839 16.
914 1803 1088 1846 ἀνέταξεν
1113 1805 1139 1838 f.
1235 1804 1368 1839 τοῦτον
1388 1814 1458 1837 om.
1477 1804 1519 1837 A.
1602 1815 1653 1849 ¹7·

277 1851 419 1889 σκοπὸν
443 1855 473 1887 A
498 1854 569 1895 af,
592 1852 713 1890 κόπον
747 1853 824 1887 rell.
852 1853 949 1897 vulg.
1099 1853 1151 1887 18.
1182 1850 1504 1901 συγγραψάμενος
1529 1851 1557 1885 Α
1583 1862 1603 1884 a
1622 1851 1653 1893 f,

275 1901 411 1949 οἷναγρ.
441 1902 520 1935 rell.
547 1902 642 1947 vulg.
746 1913 797 1948 ¹9·
823 1903 1018 1938 κατέλιπεν
1040 1901 1082 1935 Α.

185 2010 400 2054 Syncellus,
422 2010 478 2043 vir
514 2010 666 2043 eximius
718 2015 753 2044 et
791 2009 1080 2052 eruditissimus,
1120 2009 1245 2043 multis
1298 2005 1655 2052 chronographorum

186 2064 223 2091 et
246 2057 500 2091 historicorum
528 2058 628 2091 libris
654 2058 833 2100 evolutis,
865 2064 904 2091 et
927 2070 1002 2091 non
1029 2058 1169 2102 vulgari
1196 2056 1388 2100 diligentia
1415 2055 1655 2096 examinatis,

186 2105 490 2150 compendiariam
519 2105 562 2138 ab
583 2105 719 2138 Adamo
748 2105 794 2138 ad
819 2105 1044 2151 imperatoris
1071 2111 1109 2139 et
1135 2104 1420 2139 Christianorum
1449 2114 1655 2148 persequu-

186 2154 273 2186 toris
302 2153 523 2186 Diocletiani
550 2158 714 2198 tempora
754 2153 1077 2198 chronographiam
1118 2153 1281 2198 scripsit3
1308 2151 1551 2196 discussisque
1576 2156 1655 2184 stu-

187 2200 289 2234 diose
310 2205 512 2245 temporum
540 2200 741 2234 rationibus
768 2200 814 2234 ad
838 2202 993 2234 invicem
1019 2201 1258 2246 comparavit,
1285 2199 1511 2240 emendavit,
1537 2210 1590 2239 ac,
1615 2202 1656 2231 ut

186 2248 310 2281 nullus
335 2253 417 2281 ante
444 2248 519 2280 eius
549 2254 723 2290 aetatem,
751 2249 983 2283 solertissime
1025 2249 1253 2294 composuit:
1284 2248 1480 2292 priscorum
1505 2247 1657 2292 insuper

186 2307 309 2340 regum
335 2301 372 2329 et
396 2297 582 2328 nationum
628 2297 873 2330 universarum
912 2302 1007 2330 statu
1039 2303 1075 2330 et
1105 2296 1275 2340 regimine
1303 2301 1501 2336 annotato,
1530 2295 1656 2338 singu-

186 2343 400 2388 lorumque,
431 2348 605 2388 quantum
632 2344 747 2385 licuit,
775 2343 975 2378 observatis
1002 2344 1208 2383 aetatibus,
1237 2354 1478 2388 supremarum
1507 2348 1544 2376 et
1570 2341 1656 2374 uni-

187 2391 376 2424 versalium
402 2390 564 2432 sedium,
595 2392 748 2433 Romae,
776 2391 856 2424 dico
872 2418 881 2433 ,
907 2397 944 2425 et
970 2391 1115 2437 Cpolis,
1141 2391 1403 2431 Alexandriae,
1426 2389 1657 2430 Antiochiae,

188 2444 226 2472 et
252 2438 609 2482 Hierosolymorum,
649 2439 723 2472 sive
751 2440 813 2484 qui
844 2440 938 2472 sanis
977 2439 1224 2484 dogmatibus,
1247 2450 1311 2472 ceu
1341 2438 1512 2484 pabulis,
1539 2438 1659 2471 eccle-

186 2486 272 2519 siam
301 2486 487 2527 aluerunt,
522 2487 593 2519 sive
635 2487 699 2532 qui
728 2498 794 2532 per
818 2488 890 2519 vini
926 2492 962 2520 et
985 2487 1166 2520 latronum
1206 2498 1304 2520 more
1328 2487 1532 2532 principatu
1558 2485 1659 2519 arre-

186 2539 273 2579 pto,
302 2534 490 2566 haeresum
516 2533 695 2579 pravitate
721 2545 860 2579 gregem
888 2535 1115 2575 infecerunt,
1141 2535 1329 2580 pontifices
1357 2533 1593 2575 enumeravit,
1622 2537 1661 2567 et

187 2591 313 2614 eorum
344 2587 505 2626 tempora
533 2587 569 2614 et
593 2592 705 2615 annos
735 2583 876 2627 egregio
902 2582 1032 2616 ordine
1066 2582 1224 2627 digessit.
1287 2582 1467 2616 enimvero
1494 2593 1576 2615 cum
1601 2581 1662 2614 vi-

185 2634 245 2662 tae
271 2628 425 2662 termino
453 2635 687 2674 praereptus,
712 2629 757 2662 ad
784 2631 1010 2675 propositum
1048 2630 1155 2664 finem
1180 2641 1255 2663 non
1279 2631 1441 2675 potuerit
1466 2629 1660 2663 consilium

187 2687 290 2709 suum
314 2676 534 2722 perducere,
568 2676 655 2718 sed,
692 2682 732 2710 ut
776 2679 1091 2723 praemonuimus,
1131 2678 1272 2723 scriptis
1306 2676 1534 2711 solummodo
1563 2687 1660 2722 quae

186 2724 409 2757 Diocletiani
435 2724 621 2769 attingunt
646 2730 812 2764 aetatem,
838 2726 947 2759 vitam
978 2725 1072 2759 hanc
1097 2726 1287 2759 mortalem
1314 2725 1487 2767 deseruit,
1515 2730 1553 2758 et
1577 2735 1659 2757 cum

188 2777 283 2804 recta
309 2771 381 2805 fide
418 2771 465 2805 ad
502 2771 687 2805 dominum
727 2774 931 2818 profectus,
957 2773 1064 2807 nobis
1103 2774 1205 2807 velut
1229 2773 1484 2807 sincerioribus
1509 2772 1631 2805 amicis
1648 2797 1658 2812 ‚

188 2818 287 2864 quod
314 2819 431 2854 suerat
467 2820 640 2863 molitus,
681 2831 771 2867 opus
798 2821 1050 2868 imperfectum
1088 2821 1195 2855 simul
1222 2821 1390 2869 reliquit,
1415 2826 1472 2862 et,
1499 2826 1540 2855 ut
1566 2830 1659 2866 quae
