1786 3204
276 148 389 222 298
831 174 1182 219 THEOPHANJS

271 270 417 321 αυ”τοι”’ς
445 271 486 314 Γ
482 274 692 328 ελᾴιερος,
721 271 781 329 μὴ
810 276 1050 330 γνώσαντος
1067 277 1176 332 μήτε
1202 275 1250 319 τὸ
1276 278 1587 334 Κιβαμούνδου
1616 281 1754 332 πάθος
1781 312 1786 317 -

268 337 376 393 μήτε
406 336 455 380 τὸ
494 340 569 382 τοῦ
593 339 782 394 Ἀματᾶ.
856 342 951 386 ἐπεὶ
980 346 1028 386 δὲ
1054 343 1177 399 ἐγγὺς
1207 343 1398 402 α’λλῆλων
1426 347 1622 403 γεγόνασι
1650 365 1752 403 προ-

269 404 522 462 τερήσαντες
539 406 795 467 Ουάνδῆλοι,
824 410 901 454 τὸν
930 410 1063 469 λόφον
1098 413 1489 469 καταλαμβάνουσι,
1521 417 1596 458 καί
1623 420 1752 472 φοβε-

267 473 340 528 ροὶ
368 479 454 525 τοῖς
481 476 687 526 ἐναντίοις
718 477 994 533 ἐδείχθησαν.
1065 479 1105 522 οἱ
1137 482 1184 523 δὲ
1205 480 1412 534 Ῥωμαῖοι
1438 485 1662 539 τραπέντες
1692 486 1752 534 εἰς

263 542 426 596 χωρίον
456 542 738 599 α’φικνοῦνται
767 547 972 596 σταδίους
999 544 1106 590 ἓπτὰ
1137 550 1213 590 τοῦ
1227 551 1416 603 Δεκιζιιου
1447 550 1619 606 ἀπέχον.
1649 551 1786 602 θεὸςᾶ

267 609 317 651 δὲ
346 610 526 659 τούτους
547 609 800 667 παραδόξως
832 615 1072 666 ἀλλοιώσας
1103 617 1164 667 εἰς
1193 619 1357 660 δειλίαν
1385 621 1654 676 κατέστησεν.
1713 621 1754 664 εἰ

264 675 347 733 γὰρ
381 673 457 733 την
487 678 631 730 δίωξιν
660 679 797 730 εὐθυς
825 682 1095 739 ἐποιήσαντο,
1130 680 1266 741 ἄρδην
1298 681 1490 738 ἅπαντας
1519 687 1598 730 σὺν
1624 691 1751 731 Βελι-

264 744 401 803 σαρίῳ
433 746 700 803 διέφθειραν,
735 751 954 804 (τοσοῦτον
990 746 1043 807 ἦν
1069 750 1118 794 τὸ
1156 755 1321 809 πλῆθος
1348 757 1435 798 ταῖν
1467 754 1750 814 Ουάνδηλων)

265 814 339 855 καί
364 811 437 855 τὸν
463 811 659 871 Ἰωάννην
697 815 1020 874 ὑποστρέφοντα
1058 821 1105 863 ἐκ
1134 821 1421 877 Καρχηδόνος
1466 821 1543 866 καί
1569 823 1750 866 σκυλεύ-

225 889 365 924 Οοντα
389 878 491 931 τούς
519 884 755 933 τεθνεῶτας
784 884 967 941 ιῖπονητί
991 890 1204 944 κρατῆσαι
1225 885 1424 944 ἤμελλον.
1496 890 1656 934 κατιών
1702 894 1780 936 δὲι

262 950 311 991 ἐκ
337 951 418 991 τοῦ
445 947 585 1007 λόφου
601 953 799 1006 Γελιζιιερ,
828 955 901 996 καί
936 953 1076 1011 εὑρών
1103 954 1178 999 τὸν
1207 956 1393 1014 ἀδελφὸν
1418 957 1580 1016 νεκρόν,
1613 959 1675 1009 εἴς
1705 977 1750 1003 τε

263 1016 520 1074 ὀλοφύρσεις
549 1018 723 1075 ἐτράπη,
750 1021 825 1063 καί
844 1023 928 1078 »τῆς
959 1024 1074 1080 νίκης
1104 1023 1181 1080 τήν
1210 1023 1350 1081 α’κμην
1379 1021 1608 1081 ἤμβλυνεν.
1667 1031 1751 1071 Βε-

261 1085 457 1142 λισάριος
486 1088 534 1130 δὲ
563 1086 663 1138 τούς
692 1103 735 1131 τε
766 1090 997 1146 φεύγοντας
1025 1095 1172 1148 στῆναι
1217 1092 1434 1148 κελεύσας,
1466 1095 1538 1137 καὶ
1567 1099 1752 1148 κοσμίως

260 1151 400 1198 πάντα
430 1153 647 1208 διατάξας,
681 1158 757 1199 καί
781 1157 995 1209 ὀνειδίσας
1022 1162 1094 1215 τῆς
1125 1162 1301 1217 δειλίας,
1324 1186 1326 1188 -
1350 1163 1424 1204 καί
1449 1160 1528 1218 την
1555 1162 1752 1218 τελευτὴν

262 1225 350 1265 τῶν
374 1222 590 1278 ἐναντίων,
621 1221 711 1278 ἅμα
739 1241 786 1267 τε
815 1228 890 1268 καί
917 1225 994 1284 τήν
1018 1226 1221 1272 Ἰωάννου
1251 1229 1370 1286 νίκην
1398 1229 1569 1284 μαθών,
1601 1228 1748 1290 δρόμῳ
1771 1250 1782 1276 1

263 1290 339 1334 καί
386 1292 563 1352 α’νδρείᾳ
604 1294 677 1335 ἐπὶ
706 1293 920 1349 Γελίμερα
958 1301 1106 1351 χωρεῖ’.
1167 1294 1207 1339 οἱ
1245 1298 1292 1339 δὲ
1330 1298 1546 1354 βάρβαροι
1581 1299 1750 1354 α’παρα-

262 1359 490 1404 σκεύαστοι
536 1360 812 1416 εὖρεθὲντες,
859 1364 927 1417 εἰς,
958 1363 1103 1421 φυγήν
1147 1362 1395 1420 ἐτράπησαν
1430 1364 1651 1421 κραταιάν,
1680 1368 1754 1409 καί

261 1428 445 1480 πολλοὺς
488 1425 774 1486 ἀποβαλόντες
820 1432 882 1481 εἷς
923 1435 943 1455 *
973 1430 1180 1488 Μήδειαν
1221 1433 1415 1490 ἐχώρουν
1449 1432 1751 1484 καταλιπόντες

215 1495 543 1555 ΒΚαρχηδόνα.
613 1497 766 1550 νυκτὸς
809 1502 857 1542 δὲ
884 1500 1220 1557 καταλαβούσης,
1264 1498 1288 1542 ὅ
1316 1518 1359 1544 τε
1391 1502 1647 1558 Βελισάριος
1677 1493 1752 1545 καί

254 1561 451 1624 Ἰωάννης
485 1567 556 1610 καί
595 1565 636 1610 οἱ
664 1570 954 1625 Μασσαγέται
994 1569 1053 1619 εἰς
1083 1570 1271 1624 Δέκιμον
1311 1567 1583 1627 ἀφικόμενοι,
1610 1567 1785 1613 adnm

354 1720 390 1754 6.
421 1716 630 1757 ἀλλοιώσας
653 1718 694 1761 A,
724 1718 880 1760 ἀλλοίως
902 1721 998 1766 vulg.
1114 1720 1166 1754 13.
1191 1721 1277 1759 τούς
1299 1731 1338 1756 τε
1367 1733 1408 1767 φ.
1432 1720 1474 1761 Α,
1499 1721 1564 1755 καὶ
1589 1714 1678 1758 τοὺς
1703 1732 1746 1767 φ.

355 1767 456 1814 vulg.
584 1770 635 1804 ι5.
660 1765 726 1813 τὴν
750 1768 835 1803 add.
860 1779 905 1803 ex
930 1769 971 1802 A.
1108 1779 1166 1803 20.
1194 1769 1321 1806 πάντα
1350 1770 1391 1812 Α,
1420 1767 1574 1805 ἅπαντα
1601 1768 1697 1814 vulg.

263 1915 508 1951 magnumque
537 1903 786 1938 Vandalorum
813 1904 978 1950 equitum
1015 1914 1144 1948 agmen
1170 1914 1188 1936 a
1206 1903 1391 1943 Gelimere
1418 1902 1564 1936 ductum
1592 1913 1747 1949 prospe-

262 1954 337 1987 xit:
365 1951 585 1987 Cibamundi
624 1953 761 1999 quippe
805 1952 944 1986 cladem
984 1958 1020 1986 et
1044 1953 1193 1985 Amatae
1235 1951 1381 1986 caedem
1408 1950 1601 1996 ignorabat
1629 1950 1747 1984 adhuc

263 2000 438 2034 Gelimer.
490 2012 569 2034 cum
595 2012 680 2034 vero
713 2001 858 2047 utrique
887 2000 932 2034 ad
958 2000 1112 2034 invicem
1133 2000 1282 2045 propius
1299 2000 1545 2040 accessissent,
1573 2010 1747 2043 praever-

261 2054 383 2083 tentes
409 2049 566 2083 Vandali
598 2050 776 2082 tumulum
803 2054 996 2095 occupant,
1024 2054 1060 2082 et
1086 2047 1131 2081 de
1158 2059 1195 2081 se
1214 2054 1386 2081 terrorem
1415 2048 1607 2081 maximum
1632 2046 1748 2080 hosti-

261 2097 331 2131 bus
357 2098 566 2131 incutiunt:
594 2109 706 2143 qnare
744 2098 893 2131 Romani
923 2098 961 2131 in
986 2098 1106 2141 fugam
1141 2097 1233 2130 versi
1261 2095 1440 2129 secedunt
1463 2096 1502 2128 in
1526 2095 1645 2128 vicum
1671 2101 1749 2128 sta-

264 2145 335 2179 diis
365 2151 504 2191 septem
531 2158 550 2178 a
574 2146 725 2179 Decimo
756 2151 947 2179 remotum.
999 2145 1088 2179 dens
1115 2150 1234 2177 autem
1256 2150 1402 2189 practer
1428 2154 1570 2176 onmem
1601 2143 1748 2189 opinio-

261 2205 347 2228 nem
372 2193 556 2227 Vandalos
595 2194 634 2227 in
658 2199 794 2227 metum
835 2194 1015 2227 coniecit:
1053 2194 1082 2226 si
1109 2193 1205 2225 enim
1233 2192 1415 2236 fugientes
1443 2191 1617 2225 continuo
1647 2191 1748 2224 inse-

263 2242 371 2287 qunti
399 2247 531 2281 essent,
557 2253 680 2275 onmes
705 2243 853 2287 penitus
882 2254 962 2275 cum
988 2241 1067 2286 ipso
1083 2240 1258 2274 Belisnrio
1291 2239 1336 2272 ad
1364 2240 1652 2273 internecionem
1681 2238 1748 2272 de-

261 2290 436 2324 levissent
495 2288 601 2336 (adeo
649 2291 787 2336 quippe
832 2301 1024 2323 numerosa
1063 2294 1142 2322 erat
1175 2287 1427 2322 Vandalorum
1463 2287 1675 2334 multitudo)
1712 2293 1750 2321 et

262 2341 435 2374 Ioannem
465 2336 682 2382 Carthagine
710 2344 951 2372 revertentem
976 2343 1014 2372 et
1055 2337 1093 2370 in
1120 2336 1246 2381 spoliis
1274 2342 1498 2370 mortuorum
1529 2334 1749 2382 diripiendis

263 2392 491 2433 occupatum,
518 2385 623 2419 nullo
650 2386 795 2431 negotio
820 2387 1026 2432 potuissent
1054 2384 1377 2430 comprehendere.
1429 2384 1591 2419 Gelimer
1620 2384 1748 2418 relicto

261 2436 417 2477 tumuio,
444 2434 506 2467 ubi
541 2439 723 2468 mortuum
751 2434 898 2468 fratrem
929 2432 1095 2474 offendit,
1129 2432 1173 2465 ad
1196 2433 1364 2479 planctus
1391 2439 1429 2467 et
1456 2433 1631 2466 eiulatum
1660 2443 1749 2465 con-

261 2496 387 2519 versus
428 2488 482 2517 est
505 2487 625 2522 totus,
668 2494 711 2515 ex
740 2494 813 2527 quo
847 2483 1020 2516 victoriae
1046 2481 1138 2514 acies
1168 2482 1201 2514 ei
1227 2483 1399 2515 remansit
1424 2481 1573 2515 omnino
1603 2480 1746 2513 obtusa.

262 2533 457 2567 Belisarius
481 2529 706 2575 fugientibus
731 2530 857 2563 sistere
885 2531 1012 2572 iussis,
1048 2541 1132 2562 mox
1157 2535 1286 2563 cuncta
1312 2530 1475 2576 disponit
1502 2534 1642 2569 ornate,
1671 2527 1748 2560 for-

262 2582 440 2616 midinem
465 2578 681 2625 exprobrat,
712 2578 932 2624 cognitaque
964 2589 1071 2625 quam
1114 2578 1362 2612 sustinuerant
1398 2577 1523 2612 hostes
1557 2582 1672 2620 strage
1711 2581 1749 2609 et

264 2641 285 2663 a
310 2630 446 2663 Ioanne
471 2632 576 2674 parta
598 2626 763 2667 victoria,
804 2631 978 2660 contento
1020 2626 1179 2670 corporis
1215 2638 1319 2659 cursu
1355 2631 1392 2660 et
1417 2625 1529 2659 animi
1556 2624 1685 2658 ardore
1711 2624 1748 2657 in

265 2677 488 2711 Gelimerem
514 2676 688 2721 impetum
718 2674 815 2708 facit.
865 2674 1010 2707 barbari
1031 2674 1222 2707 subeundo
1242 2674 1429 2708 certamini
1456 2673 1602 2719 penitus
1630 2673 1750 2716 impa-

266 2726 348 2765 rati,
375 2725 413 2758 in
440 2723 596 2758 validam
624 2723 742 2763 fugam
773 2734 809 2756 se
829 2723 1042 2763 conficiunt,
1070 2728 1107 2755 et
1131 2723 1254 2756 multis
1285 2734 1429 2756 suorum
1457 2721 1596 2754 amissis
1625 2719 1750 2752 deser-

264 2780 378 2819 taque
404 2772 633 2816 Carthagine,
658 2770 817 2806 Mediam
848 2782 884 2804 se
924 2772 1115 2815 recipiunt.
1173 2770 1234 2803 ubi
1262 2783 1334 2804 nox
1361 2770 1512 2814 ingruit,
1542 2768 1748 2807 Belisarius,

266 2822 423 2857 Ioannes
447 2827 483 2856 et
506 2821 730 2867 Massagetae
755 2820 943 2855 Decimum
969 2824 1197 2866 repetentes,
1225 2819 1375 2861 cunctis,
1406 2829 1500 2866 quae
1527 2816 1748 2856 occiderant,
