1768 3106
113 1018 149 1052 P.
165 1026 194 1050 α.

248 148 360 217 442
809 167 1157 209 THEOPHAle

246 269 448 311 πανοικεί.
468 269 541 323 τῆς
555 268 603 311 δὲ
616 269 838 321 βασιλείας
854 269 965 322 μετὰ
988 268 1161 322 άτιμιάς
1180 270 1255 311 καί
1271 267 1381 322 μετὰ
1398 266 1594 311 κινδύνου
1611 270 1727 310 ἐκπί-

247 353 380 387 πτεις.
435 338 573 380 ταῦτα
590 333 779 385 α’κούσας
793 339 1042 391 ΙΙΙαυρίκιος
1070 334 1268 388 ἐδόξασεν
1295 336 1492 392 μεγάλως
1514 334 1584 378 τὸν
1613 335 1726 377 θεόν.

204 406 321 461 Βτῆς
348 407 490 448 τοίνυν
517 403 809 459 μετοπωρινῆς
838 399 955 458 ὥρας
987 403 1337 459 καταλαβούσης,
1369 404 1442 446 καί
1471 405 1726 458 Μαυρικιόυ

245 475 458 528 βασιλέως
484 472 541 528 τῷ
571 473 729 529 Πέτρῳ
762 471 807 513 ἐν
835 473 888 528 τῇ
915 473 1000 513 τῶν
1030 472 1276 524 Σκλαβινιόν
1317 471 1440 530 χώρᾳ
1467 470 1727 525 προστάξαν-

244 556 316 590 τος
342 538 414 582 τὸν
442 536 547 581 λαὸν
567 537 893 593 παραχειμάσαι
924 538 1183 593 ἀντέστησαν
1212 537 1250 581 οἱ
1272 537 1488 593 Ῥωμαῖοι
1516 538 1575 594 μὴ
1599 555 1727 580 κατα·
1743 541 1767 581 5

248 605 472 662 δεχόμενοι
514 607 634 648 τοῦτο
673 610 828 660 ποιεῖν,
869 604 941 648 διά
971 621 1018 648 τε
1047 603 1121 661 την
1160 607 1244 647 τῶν
1287 605 1428 648 ἵππων
1461 609 1729 658 ταπείνωσιν,

247 675 321 717 καί
356 674 427 716 διὰ
468 671 514 716 τὸ
550 671 709 726 πολλην
747 674 934 727 πραῖδαν
971 674 1271 729 ἐπιφέρεσθαι,
1306 675 1381 715 καί
1409 671 1481 715 διὰ
1508 672 1553 716 τὸ
1587 670 1731 729 πλήθη

246 741 483 797 βαρβάρων
531 742 864 795 παρακεχῦσθαι
893 742 945 798 τῇ
988 739 1135 800 χώρᾳ,
1172 742 1247 783 καί
1279 739 1432 784 στάσιν
1461 743 1731 797 ἐμελέτησαν.

248 808 270 851 ὁ
303 811 350 851 δὲ
381 806 616 865 στρατηγὸς
642 808 887 862 α’γανακτῶν
917 809 1027 851 κατὰ
1056 811 1134 850 τοῦ
1164 811 1274 851 zuo&
1301 810 1361 858 εἰς
1390 809 1546 860 πόνους
1575 808 1731 860 αὐτους

246 878 482 931 ἐνέβαλλεν.
540 876 816 919 ἐπιπίπτουσι
846 876 987 919 τοίνυν
1017 876 1139 919 ὑετοί
1166 879 1318 932 λαῦροι
1350 879 1411 935 τῷ
1447 880 1626 936 στρατῷ,
1656 877 1760 919 nain

247 945 389 999 ’ψῦχος
416 943 538 986 πολύ.
612 939 639 984 ὅ
678 945 726 986 δὲ
755 945 925 999 Πέτρος
958 941 1042 988 ἀπὸ
1084 942 1217 987 εἴκοσι
1256 946 1412 998 μιλίων
1442 947 1514 1000 τῆς
1545 946 1731 1000 στράτας

247 1010 323 1068 τὴν
351 1009 576 1068 διατριβήν
622 1011 822 1054 ἐποιεῖτο.
898 1013 1142 1066 Μαυρίκιος
1186 1013 1233 1055 δὲ
1274 1014 1332 1070 τῷ
1365 1013 1519 1070 Πέτρῳ
1554 1012 1731 1067 ἐνώχλει

248 1079 322 1123 διὰ
353 1078 616 1136 γραμμάτων
646 1080 906 1134 διαπερᾶσαι
932 1078 1005 1122 τὸν
1021 1073 1216 1135 Ἴστρον·
1270 1077 1352 1121 -καί
1375 1079 1455 1129 τὰς
1480 1079 1733 1135 χειμερινὰς

249 1144 500 1203 άποτροφοὶς
541 1149 619 1189 τοῦ
659 1147 766 1188 λαοῦ
795 1149 842 1188 ἑκ
881 1147 956 1203 τῆς
1000 1148 1086 1189 τῶν
1112 1148 1356 1202 Σκλαβινῶν
1393 1145 1542 1204 χώρας
1567 1145 1732 1203 α’ρὺσα-

249 1218 372 1266 σθαι,
405 1210 517 1264 ὅπως
545 1212 605 1270 μη
653 1215 863 1269 δημοσίας
887 1213 1074 1270 σιτήσεις
1103 1215 1357 1274 ἀναγκασθῇ
1385 1219 1473 1265 τοῖς
1494 1215 1763 1267 Ῥωμαίοιςι

251 1282 572 1338 παρασχέσθαι.
632 1281 655 1323 ὁ
688 1284 736 1324 δὲ
754 1281 993 1337 στρατηγὸς
1015 1281 1401 1337 μεταστειλάμενος
1428 1280 1502 1326 τὸν
1517 1284 1559 1325 Γ
1558 1281 1733 1337 ουνδὸην

251 1348 365 1407 ἔφη·
438 1352 535 1392 λίαν
576 1364 651 1401 μοι
682 1347 909 1404 βαρύτατα
953 1351 1028 1392 τοῦ
1068 1352 1281 1403 βασιλέως
1323 1347 1629 1407 προστάγματα
1663 1347 1735 1392 ἐπὶ

249 1419 480 1474 α’λλοτρίας
507 1419 585 1473 γῆς
613 1416 852 1470 Ῥωμαίους
874 1416 1082 1471 χειμάσαι
1100 1414 1450 1474 προστάσσοντος,
1479 1416 1551 1460 καὶ
1577 1415 1624 1460 τὸ
1653 1433 1733 1458 πα-

253 1487 464 1540 ρακοῦσαι
491 1482 714 1540 χαλεπόν·
788 1486 863 1527 καί
902 1483 950 1527 τὸ
990 1484 1256 1543 ὑπακοῦσαι,
1295 1484 1539 1542 δεινότερον.
1609 1484 1734 1527 οὐδὲν

346 1640 381 1693 3:
408 1638 692 1696 καταλαβούσης
719 1640 759 1681 Α,
784 1639 1146 1688 καταλαμβανούσης
1171 1641 1267 1685 vulg.
1391 1640 1424 1684 4.
1449 1640 1733 1687 προστάξαντος

344 1700 411 1724 τον
451 1688 544 1723 λαον
594 1688 887 1735 παραχειμάσαι
924 1688 974 1729 A,
1022 1688 1317 1736 παραχειμάσαι
1355 1687 1600 1730 κελεύσαντος
1635 1690 1731 1733 vulg.

346 1737 583 1779 ἀντέστησαν
606 1737 648 1775 Α,
674 1734 889 1779 ἀνέστησαν
913 1737 1008 1782 vulg.
1144 1741 1178 1773 6.
1203 1732 1273 1781 τὴν
1299 1735 1382 1770 add.
1409 1748 1454 1770 ex
1478 1738 1519 1770 A.
1680 1747 1731 1770 12.

345 1785 500 1831 ἐνώχλει
525 1786 568 1827 A,
594 1782 754 1830 ἐπώχλει
777 1785 874 1830 vulg.
1014 1797 1066 1831 ¹7·
1092 1786 1166 1833 ἔφη
1193 1784 1277 1818 add.
1307 1796 1351 1818 ex
1378 1784 1420 1819 A.
1534 1787 1583 1821 18.
1610 1794 1734 1830 προσ-

347 1833 562 1872 τάσσοντος
589 1844 658 1866 οιιι.
685 1834 726 1866 A.
858 1834 923 1867 καὶ
945 1829 986 1869 τὸ
1010 1832 1258 1881 παρακοῦσαι
1274 1834 1358 1879 χαλ.
1383 1835 1411 1867 Α
1431 1843 1463 1873 a,
1484 1835 1550 1868 καὶ
1571 1832 1612 1869 τὸ
1638 1837 1733 1868 ἐπα-

346 1881 485 1916 κοῦσαι
507 1880 589 1917 δεῖν
609 1882 697 1926 χαλ.
724 1881 819 1926 vulg.
925 1893 976 1928 ¹9·
1002 1885 1067 1917 καὶ
1090 1879 1131 1917 τὸ
1161 1881 1377 1917 ὑπακοῦσαι
1393 1880 1422 1915 Α
1443 1892 1474 1924 a,
1501 1885 1566 1917 καὶ
1589 1878 1630 1917 τὸ
1655 1893 1731 1916 πα-

347 1929 537 1977 ρακοῦσαι
561 1929 659 1974 vulg.
1115 1938 1118 1942 ·

251 2073 377 2110 album
406 2079 443 2108 te
473 2073 643 2108 ascribit:
667 2074 811 2119 imperii
836 2084 920 2107 vero
947 2073 1124 2121 dignitate
1161 2084 1241 2107 cum
1269 2073 1448 2107 dedecore
1478 2077 1516 2105 et
1541 2071 1640 2106 vitae
1665 2082 1733 2117 pe-

250 2123 369 2158 riculo
397 2122 556 2158 excides.
606 2121 663 2155 his
689 2121 824 2156 auditis
841 2122 1039 2156 Mauricius
1065 2122 1150 2156 totis
1176 2121 1313 2156 viribus
1335 2119 1463 2155 laudes
1492 2119 1560 2153 deo
1590 2120 1729 2153 retulit.

250 2177 426 2206 autumno
457 2171 568 2216 igitur
593 2175 817 2216 appetente,
843 2176 880 2203 et
897 2171 1072 2204 Mauricio
1102 2171 1320 2215 imperatore
1350 2169 1492 2202 Petrum
1521 2179 1600 2201 cum
1627 2179 1732 2201 exer-

251 2220 324 2254 citu
352 2219 390 2253 in
415 2219 666 2253 Sclavinorum
704 2218 796 2263 agris
822 2217 1019 2252 hibernare
1053 2217 1223 2258 iubente,
1247 2217 1384 2251 milites
1408 2217 1584 2262 imperata
1611 2216 1735 2250 facere

251 2268 497 2302 detrectantes
522 2267 805 2307 tumultuantur,
825 2271 863 2300 et
890 2277 1006 2312 equos
1028 2267 1098 2300 iam
1115 2265 1343 2310 defatigatos,
1369 2265 1597 2310 multamque
1623 2274 1732 2309 prae-

252 2316 335 2351 dam
363 2327 400 2348 se
420 2314 586 2356 avehere,
615 2325 830 2361 sparsasque
854 2325 920 2360 per
945 2315 1127 2359 regionem
1145 2313 1429 2347 adversariorum
1456 2313 1580 2358 copias
1601 2312 1735 2357 passim

253 2375 441 2398 occurrere
469 2363 619 2403 causati,
641 2363 682 2397 in
708 2362 950 2396 rebellionem
975 2363 1068 2396 versi
1105 2367 1201 2396 sunt.
1252 2372 1364 2408 quare
1389 2360 1464 2395 dux
1491 2361 1670 2394 exercitus
1695 2359 1734 2392 in

254 2412 477 2446 rebellantes
511 2411 676 2445 invectus
714 2410 813 2444 duris
851 2421 912 2444 eos
950 2410 1136 2444 laboribus
1168 2409 1338 2455 subigere
1367 2407 1610 2443 moliebatur:
1646 2413 1735 2441 tunc

254 2460 452 2494 admodum
491 2459 629 2505 copiosi
664 2457 819 2499 imbres,
855 2458 1041 2504 frigusque
1073 2459 1200 2502 ingens
1239 2458 1362 2492 eastris
1392 2456 1572 2491 incubuit.
1623 2466 1736 2502 porro

255 2510 380 2544 Petrus
405 2507 453 2542 ad
478 2517 649 2554 passuum
674 2506 805 2551 viginti
831 2506 947 2539 millia
973 2517 992 2538 a
1020 2507 1075 2539 via
1101 2506 1275 2539 remotior
1300 2517 1434 2540 moram
1459 2503 1600 2549 agebat.
1628 2504 1736 2537 Mau-

257 2558 363 2591 ricius
390 2558 530 2591 interea
565 2566 630 2601 per
665 2554 806 2588 litteras
842 2554 950 2587 etiam
979 2554 1131 2587 moleste
1164 2554 1358 2588 iussitabat
1395 2553 1595 2588 exercitum
1635 2557 1736 2584 trans

256 2607 384 2639 Istrum
410 2604 518 2646 duci,
543 2608 582 2637 et
607 2614 652 2637 ex
680 2602 928 2637 sclavinorum
956 2602 1047 2645 agris
1070 2614 1251 2636 annonam
1277 2603 1317 2636 in
1343 2601 1499 2636 hiemem
1531 2600 1565 2633 ei
1593 2599 1734 2633 submi-

255 2654 422 2693 nistrari,
454 2663 501 2687 ne
539 2651 620 2698 ipse
644 2661 689 2685 ex
726 2649 877 2696 publico
913 2655 1150 2684 commeatum
1189 2649 1366 2696 praebere
1401 2654 1604 2694 cogeretur.
1661 2646 1735 2680 dux

256 2707 375 2735 antem
402 2699 552 2735 Gundui
579 2698 627 2733 ad
650 2710 688 2732 se
713 2704 852 2738 vocato,
879 2708 987 2744 quam
1014 2697 1115 2739 (lura,
1145 2699 1275 2743 inquit,
1304 2697 1531 2744 imperatoris
1560 2697 1668 2735 iussa,
1696 2695 1737 2727 in

256 2750 379 2784 alieno
406 2748 602 2794 hostilique
625 2746 703 2782 solo
729 2746 924 2780 exercitum
950 2745 1110 2779 hiemare
1140 2744 1419 2792 praecipientis!
1470 2742 1624 2790 parendi
1650 2753 1735 2776 sane

256 2796 453 2833 necessitas
502 2796 637 2842 gravis:
684 2793 913 2829 detrectandi
962 2793 1153 2828 difficultas
1185 2795 1309 2828 maior.
1371 2793 1423 2827 nil
1451 2791 1622 2840 equidem
1646 2790 1736 2824 boni
