1768 3106
274 160 303 215 7
321 161 338 196 1
356 161 383 196 2
829 163 1177 208 THEOPHANJS

1572 270 1581 288 )
1629 265 1649 282 (Ι

269 264 492 320 ἐκκλησίας
521 260 616 318 ὅρος
649 266 724 307 καί
756 265 882 319 νόμος
926 266 1017 322 ἔριν
1047 269 1123 310 κατ’
1167 252 1457 325 φιλονεικίαν,
1488 269 1568 312 α’λλ
1613 285 1756 323 ωσπερ

269 327 383 375 οἶδεν
422 330 465 373 ἓν
501 330 754 386 βάπτισμα,
783 335 888 387 μίαν
918 336 1082 389 πίστιν,
1112 331 1225 378 οὕτω
1256 339 1329 379 καί
1366 339 1623 394 συμφωνίαν
1652 340 1758 391 μίαν

267 401 340 443 ἐπὶ
368 399 525 451 παντὸς
552 399 797 457 πράγματος
824 403 1185 458 ἑκκλησιαστικοῦ.
1244 401 1372 447 οῦδὲν
1399 402 1481 460 γάρ
1510 406 1626 448 ἐστιν
1651 405 1757 446 ἀπό-

265 470 412 511 δεκτον
448 469 522 512 καὶ
563 466 798 525 εὐάρεστον
838 467 1020 512 ε’νώπιον
1064 473 1143 512 τοῦ
1178 472 1312 529 θεοῦ,
1354 470 1412 522 ὥς
1452 471 1502 515 τὸ
1542 470 1757 528 ὲνωθῆιάι

133 543 168 577 P.
183 544 251 579 388
264 536 377 592 ἡμᾶς
413 537 487 580 καί
529 538 734 590 γενέσθαι
774 539 879 590 μίαν
919 536 1154 594 καθολικὴν
1183 541 1424 596 ἐκκλησίαν,
1458 538 1573 583 καθὰ
1610 539 1683 582 καί
1711 540 1756 582 ἐν

262 607 323 663 τῷ
349 603 549 662 συμβόλῳ
577 606 650 660 τῆς
690 605 944 660 εἰλικρινοῦς
982 604 1104 662 ἡμῶν
1133 608 1315 658 πίστεως
1351 606 1652 663 ὁμολογοῦμεν,
1684 606 1758 649 καί

262 674 480 728 αἰτοῦμεν,
511 671 720 728 α’δελφοί·
769 668 888 726 οἶμαι
920 674 968 715 δὲ
1007 674 1083 716 καί
1109 674 1247 728 ὑμεῖς,
1281 673 1430 730 ἐπειδὴ
1461 675 1650 730 γινώσκω
1679 675 1754 717 τὸν

260 737 397 797 φόβον
429 741 505 782 τοῦ
529 741 637 782 θεοῦ
667 738 783 796 ἔχειν
811 741 940 796 ὑμᾶς,
972 739 1091 797 παρὰ
1118 744 1202 785 ταῖν
1231 741 1548 797 εὐσεβεστάτων
1579 743 1653 786 καὶ
1681 741 1752 796 ὅρ-

259 807 450 859 θοδύξων
474 807 689 862 βασιλέων
732 805 852 864 ἡμῶν
881 807 1063 852 σύνοδον
1103 811 1397 866 οἰκουμενικὴν
1426 811 1753 867 συναθροισθῆ-

260 891 343 932 ναι,
376 876 446 918 ἵνα
484 875 710 931 γενώμεθα
751 873 791 918 οἱ
821 878 900 918 τοῦ
945 874 1039 926 ἑνὸς
1068 877 1174 919 θεοῦ
1205 878 1274 934 ἓν,
1305 877 1379 920 καί
1406 875 1446 920 οἱ
1477 880 1551 933 τῆς
1582 879 1754 934 τριάδος

260 944 469 999 ἧνωμένοι
509 944 585 986 καί
623 941 841 999 ὁμόψυχοι
881 946 957 987 καί
995 944 1209 1001 ὁμότιμοι,
1250 942 1292 988 οἷ
1320 947 1397 1001 τῆς
1416 947 1606 1003 κεφαλῆς
1631 945 1754 1001 ἡμῶν

261 1012 458 1066 Χριστοῦ
489 1013 616 1065 σῶμα
640 1009 685 1053 ἓν
713 1010 1166 1068 συναρμολογούμενον
1192 1011 1268 1055 καί
1294 1013 1682 1068 συμβιβαζόμενον,
1712 1011 1754 1055 οἱ

259 1081 336 1120 τοῦ
367 1079 490 1133 ἁγίου
521 1077 773 1134 πνεύματος,
803 1081 855 1122 ου’
875 1085 965 1123 κατ’
988 1079 1194 1137 α’λλὴλων,
1226 1079 1335 1124 ἀλλά
1359 1079 1439 1124 σῦν
1469 1079 1680 1137 α’λλὴλοις,
1711 1079 1752 1124 οἱ

257 1148 336 1202 τῆς
366 1146 572 1203 ἀληθείας
601 1145 649 1189 τὸ
670 1147 776 1189 αὐτὸ
798 1151 1057 1205 φρονοῦντες
1089 1151 1163 1192 καί
1191 1149 1391 1206 λέγοντες,
1422 1150 1498 1191 καί
1523 1147 1582 1205 μή
1614 1146 1752 1207 ᾖὲρις

222 1226 247 1257 R
261 1216 334 1257 καί
356 1215 611 1269 διχοστασία
630 1215 676 1258 ἐν
703 1215 819 1272 ἡμῖν,
848 1211 960 1267 ὅπως
989 1215 1014 1274 ἦ
1043 1215 1189 1273 εἰρήνη
1218 1218 1296 1260 τοῦ
1323 1218 1431 1260 θεοῦ
1457 1212 1483 1273 ἦ
1511 1216 1753 1273 ὑπερέχου-

258 1298 315 1324 σα
342 1279 481 1325 πάντα
510 1285 612 1325 νοῦν
640 1281 866 1342 φρουρήσῃ
897 1283 1058 1335 πάντας
1088 1284 1218 1340 ἡμᾶς·
1245 1285 1321 1329 καὶ
1339 1287 1381 1329 εἰ
1405 1287 1485 1339 μὲν
1508 1284 1752 1328 κελεύουσιν

259 1348 299 1391 οἱ
328 1351 400 1405 τῆς
429 1349 683 1406 ὄρθοδοξίας
708 1349 930 1407 πρόμαχοι
955 1355 1148 1408 βασιλεῖς
1189 1352 1311 1409 ἡμῶν
1341 1353 1416 1396 ε’πί
1438 1355 1491 1412 τῇ
1521 1354 1604 1412 ἐμῇ
1630 1355 1752 1408 αἰτή-

258 1432 326 1459 σει
357 1418 595 1474 ἑπινεῦσαι,
621 1421 964 1476 συγκατατίθημι
1003 1416 1133 1478 κᾷγώ,
1172 1422 1248 1463 καί
1281 1419 1357 1477 τήν
1386 1423 1580 1464 κέλευσεν
1607 1420 1752 1464 αὐτῶν

262 1485 472 1540 ἐκπληροῖ,
505 1485 580 1528 καί
604 1486 726 1541 ὑμῶν
754 1487 831 1543 τὴν
861 1490 1012 1545 ’ψῆφον
1041 1487 1291 1543 α’σπάζομαι
1309 1506 1320 1517 ·
1349 1490 1390 1532 εἰ
1414 1491 1462 1533 δὲ
1492 1489 1612 1546 μήγε,
1644 1489 1750 1532 ἀδυ-

260 1551 398 1602 νάτως
425 1550 512 1607 ἔχω
549 1555 676 1597 τοῦτο
701 1556 907 1612 ποιῆσαι,
948 1554 1019 1598 ἵνα
1045 1555 1104 1612 μὴ
1141 1554 1376 1613 ὖποβληθῶ
1404 1559 1465 1616 τῷ
1493 1559 1768 1613 οἶναθέματι,ς

263 1621 338 1663 καί
362 1619 535 1677 εὑρεθῶ
562 1623 974 1679 καταδεδικασμένος
1004 1625 1050 1668 ἑν
1081 1626 1134 1683 τῇ
1165 1623 1305 1684 ἡμέρᾳ
1342 1627 1419 1668 τοῦ
1447 1627 1596 1683 κυρίου
1626 1624 1749 1682 ἡμῶν

360 1776 390 1798 ι.
416 1766 481 1799 καὶ
508 1766 587 1812 φιλ.
613 1765 656 1810 Α,
683 1765 706 1811 ἢ
733 1768 811 1814 φιλ.
832 1767 928 1814 vulg.
1059 1769 1092 1804 5.
1119 1771 1216 1818 μίαν
1238 1770 1304 1805 καὶ
1327 1771 1413 1805 καθ.
1440 1768 1482 1804 A.
1612 1769 1663 1805 15.
1690 1769 1747 1804 δι·-

352 1817 517 1861 χοτομία
542 1814 583 1848 Α.
705 1814 726 1859 ἦ
752 1814 817 1851 ὑπ.
843 1817 886 1859 Δ,
914 1815 977 1852 ὑπ.
1004 1817 1100 1862 vulg.

262 1939 352 1973 licet
375 1938 559 1973 hominem
588 1951 608 1973 a
636 1939 705 1975 deo
740 1941 886 1987 longius
923 1943 1038 1989 fugat,
1067 1948 1104 1977 et
1126 1944 1165 1977 in
1202 1943 1372 1978 tenebras
1402 1944 1600 1977 exteriores
1628 1942 1746 1976 abdu-

261 1999 360 2028 cens,
384 1998 406 2019 a
435 1998 544 2031 reguo
571 1989 753 2023 caelorum
780 1990 947 2037 expellit.
999 1991 1176 2025 ecclesiae
1209 1992 1269 2025 lex
1303 1998 1341 2026 et
1364 1991 1572 2026 institutum
1597 2002 1665 2025 nec
1695 1991 1747 2024 li-

260 2039 317 2068 tes
346 2046 413 2068 nec
429 2036 701 2070 contentionem
727 2039 840 2080 novit,
867 2038 931 2073 sed
950 2039 1256 2086 quemadmodum
1281 2051 1392 2074 unum
1415 2039 1593 2085 baptisma
1618 2051 1747 2073 unam—

261 2094 334 2128 que
362 2082 471 2116 fidem
497 2085 662 2118 confiteri
689 2092 799 2127 amat,
822 2087 875 2121 ita
900 2093 937 2121 et
961 2087 1193 2122 concordiam
1221 2094 1330 2135 atque
1357 2099 1571 2122 consensum
1596 2088 1636 2121 in
1661 2099 1746 2120 cae-

261 2131 350 2164 teris
377 2131 483 2164 rebus
510 2132 764 2167 ecclesiasticis
791 2132 969 2181 exposcit.
1019 2135 1115 2169 nihil
1148 2136 1244 2170 enim
1276 2136 1345 2170 deo
1373 2142 1447 2170 tam
1473 2141 1613 2181 gratum
1638 2146 1744 2168 acce-

261 2183 439 2224 ptumque
465 2185 531 2221 est,
560 2192 668 2226 quam
695 2183 724 2215 si
753 2183 846 2217 uniti
870 2183 907 2217 in
945 2195 1053 2217 unam
1082 2190 1119 2218 et
1143 2184 1361 2219 catholicam
1388 2183 1579 2218 ecclesiam
1610 2194 1746 2218 conve-

260 2228 419 2268 niamus,
439 2229 743 2272 quemadmodum
769 2231 807 2265 in
832 2232 995 2266 sincerae
1022 2231 1109 2266 fidei
1137 2238 1284 2267 nostrae·
1319 2231 1484 2277 symbolo
1510 2232 1745 2278 profitemur,

260 2280 300 2308 et
324 2285 539 2320 precamur,
565 2277 705 2311 fratres.
757 2284 794 2312 et
839 2279 886 2313 ob
922 2280 961 2314 icl
996 2292 1017 2313 a
1044 2281 1215 2327 piissimis
1257 2279 1537 2326 imperatoribus
1571 2280 1745 2326 petimus,

261 2321 379 2368 (quod
404 2323 515 2356 etiam
538 2335 613 2365 vos,
637 2337 791 2371 quorum
819 2328 927 2361 timor
947 2339 1030 2373 erga
1047 2328 1155 2362 deum
1170 2328 1259 2362 mihi
1274 2334 1395 2370 notus,
1426 2327 1544 2362 facere
1572 2327 1744 2375 arbitror)

260 2376 304 2404 ut
329 2371 523 2404 concilium
550 2374 825 2407 oecumenicum
851 2376 1067 2418 celebretur,
1093 2382 1135 2411 ut
1158 2374 1333 2410 videlicet
1355 2388 1436 2418 nos,
1454 2377 1519 2423 qui
1548 2376 1656 2409 unius
1684 2376 1744 2409 dei

260 2430 394 2460 sumus,
412 2431 523 2453 unum
538 2421 648 2454 etiam
669 2421 795 2455 fiamus
809 2448 819 2464 ‚
843 2424 906 2469 qui
921 2425 1079 2458 trinitati
1093 2425 1187 2458 uniti
1204 2430 1315 2470 atque
1338 2424 1526 2458 unanimes
1550 2425 1745 2470 cultusque

261 2466 436 2509 eiusdem,
462 2468 526 2514 qui
542 2469 650 2502 unius
665 2470 791 2515 capitis
807 2471 939 2505 Christi
955 2472 1095 2506 scilicet
1110 2474 1225 2507 nostri
1240 2485 1350 2506 unum
1366 2484 1494 2519 corpus
1514 2471 1629 2519 probe
1653 2484 1744 2506 con-

259 2526 394 2548 nexum
411 2522 521 2562 atque
539 2516 747 2559 cohaerens,
773 2520 836 2564 qui
853 2520 1000 2565 spiritui
1016 2526 1139 2554 sancto
1164 2532 1238 2554 non
1264 2522 1437 2566 oppositi,
1456 2521 1522 2555 sed
1550 2520 1743 2554 consenta-

260 2563 346 2604 nei,
376 2564 441 2608 qui
478 2565 641 2599 veritatis
668 2565 796 2599 eadem
820 2579 966 2612 prorsus
996 2569 1194 2602 sentientes
1219 2574 1331 2614 atque
1356 2568 1633 2614 praedicantes:
1661 2573 1698 2602 et
1723 2579 1744 2601 e

260 2612 443 2644 contrario
463 2612 563 2645 nulia
583 2624 728 2659 prorsus
756 2615 944 2648 contentio
975 2621 1084 2662 atque
1111 2617 1290 2650 dissensio
1317 2617 1414 2651 inter
1439 2628 1504 2651 nos
1528 2616 1744 2657 intercedat,

260 2664 302 2692 ut
329 2658 388 2692 dei
416 2671 497 2704 pax,
527 2672 622 2706 quae
649 2673 792 2696 omnem
818 2663 1046 2697 intellectum
1073 2671 1279 2709 exsuperat,
1310 2677 1374 2698 nos
1401 2676 1524 2698 omnes
1549 2663 1740 2698 custodiat.

260 2706 361 2751 quod
385 2707 414 2740 si
437 2707 673 2753 imperatores
701 2711 817 2745 nostri
842 2717 962 2745 rectae
990 2712 1076 2744 fidei
1102 2718 1401 2759 propugnatores,
1432 2718 1472 2746 nt
1494 2712 1584 2746 haec
1611 2712 1742 2757 petitio

259 2765 340 2787 mea
370 2755 586 2801 impleatur,
612 2758 807 2800 iusserint,
837 2770 902 2804 ego
933 2771 1081 2806 quoque
1107 2761 1310 2802 consentio,
1346 2771 1545 2806 eorumque
1572 2759 1741 2793 mandata

261 2812 450 2850 exsequar,
466 2811 695 2854 vestramque
711 2807 930 2843 electionem
958 2807 1088 2844 lubens
1108 2809 1316 2859 amplectar,
1343 2810 1398 2846 sin
1422 2810 1553 2851 miuus,
1578 2807 1616 2842 id
1638 2819 1742 2856 prae-
