1820 3120
276 178 304 234 7
318 178 343 233 7
362 178 384 211 κ
834 171 1056 214 THEOPH
1065 171 1184 212 ANlS

271 276 324 320 ιδ’
366 278 443 320 τοῦ
476 276 626 319 Μαΐου
655 273 792 332 μηνός
831 274 968 333 ἡμέρᾳ
998 273 1119 330 ἕκτῃ,
1163 270 1355 325 ἔκλειψις
1398 271 1552 328 ἧλιακὴ
1595 274 1762 327 γέγονεν

269 343 434 401 μεγάλη
466 343 540 387 ὲπί
579 340 697 401 ὧρας
733 349 847 399 τρεῖς
887 340 1041 397 ἥμισυ,
1088 339 1173 383 α’πό
1206 337 1359 396 ὀγδόης
1388 337 1506 396 ὥρας
1534 341 1615 390 ἕως
1643 336 1762 394 ὥρας

272 411 512 469 ἑνδεκάτης.
578 411 654 454 καί
689 414 739 470 τῇ
780 409 830 464 ιζ’
873 412 953 453 τοῦ
990 410 1166 453 Ἰουνίου
1206 406 1340 464 μηνὸς
1368 409 1546 463 ἐξῆλθεν
1574 407 1761 463 Μιχαὴλ

231 481 375 524 Βκατά
418 479 703 536 Βουλγάρων,
749 477 1088 533 συνεξελθούσης
1127 476 1245 534 αὐτῷ
1282 474 1357 519 καὶ
1394 477 1648 532 Προκοπίας
1681 474 1762 524 ἕως

274 551 478 602 Τζουλοῦ.
508 549 588 591 τοῦ
618 550 665 590 δὲ
696 546 962 601 Βουλγάρων
993 545 1189 601 α’ρχηγοῦ
1218 542 1464 599 Κρούμμου
1493 541 1658 594 ἑλόντος
1685 541 1799 597 τιζνό

130 627 254 671 v.334
268 616 483 672 Δεβελτὸν
512 620 765 670 πολιορκεῖν,
797 613 870 656 καί
898 611 1000 663 τούς
1022 614 1068 655 ἑν
1096 612 1209 670 αιῖτῇ
1242 611 1323 655 σύν
1353 614 1413 670 τῷ
1440 611 1656 670 ἐπισκόπῳ
1684 627 1764 666 με-

267 682 568 740 τοικήσαντας,
600 684 871 738 προσρυέντα
913 682 1029 740 αι’τιξὶ
1068 679 1141 723 διὰ
1177 678 1334 736 πολλήν
1366 682 1653 735 κακοβουλίαν
1679 681 1763 723 τῶν

268 750 642 809 παρασυμβούλων
685 752 762 792 τοῦ
799 752 1012 804 βασιλέως
1052 749 1111 798 εἰς
1151 746 1382 803 ἐπιβουλήν
1420 745 1663 804 ἐτράπησαν
1690 748 1764 790 καί

268 817 414 876 ὕβρεις
443 818 495 862 τὰ
539 819 682 875 πλήθη
710 814 901 872 μάλιστα
935 817 1014 860 τοῦ
1048 816 1242 870 Ὀψικίου
1274 815 1348 858 καί
1375 818 1458 859 τῶν
1492 815 1761 880 Θρᾳκησίων,

270 889 344 939 οὓς
372 885 639 936 κατευνάσας
663 884 848 940 ΠΙιχαὴλ
868 886 1050 940 δωρεαῖς
1074 882 1149 926 καί
1176 885 1459 938 παραινέσεσι
1478 885 1760 940 κατεσίγησεν.
1783 899 1820 926 ic

270 956 308 999 οἱ
328 957 374 999 δὲ
402 953 644 1010 Βοὺλγαροι
673 952 729 996 τὰ
751 956 826 1008 τῆς
844 952 1032 1002 στάσεως
1059 949 1275 1005 μαθόντες
1305 955 1389 994 τῶν
1407 948 1759 1008 στρατευμάτων,

271 1026 345 1066 καί
365 1021 431 1065 ὅτι
459 1020 712 1075 πτοούμενοι
740 1019 812 1064 τὸν
838 1020 1022 1074 πόλεμον
1044 1022 1117 1062 καί
1142 1018 1215 1063 τὸν
1246 1021 1487 1072 ταξατιῶνα
1517 1020 1765 1073 circumflua,

230 1094 398 1135 Επλέον
421 1092 688 1145 κατίσχυσαν
711 1086 883 1146 Θρᾴκης
901 1090 976 1130 καί
991 1089 1279 1137 Μακεδονίας.
1310 1085 1400 1130 τότε
1427 1087 1502 1131 καί
1523 1084 1766 1143 Ἀγχίαλον,

270 1163 346 1202 καί
369 1159 556 1214 Βεροίην
600 1159 782 1215 α’φέντες
809 1157 1088 1212 Χριστιανοί,
1115 1154 1289 1214 ἔφυγον,
1312 1154 1495 1213 μηδενός
1522 1158 1765 1212 διώκοντος,

272 1224 460 1271 Νίκαιιίν
488 1242 535 1268 τε
579 1228 654 1269 καί
690 1224 736 1268 τὸ
779 1226 859 1267 τοῦ
899 1222 1136 1279 Προβάτου
1177 1222 1388 1281 κάστρον,
1429 1223 1504 1267 καί
1530 1220 1642 1268 ἄλλα
1672 1222 1820 1267 τινὰιξ

270 1293 553 1350 ὀχυρώματα,
589 1291 792 1343 ὡσαύτως
821 1291 897 1334 καί
934 1290 1012 1348 τὴν
1045 1289 1392 1335 Φιλιππούπολιν
1418 1294 1494 1336 καί
1521 1294 1765 1343 Φιλίππους

269 1364 345 1406 καί
373 1361 443 1405 τὸν
471 1363 712 1416 Στρυμῶνα
741 1362 952 1411 οἰκοῦντες
990 1361 1178 1414 μέτοικοι
1207 1358 1465 1417 προφάσεως
1496 1359 1768 1418 δραξάμενοι,

270 1435 315 1474 έν
342 1437 429 1480 τοῖς
474 1431 599 1479 ἰδίοις
647 1428 877 1486 φεύγοντες
916 1430 1172 1485 ἐπανῆλθον.
1246 1431 1367 1471 τοῦτο
1400 1430 1448 1471 δὲ
1477 1423 1528 1483 ἦν
1556 1430 1768 1484 θεομηνιά

270 1497 346 1554 τήν
375 1500 452 1540 τοῦ
483 1495 739 1554 Νικηφόρον
783 1498 944 1551 μανιάν
977 1499 1240 1552 ἐλέγχουσα,
1288 1498 1345 1538 δι’
1387 1493 1438 1552 ἢν
1474 1495 1527 1539 τὰ
1560 1497 1769 1538 δοκοῦντα

273 1563 590 1621 κατορθώματα
622 1565 769 1621 αὐτοῦ,
804 1565 872 1621 ἐφ’
901 1558 964 1613 οἷς
991 1560 1127 1621 ηὔχει,
1159 1563 1341 1620 τάχιστα
1362 1566 1670 1607 διαπέπτωκεν.
1700 1564 1820 1605 ›caia‹

378 1703 403 1724 ι.
427 1691 494 1725 τοῦ
523 1690 605 1724 add.
636 1702 680 1724 ex
708 1693 745 1724 A.
866 1701 900 1723 2.
930 1690 1032 1738 ὥρας
1054 1690 1094 1733 ’ἐξ
1116 1694 1180 1726 καὶ
1211 1690 1273 1740 ἧμ.
1301 1692 1340 1731 Α,
1367 1689 1469 1738 ὥρας
1494 1688 1588 1727 ἑπτὰ
1607 1701 1637 1724 a.
1735 1690 1769 1723 3.

370 1740 411 1787 τῇ
439 1738 463 1780 ζ’
497 1741 537 1773 Α.
637 1741 670 1773 5.
701 1738 935 1784 Τζουρούλου
961 1743 999 1773 Α.
1136 1742 1170 1774 6.
1203 1739 1502 1788 μετοικήσαντας
1534 1741 1574 1782 Α,
1599 1737 1771 1787 μετοική-

374 1798 510 1827 σαντος
534 1787 630 1831 vulg.
706 1799 739 1833 7.
769 1790 1028 1835 προσρυέντες
1059 1799 1127 1833 mg.
1158 1788 1247 1823 edit,
1322 1790 1371 1822 ¹5.
1399 1791 1463 1823 καὶ
1487 1783 1529 1824 τὸ
1547 1788 1630 1822 add.
1658 1799 1703 1821 ex
1730 1787 1770 1820 Α.

379 1848 429 1898 ιζ.
457 1835 654 1917 σίκοένιας
677 1837 773 1881 vulg.
904 1848 955 1880 ¹9·
983 1839 1190 1884 ἐλέγχουσα
1215 1839 1256 1879 A,
1292 1838 1474 1884 ἐλέγξιισα
1500 1837 1598 1883 vulg.
1710 1845 1769 1868 20.

377 1897 413 1920 οι
439 1897 506 1924 τας
566 1910 574 1917 .

280 1992 433 2027 rundam
460 2005 604 2027 sensum
635 2003 779 2027 menses
807 1993 900 2028 duos
928 1994 1007 2030 dies
1029 2007 1092 2030 sex
1120 1997 1314 2043 imperium
1342 1996 1535 2031 tenuisset.
1587 2000 1773 2029 caeterum

280 2043 414 2075 niensis
439 2041 527 2075 Maii
555 2041 615 2075 die
645 2042 786 2076 decimo
814 2049 944 2088 quarto
970 2045 1098 2090 ingens
1122 2046 1211 2080 solis
1236 2046 1442 2092 deliquium
1469 2044 1570 2078 horis
1596 2042 1711 2078 tribus
1736 2047 1774 2076 et

279 2090 402 2124 media
446 2091 653 2131 continuis,
682 2090 728 2124 ab
764 2098 893 2125 octava
929 2092 1100 2127 nimirum
1137 2094 1227 2129 hora
1264 2094 1312 2128 ad
1352 2093 1580 2128 undecimam
1618 2091 1773 2125 duravit.

279 2139 413 2172 mensis
454 2143 575 2172 autem
601 2139 694 2172 Iunii
732 2138 793 2172 die
814 2138 956 2174 decimo
993 2143 1150 2189 septimo
1190 2143 1349 2177 Michael
1385 2143 1423 2176 in
1449 2142 1622 2186 Bulgaros
1647 2138 1775 2186 prose-

280 2187 404 2221 ctione
433 2193 614 2233 suscepta,
644 2187 786 2221 itineris
813 2189 949 2222 sociam
975 2190 1131 2225 Tzulum
1156 2203 1273 2238 usque
1294 2190 1505 2236 procopiam
1535 2199 1684 2222 uxorem
1708 2187 1774 2220 ha-

280 2234 374 2268 huit.
425 2245 536 2281 porro
573 2246 653 2268 cum
682 2234 870 2271 Crummus
895 2237 1132 2284 Bulgarorum
1172 2239 1246 2274 dux
1272 2239 1469 2274 Debeltum
1495 2236 1688 2272 obsidione
1714 2246 1775 2269 ce-

281 2284 408 2330 pisset,
439 2283 644 2330 oppidanos
670 2294 742 2316 una
769 2295 850 2317 cum
877 2286 1051 2333 episcopo
1079 2288 1157 2322 eius
1183 2300 1220 2322 se
1248 2287 1424 2334 potestati
1450 2285 1712 2320 submittentes
1736 2284 1775 2316 in

284 2332 468 2377 regionem
494 2331 604 2364 aliam
626 2333 898 2377 transportavit.
919 2335 1096 2370 militares
1116 2343 1237 2371 autem
1251 2335 1442 2369 Michaelis
1467 2334 1596 2380 copiae
1621 2332 1776 2366 maxime

286 2380 424 2426 Opsicii
441 2386 476 2413 et
490 2378 768 2420 Tlxracensium,
784 2381 952 2427 pessimis
977 2385 1202 2419 nefariorum
1227 2383 1454 2430 imperatoris
1483 2381 1775 2416 consiliariorum

286 2427 528 2462 hortamentis
556 2426 603 2460 ad
628 2427 778 2461 insidias
794 2435 831 2462 et
859 2434 1099 2466 contumelias
1124 2445 1160 2467 se
1186 2437 1465 2475 converterunt3
1493 2442 1586 2477 quos
1615 2427 1778 2464 Michael

288 2476 394 2510 donis
421 2483 458 2510 et
483 2477 648 2510 oratioue
675 2475 724 2510 ad
751 2487 812 2511 eos
840 2476 964 2512 habita
993 2481 1167 2516 delinitos
1188 2481 1227 2514 in
1253 2480 1418 2515 ordinem
1445 2478 1662 2524 composuit.
1714 2475 1779 2510 ubi

288 2525 441 2559 Romani
486 2525 667 2558 exercitus
707 2523 927 2560 seditionem
977 2535 1014 2563 et
1051 2529 1098 2563 ob
1135 2529 1227 2563 belli
1264 2529 1405 2563 sivein
1439 2527 1565 2562 castris
1589 2532 1628 2560 et
1651 2530 1779 2572 aperto

288 2573 432 2613 Marte,
475 2573 550 2606 sive
591 2573 628 2606 in
667 2573 860 2618 praesidiis
897 2576 1104 2610 sustinendi
1137 2583 1272 2611 metum
1298 2588 1360 2611 eos
1387 2575 1605 2611 tumultuari
1635 2572 1782 2618 Bulgari

290 2627 548 2667 perceperunt,
575 2620 620 2659 inf
641 2621 838 2656 Thraciam
862 2628 974 2669 atque
996 2624 1244 2659 Macedoniam
1272 2626 1382 2660 latius
1411 2624 1559 2670 grassati
1584 2628 1681 2656 sunt.
1712 2619 1780 2654 sub

293 2668 334 2702 id
359 2673 525 2715 teinpus,
552 2668 731 2704 Anchiale
758 2676 796 2704 et
821 2671 999 2706 Berrhoea
1029 2673 1195 2716 desertis,
1232 2674 1382 2708 nemine
1407 2673 1638 2719 insequente,
1662 2670 1781 2714 fugam

293 2715 494 2751 Christiani
523 2717 731 2763 arripuere:
760 2718 1005 2766 Nicaeamque
1023 2728 1061 2756 et
1078 2722 1223 2756 Probati
1240 2728 1409 2763 castrum,
1438 2726 1476 2755 et
1498 2721 1570 2754 ulia
1599 2716 1782 2766 quaedam

293 2765 494 2799 munitiora
519 2765 611 2807 loca,
640 2767 946 2812 quemadmodum
967 2769 1265 2816 Philippopolim,
1294 2770 1481 2816 Philippos
1501 2773 1539 2802 et
1555 2768 1784 2811 Strymonem

295 2813 498 2847 incolentes
525 2815 752 2850 occasionem
778 2816 887 2859 nacti,
917 2817 957 2852 in
983 2819 1123 2865 patrias
1144 2831 1225 2853 suas
1252 2820 1337 2864 fuga
1362 2830 1400 2852 se
1426 2821 1652 2864 receperunt.
1689 2814 1784 2848 exti-
