1768 3106
230 156 345 214 586
776 177 1127 218 THEOPHANIS

188 278 349 331 Βμείας
377 278 601 328 ἐπίσκοπος
620 277 863 335 μετῳκίσθη
892 278 937 321 ἐν
957 275 1307 332 Μαρτυροπόλει.
1370 277 1628 327 Φιλιππικός
1654 280 1702 321 δὲ

224 346 302 386 οὔκ
327 342 524 403 ᾐσχύνθη
553 346 747 399 ἐκμανῶς
774 347 996 401 κινηθῆναι
1022 346 1130 387 κατά
1163 347 1238 400 τῆς
1266 345 1392 401 ἁγίας
1420 346 1493 389 καί
1510 348 1702 399 οἰκουμε-

86 419 128 454 V.
143 415 341 468 2552112039
377 410 496 469 ἕκτης
533 409 731 468 συνόδου,
762 412 1016 466 α’νατρέπειν
1054 412 1251 455 σπεύδων
1289 411 1340 456 τά
1372 411 1443 455 ὑπ’
1473 414 1604 468 αὐτῆς
1631 416 1702 466 βε-

223 483 467 535 βαιωθέντα
507 483 607 522 θεῖα
648 479 853 534 δόγματα.
911 474 1037 535 εὗρεν
1077 474 1153 522 οὖν
1183 476 1422 537 ὁμόφρονας
1452 476 1588 523 αὖτοῦ
1611 479 1702 523 Ἰω-

224 546 351 604 άννην
376 546 451 590 τὸν
490 549 716 590 ἐπίσκοπον
757 548 1260 602 Κωνσταντινουπόλεως,
1301 545 1350 591 ὃν
1377 551 1600 603 πεποίηκεν
1629 563 1703 589 κα-

224 613 367 658 θελών
398 617 548 670 Κῦρον
574 612 648 656 τόν
676 614 834 669 ταύτης
853 611 1072 671 πρόεδρον,
1103 613 1153 657 ὃν
1182 618 1255 658 καί
1282 613 1540 672 περιώρισεν
1569 616 1615 658 ἐν
1643 616 1703 671 τῷ

224 684 298 739 τῆς
325 683 488 737 Χώρας
515 681 803 741 μοναστηρίῳ·
860 683 902 724 Γ
900 683 1085 738 ερμανόν
1117 699 1160 726 τε
1186 683 1256 726 τὸν
1282 683 1390 738 μετὰ
1410 685 1546 726 ταῦτα
1577 685 1704 725 Κων-

225 746 614 798 σταντινουπόλεως
629 747 787 804 θρόνον
811 749 1077 804 κατασχόντα
1103 751 1342 809 ἐπίσκοπον,
1372 750 1447 794 τὸν
1474 751 1704 807 τηνικαῦτα

227 814 473 871 ὑπάρχοντα
495 818 705 873 Κυζίκου,
737 819 812 860 καί
834 817 1040 872 Ἀνδρέαν
1069 817 1142 861 καί
1169 817 1298 862 αὐτὸν
1328 818 1553 862 ἐπίσκοπον
1581 814 1705 874 Κρή-

187 890 301 940 Οιης
332 880 448 941 ὄντα,
484 884 702 928 Νικόλαόν
731 901 775 928 τε
804 883 876 928 τὸν
917 883 1000 928 ἀπὸ
1028 885 1367 930 καυκοδιακὸνων
1394 883 1606 944 σοφιστήν
1636 900 1705 939 γε·

224 949 372 1007 γονότα
400 954 473 1007 τῆς
510 953 700 1009 ἰατρικῆς
743 951 975 1008 ἐπιστήμης
1021 950 1264 1009 κοαίστωροί
1294 970 1338 997 τε
1365 951 1460 996 τότε
1493 949 1706 1008 ὑπάρχον-

224 1037 289 1073 τα,
312 1015 524 1063 Ἐλπίδιόν
543 1035 585 1061 τε
615 1018 807 1062 διάκονον
835 1020 908 1075 τῆς
939 1021 1125 1077 μεγάλης
1153 1022 1388 1078 ἐκκλησίας,
1414 1018 1632 1076 Ἀντίοχόν
1662 1035 1707 1063 τε

225 1086 301 1130 τὸν
343 1086 655 1145 χαρτοφύλακα
685 1086 760 1129 καί
791 1084 962 1144 ἑτέρους
1005 1087 1168 1131 τούτων
1209 1086 1543 1146 ὁμοιοτρόπους·
1605 1088 1707 1130 οἵτι-

224 1158 291 1204 νες
319 1154 392 1198 καί
419 1153 644 1211 ἐγγράφως
678 1154 990 1208 ἀνεθεμάτισαν
1017 1155 1093 1212 τήν
1109 1157 1234 1212 ἁγίαν
1263 1155 1385 1213 ἕκτην
1401 1155 1592 1200 σύνοδον.
1622 1158 1708 1198 τῶν

227 1224 276 1266 δὲ
305 1220 567 1278 Βουλγοίρων
602 1223 672 1265 διὰ
705 1225 781 1265 τοῦ
809 1225 946 1266 Φιλὲα
977 1221 1119 1279 λάθρα
1148 1226 1222 1267 ὲπί
1250 1222 1298 1267 τὸ
1331 1224 1476 1267 στενὸν
1504 1239 1706 1279 καταρρι-

227 1287 417 1347 ψάντων,
445 1289 519 1332 καί
545 1289 731 1347 μεγάλην
753 1289 925 1347 σφαγήν
951 1290 1253 1348 πεποιηκότων,
1286 1295 1359 1334 καί
1383 1294 1515 1348 μέχρι
1541 1294 1616 1348 τῆς
1633 1291 1708 1333 πό-

228 1361 334 1407 λεως
365 1357 688 1415 ἐκδραμόντων,
731 1357 805 1400 καί
828 1358 1010 1410 πολλοὺς
1049 1362 1439 1415 περαματίζοντας,
1471 1360 1636 1415 γάμους
1663 1375 1709 1402 τε

226 1425 416 1475 ἑνοσίους
443 1425 517 1468 καί
544 1424 885 1481 δαψιλεστάτους
912 1427 1113 1481 α’ρίστους
1141 1428 1249 1481 μετὰ
1282 1430 1476 1470 ποικίλου
1509 1428 1704 1484 ἀργύρου

227 1496 300 1535 καί
325 1494 471 1549 λοιπῆς
503 1494 744 1550 ἀποσκευῆς
772 1492 1022 1552 εὑρηκότων,
1054 1495 1128 1537 καί
1146 1494 1224 1546 ἕως
1256 1498 1330 1551 τῆς
1345 1498 1524 1551 Χρυσῆς
1551 1494 1710 1550 πόρτης

183 1560 579 1619 Βδιαδραμόντων,
626 1562 700 1605 καί
726 1559 804 1619 την
856 1558 1031 1606 ἅπασαν
1074 1564 1245 1622 Θρᾴκην
1289 1560 1709 1619 αἰχμαλωτισάντων,

323 1695 357 1740 4.
386 1687 495 1741 εὗρεν
521 1689 591 1731 οὖν
617 1693 657 1737 Α,
681 1686 771 1742 εὗρε
797 1695 837 1731 δὲ
862 1697 958 1741 vulg.
1059 1696 1091 1730 5.
1119 1692 1165 1732 ὃν
1195 1696 1316 1732 enta-a.
1339 1697 1387 1730 K.
1414 1704 1503 1730 πεπ.
1538 1693 1564 1727 f.
1664 1688 1710 1727 ὃν

322 1755 411 1778 7157!-
443 1764 487 1770 —
513 1763 562 1770 ——
586 1764 633 1769 -
664 1752 712 1769 —‘-
735 1744 938 1787 τηνικαῦτα
972 1756 1040 1777 om.
1074 1746 1115 1778 Α.
1263 1758 1297 1791 9.
1329 1742 1566 1790 ὑπάρχοντα]
1595 1753 1710 1776 κατα-

325 1793 463 1836 σχόντα
490 1791 531 1825 Α.
661 1803 711 1825 ιι.
737 1796 986 1840 Κοιαίστωρα
1015 1794 1054 1833 Α,
1081 1794 1281 1840 Κυέστορα
1308 1792 1404 1837 vulg.
1521 1791 1572 1825 18.
1601 1790 1711 1826 ἐνου-

326 1843 433 1879 σίους
455 1841 496 1874 A.
621 1837 794 1887 ἀργύρου
824 1842 853 1875 Α
878 1853 897 1875 c
926 1842 951 1883 f,
978 1840 1137 1888 ἀρίστου
1163 1840 1261 1886 vulg.

229 1946 307 1988 gius
341 1950 462 1979 autem
493 1945 674 1991 Apameae
718 1946 908 1993 episcopus
944 1947 1221 1992 Martyropolim
1256 1945 1451 1979 translatus
1483 1947 1550 1977 est.
1601 1952 1709 1986 porro

228 1993 454 2039 Philippicus
492 1993 662 2027 adversus
688 1999 848 2028 sanctam
877 2001 915 2029 et
949 1995 1192 2029 universalem
1216 1999 1352 2027 sextam
1381 1990 1560 2036 synodum
1586 1988 1710 2022 invehi

228 2053 302 2075 non
325 2041 482 2082 erubuit,
508 2053 606 2075 sacra
631 2042 799 2087 dogmata
817 2042 863 2076 ab
890 2054 932 2077 ea
958 2043 1096 2077 sancita
1122 2041 1271 2076 studens
1300 2046 1474 2075 evertere.
1529 2042 1711 2071 caeterum

229 2090 294 2135 qui
324 2090 362 2123 in
383 2088 478 2123 hanc
507 2091 727 2124 sententiam
745 2091 861 2131 irent,
892 2092 1066 2125 Ioannem
1084 2090 1239 2137 Cpoleos
1268 2086 1491 2135 episcopum,
1512 2086 1604 2130 Cyro
1632 2085 1711 2118 eius

230 2148 460 2183 praecessore
487 2136 664 2182 dignitate
698 2144 797 2172 moto
825 2145 862 2173 et
890 2140 929 2172 in
948 2139 1207 2173 monasterium
1232 2136 1371 2171 Chorae
1397 2136 1568 2179 relegato,
1596 2132 1641 2166 ab
1668 2144 1711 2166 eo

229 2185 462 2226 institutum,
500 2186 792 2232 Germanumque
832 2187 990 2233 Cpoleos
1023 2189 1131 2221 etiam
1168 2185 1253 2220 sede
1281 2184 1516 2231 postmodum
1541 2182 1711 2227 potitum.

230 2246 311 2267 cum
336 2245 379 2267 eo
407 2238 571 2278 tempore
599 2234 813 2278 Cyzicenam
851 2235 1141 2277 administraret,
1173 2233 1351 2268 Audi-eam
1378 2233 1464 2266 item
1502 2231 1711 2265 Cretensem

232 2282 465 2327 episcopum,
490 2281 683 2315 Nicolaum
711 2283 818 2316 etiam
853 2295 874 2316 a
907 2284 1082 2318 calicibus
1115 2283 1202 2316 olim
1228 2281 1434 2315 ministrum
1459 2280 1497 2312 in
1527 2285 1603 2313 arte
1633 2289 1712 2310 me-

232 2329 312 2363 dica
338 2328 536 2375 sophistam
564 2330 755 2374 egregium,
787 2337 824 2365 et
851 2331 917 2365 sub
944 2343 1021 2365 eam
1060 2335 1311 2376 tempestatem
1337 2334 1552 2374 quaesturae
1581 2337 1713 2359 munus

232 2377 454 2418 obeuntem,
481 2376 667 2422 Elpidium
690 2389 842 2423 magnae
868 2379 1042 2413 ecclesiae
1077 2378 1283 2419 diaconum,
1307 2376 1541 2411 Antiochium
1564 2385 1713 2419 quoque

233 2425 550 2471 chartophylacem
568 2451 577 2466 ‚
617 2431 654 2460 et
688 2426 780 2460 alios
808 2427 885 2461 istis
912 2440 987 2461 non
1024 2427 1208 2460 absimiles
1245 2426 1414 2459 instituto
1443 2422 1621 2462 offendit,
1649 2422 1712 2468 qui

234 2474 423 2508 sententia
452 2473 597 2519 scriptis
632 2474 861 2519 promulgata
890 2475 927 2508 in
961 2480 1119 2509 sanctam
1147 2480 1284 2507 sextam
1313 2473 1489 2518 synodum
1520 2470 1715 2504 anathema

233 2522 580 2569 pronunciaverunt.
644 2526 826 2556 caeterum
851 2523 994 2568 Bulgari
1030 2534 1094 2569 per
1127 2523 1288 2555 Philearn
1328 2521 1375 2555 ad
1415 2520 1500 2555 freti
1524 2517 1715 2562 Byzantini

237 2570 420 2615 augustias
463 2570 717 2615 irrumpentes,
744 2570 884 2615 ingenti
910 2577 1026 2615 strage
1052 2570 1162 2612 edita,
1190 2570 1238 2603 ad
1263 2569 1390 2604 urbem
1417 2578 1532 2614 usque
1562 2567 1714 2612 impres-

236 2619 375 2651 sionem
412 2617 598 2658 fecerunt,
627 2618 896 2664 plurimosque,
926 2619 990 2664 qui
1015 2625 1140 2664 portus
1175 2618 1305 2652 fretum
1326 2617 1547 2657 traiicerent,
1576 2614 1716 2659 quique

237 2667 383 2711 nuptias
415 2665 709 2711 opulentissimas
748 2671 785 2700 et
810 2666 1120 2712 sumptuosissima
1154 2667 1318 2700 convivia
1349 2666 1445 2698 varia
1483 2661 1715 2708 supellectile

237 2719 407 2757 argentea
435 2719 472 2747 et
499 2714 642 2760 reliquo
663 2726 827 2748 vasorum
856 2720 1032 2760 apparatu
1064 2720 1289 2760 comportato
1315 2713 1555 2752 celebrarent,
1584 2709 1716 2754 depre-

239 2761 418 2803 hendunt,
448 2767 485 2795 et
508 2762 546 2795 in
573 2762 734 2807 reliquos
761 2761 807 2796 ad
834 2762 994 2808 Chrysen
1023 2774 1138 2809 usque
1164 2768 1304 2809 portam
1329 2766 1544 2800 excurrunt3
1568 2756 1716 2791 tandem

239 2810 406 2844 vastitate
435 2809 613 2844 Thraciae
638 2810 754 2852 illata,
783 2815 820 2845 et
846 2822 890 2844 ex
915 2822 956 2844 ea
981 2811 1136 2846 collecto
1166 2812 1389 2858 captivorum
1417 2807 1556 2854 ingenti
1585 2814 1715 2839 nume-

1716 552 1740 593 5

1724 904 1768 930 10

1728 1224 1768 1264 15

1723 1577 1768 1603 20
