1708 3172
182 169 295 214 xxu
645 151 990 206 'rumpamus
1033 163 1176 204 vrrA.
1204 166 1214 170 ·’

181 265 203 307 ὁ
234 263 361 314 καλός
411 262 559 307 οὑτοσὶ
606 266 772 315 νεανίας
810 266 883 306 καί
915 262 1146 320 μαρτύρων
1174 260 1480 317 κομισθήσεται
1508 263 1643 317 στέφη

178 334 314 388 καιρῷ·
341 333 399 389 τῷ
427 329 690 386 προσήκοντι.

284 395 363 441 Ἦν
401 399 449 440 δὲ
491 400 547 455 τῷ
575 399 652 440 τοῦ
679 399 871 452 γέροντος
909 396 1288 453 ἐξυπηρετούμενος
1318 392 1546 452 ὑποζυγίῳ,
1573 396 1647 436 καί

550 461 569 476 ’Β
621 465 641 476 συ

177 463 310 523 ταύτῃ
339 466 501 518 μᾶλλον
539 481 564 518 η
593 482 639 520 τῃ
669 464 868 522 βασιλείῳ
911 466 993 506 τῶν
1018 463 1156 505 ἵππων
1187 463 1395 518 ὑπηρεσίᾳ
1428 464 1642 514 μεγαλαυ-

175 533 406 588 χούμενος,
435 533 527 588 ἐνῂ
557 532 629 572 καί
656 531 867 584 διέπρεπε.
896 530 1045 573 τούτου
1072 532 1123 587 τῇ
1156 530 1408 585 διδασκαλίᾳ
1437 526 1644 581 προσμεί-
1656 531 1707 574 5⁸

174 616 271 655 νας,
316 601 390 640 καί
422 600 617 653 πατέρων
656 595 811 650 ἑτέρων
851 599 1095 651 ἐπισκέψεσι
1138 594 1431 651 ἑμβραδόνας,
1465 593 1642 648 ὦψίσθη

173 668 250 721 τῆς
280 665 420 708 οἴκαδε
449 665 731 721 ὕποστροφῆς,
761 663 833 705 καί
863 666 919 722 τῷ
945 663 1116 718 τυχόντι
1143 662 1288 720 χωρίῳ
1319 661 1399 704 σὺν
1427 667 1515 710 τοῖς
1544 678 1644 703 συν-

175 735 319 789 οὖσιν,
352 732 409 781 ὥς
438 727 528 785 εἶχε
558 735 730 786 σκευῆς,
761 732 1051 784 ἐγκατέμεινε·
1118 730 1306 772 κάυσωνί
1334 745 1377 771 τε
1409 729 1547 786 πολλῷ
1575 729 1647 768 καί

174 802 280 858 δίψῃ
311 797 389 841 σύν
417 805 504 848 τοῖς
531 800 638 854 ἀμφ’
669 797 801 839 αὐτὸν
829 796 1131 854 συνεχόμενος,
1176 797 1225 838 οὐ
1267 798 1557 851 δυσχεραίνων
1583 796 1639 852 τῳ

172 865 471 922 συμβεβηκότι,
503 861 579 906 ὀὖκ
598 865 783 922 α’πουσίᾳ
815 867 892 906 τοῦ
914 862 1065 914 ὕδατος
1094 863 1199 919 πρὸς
1227 866 1508 917 μεταμέλειαν
1535 860 1644 903 ὕπο-

177 929 428 990 φερόμενος,
473 934 527 973 ου’
554 936 573 955 *
607 932 813 986 προσιάσε
855 936 932 973 τοῦ
976 934 1128 986 δίψους
1158 930 1230 973 τόν
1259 933 1409 973 οἰκεῖον
1439 927 1645 984 δεσπότην

175 997 555 1056 ἐκμειλισσόμενος,
584 998 692 1041 ἄλλα
727 998 804 1049 τοὶς
841 998 1040 1054 συνήθεις
1081 997 1266 1048 οἷποδούς
1294 997 1429 1056 τούτῳ
1462 1012 1647 1051 προσευ-

172 1064 270 1122 χάς,
301 1068 373 1108 ἐπὶ
400 1069 476 1108 τοῦ
504 1065 735 1119 προσόντος
762 1068 944 1108 α’νέκειτο
968 1064 1164 1122 τάπητος,
1191 1063 1309 1123 ὕπνῳ
1337 1063 1478 1119 βραχὺ
1505 1081 1647 1118 παρα-

174 1132 460 1188 μυθήσασθαι
502 1132 546 1176 τό
578 1135 704 1186 δίψος
738 1135 913 1175 ἐθέλων.
974 1133 1063 1174 ἀλλ’
1097 1132 1119 1174 ὅ
1152 1134 1233 1175 τῶν
1264 1130 1522 1185 θαυμασίων
1549 1130 1646 1180 θεὸς

175 1201 445 1255 ἐντρυφῶντα
479 1201 532 1242 δι’
563 1198 690 1242 αὐτὸν
718 1205 803 1246 τοῖς
845 1198 989 1249 πόνοις
1015 1198 1087 1242 τὸν
1114 1201 1282 1241 νεανίαν
1314 1197 1437 1252 ὁρῶν,
1464 1201 1643 1252 μεγαλο-

174 1269 282 1324 τιμῷ
323 1266 713 1322 τερατουργὴματι·
771 1266 795 1309 ὅ
839 1266 917 1320 γὰρ
964 1265 1174 1322 α’γνιόμονι
1214 1268 1303 1324 λαῷ
1332 1267 1376 1317 ἐξ
1405 1261 1644 1320 ἇκροτὸμου

175 1332 337 1387 βλύσας
363 1331 410 1375 τὰ
440 1331 610 1387 νάματα
642 1335 730 1383 παῖς
759 1332 836 1375 οὐκ
864 1331 1036 1387 ἔμελλεν
1063 1331 1291 1388 εὐγνώμονι
1320 1335 1463 1390 νεανία
1490 1329 1542 1372 τοὶ
1573 1334 1648 1385 τῆς

173 1400 325 1455 χρείας
340 1403 624 1453 παρέξεσθαι;
654 1403 829 1456 πλησίον
856 1405 959 1455 γοῦν
977 1396 1104 1455 οὗπερ
1137 1402 1321 1443 ἐπέκειτο
1350 1397 1543 1455 τάπητος,
1570 1415 1647 1453 πη-

123 1523 125 1530 A
177 1467 230 1523 γή
260 1483 324 1517 τις
350 1469 454 1525 θείῳ
483 1467 774 1522 προστάγματι
809 1469 1055 1522 παραδόξως
1094 1469 1327 1523 α’νὲβλυσε,
1357 1469 1430 1509 καί
1455 1470 1565 1518 θίξει
1591 1465 1647 1522 τῷ

1663 880 1708 905 lo

1664 1199 1708 1239 15

178 1533 404 1589 θεράποντι
442 1533 519 1588 τὴν
561 1534 763 1590 αἴσθησιν
793 1534 1089 1591 ἑμποιήσασα,
1131 1533 1237 1589 πρὸς
1263 1534 1485 1590 ἐπίγνωσιν
1515 1532 1647 1587 αὐτῆς
1660 1548 1708 1573 20

182 1600 414 1657 διήγειρεν·
480 1603 553 1644 καί
582 1600 679 1652 τούς
707 1602 909 1651 συνόντας
937 1600 1324 1658 προσκαλεσάμενος
1354 1600 1400 1644 τὸ
1429 1598 1647 1656 θεοδιόρη-

275 1738 306 1771 3.
335 1739 518 1784 ἐξεπηρετ.
547 1739 623 1772 Par.
762 1750 814 1771 ιι.
839 1737 1044 1787 προσίασε]
1082 1740 1276 1785 παρουσίᾳ
1301 1747 1340 1772 τε
1365 1747 1430 1782 mg.
1457 1727 1532 1771 Par.
1561 1736 1644 1770 fort.

274 1785 417 1820 πιάσει.
570 1798 622 1831 ¹:-
650 1786 779 1834 ἔμελεν
803 1786 878 1820 Par.

182 1916 222 1943 ut
249 1912 451 1956 praeclarus
485 1911 628 1945 iuvenis
665 1917 859 1957 martyrum
898 1922 1044 1959 quoque
1070 1911 1228 1944 lauream
1255 1915 1459 1956 opportuno
1485 1915 1648 1956 tempore

182 1965 394 2003 reportaret.

279 2007 440 2040 Senioris
465 2007 687 2040 inserviebat
712 2007 885 2048 iumento,
913 2018 1030 2053 eoque
1065 2006 1187 2050 magis,
1213 2017 1321 2052 quam
1347 2005 1444 2049 regio
1471 2015 1647 2051 equorum

181 2054 384 2087 ministerio
409 2054 643 2098 gloriabatur,
670 2067 741 2099 quo
767 2055 847 2099 ipso
888 2061 1033 2088 ornatus
1058 2060 1146 2087 erat.
1204 2054 1300 2086 senis
1326 2052 1436 2096 igitur
1460 2052 1648 2086 doctrinae

183 2102 358 2143 assiduus,
385 2113 425 2134 ac
451 2101 534 2135 dum
562 2102 720 2135 visendis
748 2102 828 2134 aliis
854 2102 1016 2147 patribus
1042 2107 1183 2146 tempus
1208 2102 1303 2142 terit,
1333 2100 1477 2134 demum
1508 2100 1647 2134 reditu-

183 2161 262 2182 rum
286 2148 374 2182 hora
399 2149 537 2182 tardior
559 2149 769 2195 prohibuit3
802 2161 946 2196 unaque
984 2161 1064 2182 cum
1088 2149 1194 2183 sociis
1232 2149 1312 2181 loco
1347 2148 1500 2193 primum
1537 2149 1646 2181 obvio

183 2209 263 2232 cum
288 2197 518 2242 supellectile
545 2197 721 2231 consedit.
772 2208 927 2243 cumque
954 2197 1098 2230 interim
1122 2197 1259 2241 ingenti
1278 2202 1378 2229 aestu
1409 2197 1543 2240 sitique
1568 2197 1646 2241 ipse

182 2245 317 2290 pariter
342 2256 382 2277 ac
407 2246 553 2278 comites
581 2245 882 2286 excruciarentur,
909 2244 1005 2278 haud
1022 2251 1141 2278 tamen
1172 2243 1271 2290 quod
1296 2243 1476 2276 acciderat
1498 2243 1647 2287 indigne

183 2293 326 2334 ferens,
350 2293 409 2325 vel
436 2304 552 2339 aquae
577 2294 728 2338 penuria
757 2305 799 2326 eo
823 2292 1011 2334 adductus,
1038 2298 1079 2326 ut
1103 2303 1141 2325 se
1166 2292 1309 2324 itineris
1337 2292 1556 2337 poeniteret,
1584 2297 1647 2325 aut

183 2346 225 2374 ut
248 2341 374 2373 saltem
412 2341 506 2373 sitim
543 2340 759 2386 depulsurus
795 2340 981 2374 dominum
1016 2352 1119 2373 suum
1151 2341 1245 2373 votis
1270 2340 1457 2383 fatigaret3
1495 2338 1558 2372 sed
1584 2339 1646 2371 ubi

183 2388 307 2421 solitas
348 2399 471 2434 preces
510 2388 747 2430 reddidisset,
787 2399 894 2433 super
929 2393 1054 2434 tapete
1094 2387 1170 2420 illic
1203 2398 1359 2431 expanso
1402 2385 1648 2428 recumbebat,

185 2447 309 2469 somno
335 2436 521 2482 paulisper
549 2437 644 2469 sitim
672 2436 858 2470 leniturus.
906 2441 942 2470 at
980 2447 1096 2468 rerum
1132 2434 1349 2468 mirabilium
1376 2436 1522 2467 effector
1547 2433 1648 2474 (leus,

184 2484 352 2516 iuvenem
374 2484 517 2517 intuens
542 2490 688 2529 propter
723 2495 760 2517 se
795 2483 926 2516 libenti
958 2484 1079 2516 animo
1126 2481 1266 2515 labores
1293 2482 1490 2521 ferentem,
1517 2492 1646 2526 magno

184 2531 287 2564 illum
318 2532 490 2565 miraculo
520 2531 711 2565 decoravit.
761 2531 823 2576 qui
850 2532 945 2564 enim
965 2531 1104 2575 ingrato
1136 2530 1272 2576 populo
1299 2542 1341 2562 ex
1366 2529 1554 2562 durissima
1581 2541 1647 2574 pe-

185 2584 237 2611 tra
266 2580 390 2612 latices
428 2578 575 2619 effudit,
604 2588 665 2612 cur
698 2578 812 2624 probo
848 2579 971 2611 iuveni
996 2578 1198 2611 necessaria
1234 2589 1307 2610 non
1332 2577 1646 2610 subministraret?

185 2626 298 2671 probe
324 2627 432 2671 igitur
465 2627 526 2659 ubi
563 2628 592 2659 is
620 2632 730 2660 strato
768 2632 892 2672 tapete
929 2626 1092 2666 iacebat,
1120 2625 1243 2658 dlvino
1270 2626 1365 2658 iussu
1393 2625 1473 2657 sous
1499 2624 1645 2670 quidam

186 2673 395 2708 admiranda
434 2675 650 2719 scaturigine
676 2674 872 2720 profluxit:
910 2679 1081 2720 tactuque
1117 2686 1180 2706 suo
1217 2684 1356 2705 servum
1390 2671 1450 2704 dei
1476 2672 1646 2710 excitans,

186 2729 263 2754 sese
287 2722 341 2755 illi
367 2723 564 2768 patefecit:
590 2723 652 2768 qui
680 2722 785 2755 sociis
809 2722 1028 2764 convocatis,
1055 2721 1132 2754 sitis
1157 2719 1353 2753 remedium
1378 2731 1396 2751 a
1426 2719 1495 2753 deo
1525 2720 1646 2752 datum

186 2769 358 2804 ostendit.
408 2772 503 2805 cavis
542 2770 652 2814 igitur
689 2769 856 2803 manibus
879 2781 1008 2815 aquam
1032 2768 1240 2802 haurientes
1257 2794 1265 2808 ‚
1291 2779 1416 2801 suaves
1442 2768 1527 2800 illos
1553 2767 1644 2800 ‹livi-
