1786 3204
267 170 286 205 1
302 150 374 226 76
665 197 670 203 .
817 169 1162 213 THEOPHAle

255 270 406 325 τύριος
432 271 478 312 δὲ
513 267 620 326 πρὸς
650 271 822 313 Λέοντα
852 271 928 314 τὸν
956 273 1137 325 βασιλέα
1170 273 1444 327 παρεγένετο,
1478 270 1552 315 καὶ
1580 269 1732 316 0371st-

256 341 348 394 χθη
375 337 483 391 μετὰ
513 335 670 394 πολλῆς
697 339 836 393 τιμῆς,
867 340 1032 397 σπουδῇ
1057 341 1099 381 Γ
1096 340 1292 381 ενναδιόυ
1325 340 1731 384 Κωνσταντινουπό-

254 409 365 456 λεως·
395 403 646 449 ἐπισκόπου.
724 404 971 448 ἐπανελθών
1017 409 1063 449 δὲ
1108 409 1154 449 ἐν
1191 408 1430 466 Ἀντιοχείᾳ
1477 408 1552 450 καί
1591 407 1732 464 εὑρών

253 471 354 524 τούς
383 471 515 523 λαούς
543 472 863 526 στασιάζοντας,
895 473 969 515 καί
983 472 1164 529 Ζήνωνα
1193 473 1355 524 τούτοις
1385 475 1730 532 συμπράττοντα,

253 542 322 584 ἐπ’
351 541 572 597 ἐκκλησίας
599 539 674 597 τὴν
704 539 934 597 ἐπισκοπὴν
964 541 1216 595 ἀπετάξατο,
1247 540 1400 585 εἰπών’
1458 541 1599 602 κλήρῳ
1629 545 1769 587 a'vv--5

255 606 462 667 ποτάκτῳ,
493 608 565 651 καὶ
583 612 671 668 λαῷ
700 609 886 663 ἀπειθεῖ,
920 611 996 651 καί
1023 610 1219 667 ἐκκλησίᾳ
1241 609 1521 669 ῥερυπωμένῃ
1548 611 1732 654 οἷποτάτ-

253 691 413 732 τομαι,
456 676 687 733 φυλάττων
716 674 854 734 ἑαυτῷ
892 676 937 719 τὸ
970 678 1136 740 α’ξιὼιια
1178 678 1251 733 τῆς
1280 676 1525 734 ἱερωσύνης.
1580 676 1731 721 τούτου

256 745 305 785 δὲ
335 742 703 799 ὑποχωρήσαντος,
735 746 906 799 Πέτρος
935 743 957 786 ὅ
989 743 1191 801 Γναφεύς
1220 746 1280 802 τῷ
1309 745 1450 804 θρόνῳ
1477 745 1733 800 Ἀντιοχεώις

252 811 536 867 ἑπεπήδησεν,
571 810 876 868 χειροτονήσας
913 810 1048 863 εὐθύς
1082 811 1274 869 Ἰωάννην
1301 813 1536 867 Ἀπαμείας
1564 815 1732 857 ἐπίσκο-

215 886 331 921 Βπον
354 877 434 921 ἀπὸ
469 882 760 934 καθαιρέσεως
789 875 903 923 ὄντα.
935 878 1061 936 γνούς
1081 881 1127 923 δὲ
1150 882 1289 923 ταῦτα
1309 880 1536 931 Γεννάδιος
1566 876 1731 924 ἅπαντα
1751 900 1786 927 ιε

254 948 315 1005 τῷ
355 949 530 1001 βασιλεῖ’
568 948 838 990 ἀνατίθεται·
914 947 988 991 καί
1039 947 1200 991 κελεύει
1235 950 1409 1006 Πέτρον
1442 947 1515 991 τὸν
1552 949 1731 1006 Γναφέα

253 1015 538 1071 ἐξορισθῆναι.
597 1011 701 1071 ὅπερ
734 1013 917 1067 οἰκούσας
945 1015 966 1058 ὅ
994 1018 1164 1073 Πέτρος
1193 1018 1309 1075 φυγῇ
1339 1014 1416 1072 τὴν
1445 1018 1614 1073 έξορίαν
1644 1018 1731 1059 ὸίέ-

254 1097 416 1139 φύγεν·
476 1080 611 1142 ψήφῳ
644 1085 691 1126 δὲ
722 1088 843 1143 κοινῇ
867 1082 1097 1135 Ἰουλιανός
1127 1101 1192 1135 τις
1221 1085 1444 1135 ἐπίσκοπος
1474 1084 1730 1140 Ἀντιοχείας

252 1149 571 1207 προεχειρίσθη.

371 1219 438 1277 Τῷ
465 1219 504 1259 δ’
550 1217 669 1277 αὐτῷ
698 1216 785 1260 ἔτει
813 1221 1024 1275 ,μετετέθη
1069 1221 1112 1262 ἐν
1139 1221 1431 1280 Ἀλεξανδρειᾲ
1462 1218 1482 1262 o‘
1512 1219 1731 1277 προφήτης
1751 1226 1786 1268 ιξ

250 1286 484 1336 Ἐλισσαῖος
508 1285 590 1342 πρὸ
621 1288 742 1329 πέντε
788 1288 913 1329 εἰδῶν
945 1288 1109 1330 Μαῖων
1147 1292 1191 1330 ἐν
1224 1289 1277 1346 τῇ
1306 1291 1416 1347 μονῇ
1443 1286 1628 1331 Παύλου
1659 1291 1733 1330 τοῦ

255 1357 448 1409 Λεπροῦ.
508 1351 663 1409 λεπρὸν
704 1352 787 1411 γάρ
820 1354 999 1413 ἰάσατο,
1035 1355 1111 1398 καί
1152 1355 1308 1413 λεπρὸν
1335 1358 1544 1413 ἐποίησεν,
1572 1354 1644 1398 καί
1674 1358 1735 1407 εἰς

215 1419 303 1465 Cro}
335 1424 414 1465 τοῦ
441 1423 624 1477 Λεπροῦ
653 1424 793 1478 ἐτέθη.
1403 1481 1406 1485 .

42 1489 137 1525 AM·
150 1489 240 1538 5957
374 1487 521 1549 Τούτῳ
550 1491 608 1550 τῷ
638 1490 721 1534 ἔτει
750 1491 922 1549 ἐκτίσθη
952 1491 999 1535 τὸ
1045 1491 1312 1549 τετράστωον
1344 1496 1419 1536 τοῦ
1447 1493 1571 1549 ἁγίου
1595 1492 1734 1536 ’leodu-

355 1665 384 1689 ι.
410 1649 478 1689 τὸν
500 1652 583 1686 add.
611 1663 654 1686 ex
680 1653 722 1686 A.
819 1652 854 1686 3.
880 1654 933 1692 εἰς
954 1651 1183 1699 Ἀντιόχειαν
1207 1653 1235 1686 Λ
1266 1664 1297 1687 e.
1426 1654 1459 1688 5.
1484 1646 1551 1697 τὴν
1575 1652 1730 1688 ἐπισκο-

349 1696 426 1745 πὴν
459 1701 701 1748 suprascripto
741 1699 783 1748 τῇ
815 1701 1016 1749 ἐπισκοπῇ
1053 1702 1091 1734 Α.
1183 1702 1216 1734 6.
1248 1700 1492 1750 ῥερυπωμένῃ
1522 1703 1570 1742 Α,
1596 1699 1730 1747 ἐρῥυπ.

353 1750 451 1795 vulg.
587 1761 639 1783 ιο.
667 1752 930 1794 καθαιρέσεως
947 1751 988 1791 Λ,
1014 1753 1275 1796 καθαιρέσεων
1300 1749 1395 1795 vulg.
1520 1762 1572 1797 ¹9·
1599 1747 1730 1795 τετρά-

353 1809 478 1835 στωον
504 1809 542 1840 e,
566 1800 678 1845 τέρας
701 1792 743 1833 τὸ
772 1796 816 1834 ὂν
842 1799 871 1832 A
896 1799 931 1840 f,
963 1797 1203 1846 τετράγωνον
1227 1798 1322 1844 vulg.

254 1943 334 1991 pari
363 1950 642 1979 consueverunt,
703 1945 899 1990 Mai-tyrius
923 1957 1032 1992 porro
1070 1942 1116 1979 ad
1140 1945 1396 1990 imperatorem
1422 1941 1580 1976 Leonem
1604 1939 1729 1986 profe-

256 1998 344 2033 ctus,
370 1991 551 2026 Gennadii
571 1993 727 2039 Cpoleos
743 1994 921 2039 praesulis
941 1992 1314 2028 commendationibus
1338 1990 1455 2025 multo
1482 2001 1563 2023 cum
1590 1987 1729 2022 honore

256 2040 464 2086 suscipitur.
515 2041 744 2075 Antiochiam
773 2042 907 2076 deinde
932 2053 1107 2083 reversus,
1146 2053 1226 2075 cum
1251 2039 1382 2086 populi
1411 2038 1588 2071 sactiones
1613 2038 1729 2070 varias

254 2087 472 2134 easdemque
491 2090 706 2123 tumultibus
727 2092 962 2136 comperisset
985 2091 1138 2136 agitatas
1169 2095 1207 2123 et
1231 2088 1385 2122 Zenonis
1404 2086 1527 2119 favore
1549 2085 1729 2126 fortiores,

252 2137 292 2170 in
319 2137 490 2170 ecclesiae
518 2144 700 2172 conventu
725 2140 832 2172 cessit
857 2140 1082 2185 episcopatu,
1108 2137 1225 2172 verbis
1251 2148 1335 2169 usus
1363 2133 1598 2168 huiusmodi:
1631 2133 1728 2167 clero

253 2184 495 2226 inobedienti,
519 2187 659 2231 populo
687 2188 891 2222 contumaci
916 2193 954 2221 et
983 2187 1155 2221 ecclesiae
1181 2184 1346 2219 sordibus
1373 2183 1529 2216 infectae
1555 2182 1728 2215 nuncium

254 2232 420 2266 remitto:
447 2233 599 2280 solaque
635 2235 830 2270 sacerdotii
856 2236 1034 2281 dignitate
1071 2234 1161 2269 mihi
1194 2238 1386 2272 reservata,
1414 2229 1622 2277 episcopale
1645 2241 1729 2263 mu-

253 2292 321 2314 nus
347 2280 503 2326 depono.
554 2293 597 2315 eo
623 2283 829 2326 secedente,
857 2285 981 2318 Petrus
1005 2283 1110 2318 Fullo
1127 2283 1175 2315 'in
1198 2280 1414 2315 Antiochiae
1439 2277 1609 2312 thronum
1638 2277 1729 2310 insi-

254 2328 347 2362 liens
373 2328 564 2362 confestim
599 2331 773 2366 Ioannem
809 2332 1003 2378 quemdam
1036 2330 1296 2376 degradatione
1337 2328 1546 2362 damnatum
1582 2325 1730 2360 ordinat

251 2378 435 2422 Apameae
462 2378 685 2423 episcopum.
719 2381 853 2415 nuncio
876 2380 922 2414 de
950 2379 1005 2414 his
1035 2384 1196 2425 accepto,
1225 2375 1436 2411 Gennadius
1462 2380 1592 2408 cuncta
1617 2374 1729 2407 refert

252 2425 298 2458 ad
323 2426 592 2470 imperatorem,
624 2428 688 2473 qui
712 2428 856 2462 Petrum
880 2429 1074 2463 Fullonem
1100 2427 1210 2461 exilio
1234 2423 1470 2472 plectendum
1497 2422 1726 2469 pronunciat:

253 2472 354 2520 quod
382 2484 463 2506 cum
495 2474 619 2507 Petrus
645 2474 818 2519 audisset,
853 2478 931 2523 ipse
959 2476 1043 2522 fuga
1067 2475 1251 2522 proprium
1291 2473 1439 2506 exilium
1466 2472 1596 2506 evitat:
1625 2482 1726 2518 mox-

252 2533 327 2567 que
351 2521 606 2556 communibus
635 2525 812 2568 suffragiis
838 2526 1001 2559 Iulianus
1027 2523 1173 2571 quidam
1204 2519 1422 2555 Antiochiae
1451 2519 1644 2567 episcopus
1671 2518 1729 2552 in-

252 2570 404 2604 stitutus
426 2574 492 2603 est.

347 2618 426 2652 Hoc
465 2617 574 2651 etiam
611 2629 730 2660 anno,
769 2619 900 2666 quinto
934 2619 1015 2654 idus
1041 2619 1166 2661 Maias,
1202 2617 1334 2652 Elisaei
1360 2614 1561 2663 prophetae
1600 2624 1728 2668 corpus

226 2665 509 2700 1A1exandriam
535 2666 697 2701 delatum
726 2667 764 2700 in
789 2668 890 2701 Pauli
913 2668 1064 2713 Leprosi
1089 2668 1312 2701 monasterio
1338 2664 1538 2711 reponitur.
1589 2666 1728 2695 sanavit

250 2714 315 2747 ille
340 2714 545 2760 leprosum,
582 2715 647 2748 alii
685 2715 821 2761 lepram
856 2715 1025 2757 induxit,
1057 2721 1094 2750 et
1117 2716 1156 2749 iu
1185 2714 1274 2749 aede
1300 2726 1319 2748 a
1348 2715 1506 2759 Leproso
1527 2715 1646 2744 erecta
1671 2719 1728 2742 re-

251 2761 420 2797 conditus
449 2768 515 2796 est.

61 2811 234 2858 &0457
346 2811 428 2852 Hoc
466 2821 562 2846 auno
598 2811 634 2846 S.
666 2811 814 2847 Ioannis
856 2811 1005 2846 nomine
1055 2811 1310 2859 quadrafigura
1346 2811 1593 2844 constructum
1635 2815 1726 2850 opus
