1786 3204
258 170 277 206 1
294 169 365 228 70
804 169 1154 217 THEOPHANIS

250 266 303 314 εὖ
330 274 490 316 ποιῶν·
549 269 652 318 ὅθεν
689 277 841 318 τοῦτον
871 274 982 329 ὁρῶν
1020 275 1042 318 ὅ
1074 277 1344 335 πατριάρχης
1389 275 1628 326 Ἀνατὸλιος
1657 279 1733 319 καί

249 338 379 390 αὔτὸς
409 340 485 384 οὐκ
514 338 576 385 ἔτι
604 345 762 402 φορείῳ
792 342 1057 402 φερόμενος,
1087 343 1197 388 κατὰ
1226 342 1272 388 τὸ
1303 343 1431 399 ἔθος,
1461 343 1728 397 ἑλιτοίνευεν,

248 407 357 452 ἀλλὰ
388 409 527 462 πεζός.

365 476 508 537 Τούτῳ
538 480 595 537 τῷ
625 475 712 521 ἔτει
736 478 944 533 Τιμόθεος
969 476 990 521 ὅ
1017 478 1239 535 Λῖλουρος
1257 483 1494 539 μαγγανεία
1509 479 1729 535 χρησάμε-

246 559 341 598 νος,
391 545 545 597 νυκτὸς
589 548 635 589 ἐν
671 553 761 596 τοῖς
803 550 982 597 κελλίοις
1008 550 1095 591 τῶν
1134 551 1341 604 μοναχιὸν
1370 545 1659 604 περιήρχετο,
1685 546 1767 599 ἐξό

244 608 454 666 ὀνόματος
481 616 622 657 καλῶν
648 613 836 658 ἕκαστον.
877 616 954 657 τοῦ
975 617 1022 658 δὲ
1053 616 1394 670 α’ποκριναμένου
1425 615 1590 671 ἔλεγεν·
1647 616 1729 671 ἐγώ

246 674 419 735 ἄγγελός
447 683 561 739 εἰμι,
590 685 664 725 καί
691 683 932 738 α’πεστοὶλην
970 685 1103 727 εἰπεῖν
1134 687 1265 727 πᾶσιν
1295 685 1529 740 α’ποστῆναι
1553 685 1632 737 μὲν
1658 686 1731 739 τῆς

245 750 463 799 κοινωνίας
484 753 732 806 Προτεριόυ
762 753 837 793 καί
861 753 945 794 τῶν
974 753 1020 794 ἐν
1047 750 1308 807 Χαλκηδόνι,
1345 749 1555 806 Τιμόθεον
1585 753 1632 794 δὲ
1660 750 1730 795 τὸν

247 814 464 871 Αἵλουρον
492 819 720 861 ἐπίσκοπον
749 821 1113 875 προχειρίσασθαι
1138 820 1476 875 Ἀλεξανδρείας.

201 889 234 925 D
364 887 431 942 Τῷ
461 886 498 926 δ’
529 885 649 943 αὐτῷ
677 884 760 928 ἔτει
778 888 967 938 Εὕὸοξία
997 887 1021 943 ἦ
1054 887 1248 944 θυγάτηρ
1283 889 1516 932 Θεοδοσίου
1544 888 1621 929 τοῦ
1649 890 1729 941 βα·
1749 898 1786 925 1(

245 953 413 1005 σιλέως,
444 952 548 1009 γυνη
581 955 628 996 δὲ
652 954 1013 998 Οὕαλεντινιανοῦ
1038 957 1115 997 τοῦ
1144 955 1298 1010 τρίτου
1322 952 1429 1008 μετὰ
1460 956 1563 1009 μιᾶς
1591 956 1730 1009 θυγα-

241 1019 343 1075 τρὸς
362 1022 626 1076 Πλακιὸίας,
660 1021 857 1075 γυναικὸς
884 1023 1126 1079 Ὀλυβρίου,
1156 1025 1397 1079 ἐπανῆλθεν
1428 1023 1473 1074 ἐξ
1498 1022 1729 1079 Ἀφρικῆς·

240 1085 268 1143 ἦ
300 1085 380 1142 γάρ
415 1088 602 1131 Εύὸοκία
630 1091 689 1147 τῷ
716 1088 797 1149 υἱῷ
813 1091 1041 1146 Γιζερίχου
1064 1089 1284 1149 Ὁνωρίχῳ
1329 1089 1514 1147 ἐζεύχθη
1553 1091 1636 1137 καὶ
1654 1089 1732 1131 οὐκ

245 1157 499 1211 ἐπανῆλθεν.

31 1235 232 1282 Α.Μ.595ο
352 1223 587 1277 (Ρωμαίων
615 1227 826 1281 βασιλέως
856 1228 1047 1276 Λέοντος
1075 1224 1165 1276 ἔτος
1196 1225 1246 1268 α’.
1751 1221 1786 1261 15

137 1303 231 1346 Ρ.95
365 1290 511 1352 Τούτῳ
535 1296 595 1351 τῷ
626 1292 711 1337 ἔτει
744 1297 874 1337 Λέων
904 1294 1195 1350 ἐβασιλευσεν,
1226 1294 1346 1351 Θρᾷξ
1375 1293 1433 1351 τῷ
1463 1294 1571 1347 γένει
1593 1324 1605 1343 ,
1637 1308 1730 1346 τρι-

129 1367 173 1401 V.
188 1366 233 1413 76
244 1360 397 1414 βοῦνος
428 1359 504 1416 τὴν
535 1357 669 1418 ἀξίαν,
695 1364 799 1418 μηνί
829 1364 1112 1421 Φεβρουαρίῳ
1143 1362 1404 1411 ι’νὸικτιαῖνος
1438 1359 1494 1402 ια’
1527 1360 1732 1416 στεφθεὶς

245 1425 326 1471 ὑπὸ
356 1427 610 1471 Ἀνατολίου
643 1431 723 1472 τοῦ
754 1428 1041 1486 πατριάρχου.

362 1498 430 1555 Τῷ
461 1498 498 1538 δ’
543 1499 660 1557 αὐτῷ
689 1496 773 1541 ἔτει
801 1500 982 1552 σεισμοῦ
1013 1497 1205 1555 φοβεροῦ
1234 1498 1458 1552 γενομένου
1497 1497 1542 1538 ἐν
1566 1495 1731 1539 Ἀντιο-

242 1566 352 1624 χείᾳ,
385 1562 539 1619 σχεδὸν
566 1567 685 1608 πᾶσα
715 1565 883 1621 ἡπόλις
912 1569 1154 1610 κατέπεσεν.
1220 1560 1352 1621 ἦλθεν
1385 1566 1432 1607 δὲ
1463 1565 1509 1606 ἐν
1532 1563 1730 1614 Ἀλεξαν-
1745 1573 1786 1600 2<

243 1633 364 1691 ὀρείᾳ
394 1635 774 1689 καμηλοπάρδαλις
803 1637 878 1677 καί
901 1636 1166 1690 ταυρὲλαφοι
1193 1632 1267 1675 καί
1304 1628 1414 1675 ἄλλα
1442 1633 1592 1687 θηρία.
1650 1628 1730 1673 σύν

246 1702 391 1752 αὐτοῖς
419 1703 494 1743 καί
527 1699 551 1743 ὅ
585 1700 819 1756 Τιμόθεος,
849 1701 889 1747 ,ὅ
932 1702 1104 1757 ἐπίκλην
1133 1699 1375 1756 Λῖλουρος,
1420 1698 1497 1756 τὴν
1530 1695 1730 1749 Ἀλεξαν-

344 1843 396 1879 17.
422 1831 488 1881 ια’]
517 1831 538 1866 ι’
564 1832 606 1866 Α.

245 1954 332 1983 tunc
355 1947 510 1991 ferebat,
535 1947 600 1983 sed
624 1947 783 1995 pedibus
801 1959 949 1994 quoque
977 1947 1048 1982 iter
1071 1958 1179 1993 agens
1196 1947 1389 1981 Anatolius
1405 1936 1618 1992 patriarcha
1640 1955 1731 1990 pro-

245 1998 451 2032 cessionum
480 1998 770 2043 supplicationes
795 1996 935 2030 obibat.

340 2045 418 2079 Hoc
448 2046 557 2079 etiam
582 2057 678 2079 anno
705 2044 920 2079 Timotheus
946 2044 1102 2078 Aelurus
1126 2042 1331 2090 praestigiis
1351 2047 1387 2075 et
1411 2040 1603 2086 fraudibus
1629 2051 1727 2082 usus,

243 2092 507 2128 monachorum
534 2094 646 2128 cellas
673 2099 872 2128 nocturnus
899 2092 1105 2127 ambulator
1133 2090 1368 2131 circumibat,
1406 2089 1624 2123 nominatim
1650 2090 1728 2123 sin-

244 2142 348 2188 gulos
373 2153 526 2176 vocans:
553 2143 612 2175 cui
638 2154 720 2176 cum
746 2140 989 2188 responderet
1013 2140 1205 2188 quispiam,
1230 2138 1413 2172 referebat
1436 2137 1523 2173 ille:
1558 2148 1624 2182 ego
1651 2149 1731 2171 sum

243 2191 414 2235 angelus:
450 2195 488 2224 et
525 2195 568 2224 ut
591 2201 612 2223 a
636 2190 787 2225 Protei-ii
827 2190 1083 2224 communione
1127 2194 1164 2223 et
1195 2186 1241 2221 ab
1277 2187 1345 2228 iis,
1371 2197 1464 2233 quae
1495 2185 1729 2220 Chalcedone

243 2243 331 2273 sunt
356 2243 455 2279 acta,
492 2239 614 2272 cuncti
649 2239 880 2280 abstineant,
918 2244 956 2273 et
990 2236 1146 2272 subinde
1175 2235 1411 2271 Timotheum
1439 2234 1613 2268 Aeliu-um
1639 2234 1729 2268 Ale-

242 2285 417 2321 xandriae
442 2286 671 2321 constituant
697 2289 920 2333 episcopum,
951 2286 1186 2320 enunciatum
1213 2295 1291 2317 sum
1314 2283 1456 2317 missus.

339 2334 419 2368 Hoc
457 2333 587 2368 eodem
615 2346 711 2368 anno
736 2334 902 2368 Eudoxia
935 2333 1140 2369 Theodosii
1173 2331 1404 2378 imperatoris
1429 2330 1533 2372 filia,
1559 2329 1729 2364 Valenti-

241 2382 346 2418 niani
372 2394 457 2416 vero
482 2382 581 2416 tertii
606 2383 755 2424 coniux,
780 2394 862 2417 cum
888 2382 1053 2417 Placidia
1086 2381 1244 2416 filiarum
1271 2380 1397 2418 altera,
1423 2378 1567 2422 Olybrii
1592 2388 1730 2419 uxore,

245 2443 290 2466 ex
312 2431 434 2466 Africa
460 2430 657 2465 remeavit:
692 2430 856 2465 Eudocia
891 2430 1076 2478 siquidem
1099 2427 1312 2464 Honorieho
1338 2425 1524 2462 Gizericln·
1550 2426 1628 2460 filio
1653 2437 1730 2459 ma-

245 2479 420 2515 trimonio
450 2479 574 2512 iuncta
598 2490 673 2512 non
699 2478 819 2513 rediit.

57 2531 236 2577 A.c.45o
343 2530 585 2563 Romanorum
612 2526 845 2573 imperatoris
875 2526 1012 2560 Leonis
1033 2537 1148 2560 annus
1175 2525 1325 2571 primus.

341 2576 421 2610 Hoc
445 2586 543 2610 anno
568 2576 656 2616 Leo,
683 2586 813 2620 genere
839 2574 976 2617 Thrax,
1003 2574 1181 2620 dignitate
1209 2572 1404 2613 tribunus,
1433 2571 1633 2617 imperator
1669 2581 1728 2602 sa-

243 2625 407 2666 lutatur,
434 2634 560 2658 mense
584 2623 799 2665 Februario,
824 2622 1029 2658 indictione
1056 2621 1207 2664 decima,
1241 2627 1280 2655 et
1301 2620 1348 2654 ab
1374 2619 1546 2654 Anatolio
1572 2618 1730 2664 patriar-

245 2672 314 2708 cha
332 2678 538 2707 coronatur.

339 2722 419 2757 Hoc
438 2732 534 2755 anno
558 2720 713 2753 maximo
742 2723 975 2753 terraemotu
990 2717 1205 2753 Antiochiae
1229 2717 1334 2759 facto,
1360 2722 1440 2751 tota
1465 2716 1579 2749 ferme
1604 2714 1731 2747 civitas

243 2770 391 2804 corruit.
416 2767 672 2804 Alexandriam
695 2778 806 2814 porro
835 2767 1152 2814 camelopardalis,
1176 2763 1382 2811 taurelaphi
1409 2770 1448 2799 et
1480 2763 1554 2798 alia
1574 2762 1730 2796 ferarum

245 2823 406 2853 monstra
430 2823 514 2853 sunt
537 2817 666 2851 illata:
706 2816 887 2862 simulque
923 2827 1004 2850 cum
1031 2815 1108 2849 illis
1132 2813 1362 2856 Timotheus,
1388 2816 1630 2859 cognomento
1656 2810 1729 2845 Ae-
