1768 3106
281 143 396 202 508
831 167 1182 211 THEOPHANIS

279 268 533 323 φρονοῦντες
562 268 633 312 ἕπί
662 270 901 325 καπηλείων
928 269 1001 313 καί
1026 270 1264 325 βαλανείων
1293 271 1498 327 ὃιὲσυραν
1526 268 1601 327 τὴν
1627 274 1759 314 καθο-

275 333 397 391 λικῆν
423 336 657 393 ἐκκλησίαν,
684 340 895 392 λέγοντες·
957 338 1102 395 πρώην
1130 337 1239 392 μετὰ
1277 342 1518 395 Νεστοριόυ
1549 342 1757 397 φρονοῦν-

273 417 343 452 τες
382 401 422 445 οἱ
449 405 792 460 Χαλκηδονῖται,
821 401 1066 462 οἷνένηψαν,
1097 407 1433 462 ἐπιστρέψαντες
1462 410 1520 456 εἰς
1547 405 1622 463 τὴν
1650 406 1758 462 ἀλή-

273 472 412 527 θειαν,
446 468 674 523 ἐνωθέντες
708 472 809 528 ἧμῖν
856 473 929 516 διὰ
978 475 1054 530 τῆς
1082 475 1186 528 μιᾶς
1217 476 1428 531 ἐνεργείας
1457 476 1517 524 εἰς
1545 474 1624 530 τήν
1651 477 1757 529 μίαν

273 541 354 580 τοῦ
382 541 577 592 Χριστοῦ
604 540 748 596 φύσιν.
807 544 886 584 νῦν
914 543 962 584 δὲ
993 541 1272 597 καταγνόντες
1300 543 1377 585 τοῦ
1404 544 1542 592 καλῶς
1572 540 1754 597 ἔχοντος,

232 601 501 650 Βοῖπαίλεσαν
535 606 776 664 ἀμφότερα,
800 607 909 665 μήτε
938 610 1053 666 μίαν,
1082 609 1191 666 μήτε
1222 608 1300 652 δύο
1326 613 1372 653 ἑν
1402 612 1579 669 Χριστῷ
1607 609 1757 664 ὁμολο-

1181 681 1199 690 υ

272 677 456 729 γοῦντες.
521 677 630 730 μετὰ
681 678 729 719 δὲ
758 675 835 734 τήν
876 677 1076 732 τελευτὴν
1121 694 1195 721 του
1226 681 1432 735 Σεργιόυ,
1472 678 1654 733 Πύρρος
1683 677 1758 720 τὸν

270 742 428 798 θρόνον
457 744 946 795 Κωνσταντινουπόλεως
990 747 1235 802 διεδέξατο,
1275 742 1322 796 ὅς
1349 762 1412 796 τις
1455 744 1508 790 τοὶ
1551 747 1757 801 δογματι-

136 812 259 858 V·2¹9
272 813 431 854 σθέντα
463 811 548 854 ὑπὸ
578 815 758 868 Σεργιόυ
799 815 874 856 καί
903 815 1056 869 Κύρου
1092 815 1264 868 ,α’σεβῶς
1297 812 1540 869 ἐκράτυνεν.
1598 816 1678 856 τοῦ
1708 815 1756 855 δὲ

264 879 523 934 ιΗρακλείου
542 879 888 937 τελευτήσαντος,
917 882 992 924 καί
1030 883 1108 924 τοῦ
1136 881 1233 924 υἱοῦ
1259 882 1395 924 αὐτοῦ
1423 882 1753 925 Κωνστοιντίνου

268 945 627 1001 βασιλεύσαντος,
656 947 836 1004 Πύρρος
881 947 963 992 σύν
1003 951 1054 1006 τῇ
1105 952 1311 1007 ΙΙΙαρτίνῃ
1351 948 1565 1008 φαρμάκῳ
1604 949 1756 991 τοῦτον

266 1016 446 1072 α’νεῖλεν,
471 1015 548 1058 καί
571 1014 791 1070 βασιλεύει
815 1016 1119 1073 ἹΙρακλεωνιῖς
1149 1016 1171 1060 ὁ
1202 1019 1277 1072 τῆς
1308 1019 1533 1073 ΙΙἸαρτίνης
1560 1014 1666 1066 υἱός.
1726 1014 1752 1071 ἦ

267 1084 318 1126 δὲ
345 1083 577 1140 σύγκλητος
604 1085 680 1127 καί
719 1083 744 1139 ἦ
775 1082 895 1136 πόλις
928 1083 1134 1143 Πύρρον,
1165 1086 1223 1136 ὥς
1252 1086 1401 1142 α’σεβῆ,
1429 1086 1512 1129 σύν
1539 1086 1593 1143 τῇ
1619 1086 1753 1139 Μαρ-

267 1154 360 1209 τίνῃ
393 1154 466 1194 καί
495 1153 550 1207 τῷ
584 1150 665 1210 υἱῷ
690 1152 820 1208 αὐτῆς
851 1153 1060 1205 ἐξέωσαν·
1117 1155 1191 1196 καί
1214 1154 1436 1207 βασιλεύει
1463 1151 1696 1209 Κώνστας,
1729 1151 1751 1194 ὅ

268 1221 596 1262 Κωνσταντίνου
631 1217 737 1275 υἱός,
766 1221 842 1262 καί
865 1227 1169 1276 χειροτονεῖται
1189 1222 1370 1270 Παῦλος
1400 1223 1750 1264 Κωνσταντινου-

268 1286 431 1338 πόλεως
460 1288 697 1342 ἐπίσκοπος,
726 1291 798 1331 καὶ
827 1287 959 1340 αὐτὸς
999 1289 1224 1345 αἱρετικός.
1292 1287 1485 1345 Ἰωάννης
1517 1290 1565 1332 δὲ
1597 1287 1620 1330 ὅ
1646 1287 1753 1332 Ῥώ-

227 1362 349 1411 (Ξμης
379 1354 605 1405 ἐπίσκοπος
636 1357 931 1410 συναθροίσας
962 1358 1142 1400 σύνοδον
1162 1355 1415 1412 ἐπισκόπων,
1445 1356 1521 1413 τήν
1547 1358 1632 1400 τῶν
1653 1359 1752 1399 Μο-

266 1425 507 1480 νοθελητῶν
534 1422 700 1479 αἵρεσιν
719 1425 1040 1478 α’νεθεμοὶτισεν.
1097 1422 1256 1480 ὁμοίως
1285 1425 1360 1468 καί
1389 1423 1435 1468 ἐν
1458 1424 1649 1482 ’Λφρικῇ
1678 1423 1754 1466 καὶ

259 1494 463 1550 Βυζακίῳ
494 1494 567 1541 καί
591 1492 812 1551 Νουμιδίᾳ
845 1492 918 1535 καὶ
947 1495 1258 1553 Μαυριτανίᾳ,
1292 1493 1495 1551 διάφοροι
1526 1491 1750 1535 ἐπίσκοποι

257 1560 645 1619 συναθροισθέντες
685 1558 785 1610 τούς
816 1563 1134 1618 Μονοφυσίτας
1166 1559 1497 1617 ἀνεθεμάτισαν.
1554 1559 1768 1605 Ἰωάννουτ

356 1705 515 1793 asten}
542 1713 588 1746 N.
616 1711 655 1754 A,
680 1710 754 1758 μὲν
781 1706 828 1746 τὰ
853 1714 901 1748 Ν.
930 1711 1028 1756 vulg.
1127 1712 1160 1758 4.
1185 1711 1249 1756 τῆς
1275 1712 1361 1746 add.
1388 1723 1432 1747 ex
1458 1713 1497 1746 A.
1611 1723 1654 1770 t⁹7.
1682 1708 1748 1755 τὴν

354 1759 576 1856 Ξίῇκὲἱῤ.
597 1807 638 1844 δὲ
660 1759 848 1854 ᾗῇἐρριριὲ..
941 1773 976 1807 9.
997 1762 1180 1809 Σεργίου]
1195 1760 1416 1809 ΣευὴρουΑ.
1521 1761 1572 1796 18.
1604 1764 1747 1808 ομοίως

258 1940 393 1975 Christi
421 1942 656 1987 operationes
686 1947 946 1984 assererentur,
971 1942 1237 1989 promulgavit:
1265 1942 1364 1990 quod
1389 1941 1452 1976 ubi
1478 1942 1603 1977 Severi
1629 1946 1745 1977 secta-

259 1994 356 2023 tores
386 1989 519 2035 legere,
546 1991 738 2025 ecclesiam
765 1991 982 2025 catholicam
1018 2003 1084 2034 per
1118 1992 1272 2038 popinas
1299 1997 1336 2026 et
1359 1991 1492 2025 balnea
1520 1991 1641 2036 impiis
1667 2003 1742 2024 ser—

257 2037 428 2072 monibus
453 2038 717 2074 traducebant:
743 2040 808 2086 qui
833 2040 1023 2086 hucusque
1050 2040 1213 2074 Nestorii
1241 2051 1386 2073 sensum
1411 2039 1558 2084 sequuti
1590 2038 1743 2073 Chalce-

257 2085 420 2126 donitae,
441 2098 559 2132 nuper
578 2088 822 2134 resipuerunt,
847 2094 886 2122 et
902 2089 1094 2122 veritatem
1110 2089 1320 2135 amplexati,
1347 2099 1411 2133 per
1426 2087 1533 2120 unius
1560 2087 1744 2132 operatio-

258 2134 316 2166 uis
341 2135 573 2179 positionem,
598 2137 638 2169 in
656 2148 764 2169 unam
788 2136 979 2171 nobiscum
1004 2136 1138 2170 Christi
1164 2142 1328 2170 naturam
1354 2134 1583 2168 asserendam
1609 2147 1744 2169 conve—

257 2192 369 2223 nere,
406 2188 443 2215 at
472 2195 569 2217 nunc
607 2184 752 2218 demum
797 2196 863 2226 eo,
912 2196 1020 2231 quem
1056 2190 1152 2218 recte
1189 2183 1384 2224 tenebant,
1424 2195 1531 2216 sensu
1560 2182 1744 2226 damnato,

259 2235 455 2276 utrumque
481 2232 692 2273 amiserunt,
719 2231 805 2265 dum
828 2244 948 2278 neque
975 2245 1096 2274 unam,
1123 2243 1243 2278 neque
1273 2231 1362 2264 duas
1393 2231 1431 2265 in
1459 2230 1603 2265 Christo
1629 2231 1743 2266 confi-

258 2283 383 2311 tentur
407 2283 567 2312 naturas.
618 2286 704 2326 post
733 2280 849 2326 Sergii
876 2292 961 2314 vero
989 2280 1130 2315 obitum
1156 2279 1310 2324 Pyrrhus
1341 2279 1498 2325 Cpoleos
1523 2279 1647 2314 sedem
1677 2291 1741 2313 ex-

256 2325 366 2371 cepit,
396 2327 459 2371 qui
487 2327 613 2371 Sergio
645 2333 682 2362 et
696 2328 788 2372 Cyro
813 2335 950 2362 temere
977 2335 1113 2362 asserta
1153 2328 1334 2362 mordicus
1372 2334 1409 2361 et
1438 2328 1547 2374 impie
1574 2329 1739 2362 retinuit.

254 2374 425 2408 Hetaclio
458 2374 608 2408 tandem
636 2375 720 2409 fatis
750 2377 897 2418 functo,
925 2377 1205 2410 Constantinum
1232 2376 1310 2409 eius
1348 2376 1463 2409 silium
1491 2377 1636 2423 imperii
1658 2387 1741 2409 suc-

254 2433 434 2457 cessorem
461 2422 613 2466 Pyrrhus
640 2429 677 2457 et
696 2424 865 2466 Martina,
891 2436 965 2470 quo
991 2425 1037 2458 ad
1057 2424 1319 2458 Heracleonam
1333 2424 1512 2458 Mai-tinae
1532 2425 1646 2459 filium
1674 2425 1742 2458 im-

254 2470 346 2516 perii
378 2470 534 2516 dignitas
561 2471 834 2513 devolveretur,
861 2484 1003 2506 veneno
1036 2473 1279 2506 sustulerunt:
1322 2479 1543 2520 senatusque
1582 2472 1741 2507 subinde

255 2524 294 2552 et
319 2518 418 2552 urbis
444 2518 548 2565 plebs
579 2519 752 2563 Pyrrhum
769 2545 779 2560 ‚
807 2531 873 2553 ceu
900 2521 1115 2565 sacrilegum
1141 2525 1179 2554 et
1221 2522 1384 2567 impium,
1411 2533 1491 2554 cum
1518 2522 1676 2555 Mai-tina
1703 2525 1741 2555 et

254 2567 334 2600 eius
360 2566 438 2601 filio
468 2566 657 2612 abrogavit
682 2573 719 2601 et
746 2568 901 2613 expulit.
938 2568 1116 2602 Constans
1146 2574 1265 2603 autem
1285 2569 1518 2603 Constantini
1544 2569 1641 2602 filius
1670 2569 1739 2602 im-

252 2616 397 2660 perium
423 2615 646 2660 adipiscitur,
674 2622 711 2649 et
739 2616 870 2650 Paulus
898 2617 1007 2650 etiam
1046 2617 1124 2662 ipse
1149 2617 1357 2651 haereticus
1384 2619 1423 2650 in
1449 2617 1607 2664 Cpoleos
1634 2616 1737 2650 thro-

254 2674 341 2696 num
370 2663 598 2698 subvehitur.
649 2665 802 2697 Ioannes
827 2669 947 2698 autem
975 2666 1109 2699 Romae
1138 2667 1343 2712 episcopus,
1370 2671 1569 2699 convocata
1596 2666 1740 2710 episco-

253 2723 381 2757 porum
408 2712 568 2756 synodo,
592 2711 921 2746 Monothelitarum
948 2719 1085 2747 sectam
1110 2713 1250 2748 inflicto
1276 2713 1508 2748 anathemate
1534 2713 1739 2747 damnavit:

254 2759 424 2793 similiter
460 2761 498 2794 in
531 2760 650 2794 Africa
685 2766 723 2794 et
746 2762 917 2804 Byzacio,
943 2773 1008 2807 per
1045 2761 1250 2796 Numidiam
1291 2768 1329 2796 et
1367 2762 1625 2796 Mauritaniam
1650 2762 1740 2794 varii

254 2807 417 2855 episcopi
442 2808 483 2844 iu
513 2821 624 2844 unum
653 2809 811 2852 collecti,
834 2809 1123 2857 Monophysitas,
1151 2822 1258 2846 unam
1286 2811 1453 2846 nimirum
1468 2810 1603 2845 Christi
1627 2814 1737 2844 natu-
