1786 3204
304 172 319 206 1
337 150 408 207 58
839 163 1201 217 ,THEOPHAle

293 269 435 321 σιλεύς
455 269 534 326 τὴν
561 271 776 325 μακαρίαν
796 268 1072 322 Πουλχερίαν
1098 261 1231 307 πολλὰ
1262 265 1576 319 παρακαλέσας,
1606 261 1760 321 ἤγαγεν

295 339 356 389 εἰς
383 336 435 382 τὰ
467 337 690 391 βασίλεια·
748 333 838 390 ἥτις
867 335 1028 383 εὐθέως
1047 332 1328 375 α’ποστείλασα
1357 332 1417 380 εἰς
1436 325 1630 388 Ἔφεσον,
1655 327 1759 388 ἤγα-

292 421 364 460 γεν
394 404 440 447 τὸ
491 405 692 458 λείψανον
733 405 811 444 τοῦ
848 400 968 456 ἁγίου
1008 397 1277 453 Φλαβιανοῦ·
1323 399 1409 439 καί
1435 396 1544 450 μετὰ
1573 400 1759 456 δορυφο-

293 474 391 528 ρίας
421 469 493 514 διὰ
522 474 597 526 τῆς
625 472 757 526 μέσης
787 470 1070 522 ἑκκομίσασα,
1108 464 1275 518 ἔθαψεν
1304 465 1348 505 ἐν
1377 469 1465 513 τοῖς
1493 464 1627 520 ἁγίοις
1654 468 1760 508 α’πο-

292 541 468 589 στόλοις.
526 537 618 581 τότε
647 539 724 593 τὴν
751 538 831 579 τῶν
860 530 1217 588 Χαλκοπρατείων
1247 530 1477 587 ἐκκλησίαν
1498 534 1550 589 τῇ
1576 530 1786 591 θεοτόκῳξ

294 605 525 662 ἀνήγειρεν,
558 603 806 660 συναγωγὴν
833 603 1046 647 Ἰουδαίων
1074 598 1276 654 πρότερον
1298 593 1444 642 οὖσαν·
1470 602 1548 642 τοῦ
1568 601 1616 642 δὲ
1638 604 1759 666 λαοῦ,

294 673 350 724 ὥς
381 674 649 728 προέφημεν,
678 673 723 714 ἐν
762 671 929 726 Σικελίᾳ
969 667 1247 721 ἐκδεχομένου
1276 664 1353 721 τὴν
1380 669 1466 710 τῶν
1493 669 1760 723 πρεσβευτῶν

295 743 336 783 Γ
334 742 521 794 ιζερίχου
552 734 696 795 ἄφιξιν
726 740 800 779 καί
825 735 900 792 τὴν
930 734 1006 777 τοῦ
1042 735 1250 788 βασιλέως
1281 734 1491 788 κέλευσιν,
1523 735 1570 777 ἐν
1596 736 1654 792 τῷ
1679 750 1758 789 με..

255 806 399 858 Οταξὺ
428 802 626 856 ’Ἀττιλας
656 805 904 859 Ὀμνουδώυ
944 807 1067 858 παῖς,
1102 797 1284 857 Σκύθης,
1312 799 1532 856 γενόμενος
1565 803 1760 858 ἀνδρεῖος

294 875 369 916 καί
394 871 691 930 ὖπερήφανος,
731 868 958 924 α’ποβαλών
997 870 1168 911 Βδέλαν
1205 867 1280 911 τὸν
1320 867 1610 926 πρεσβύτερον
1637 865 1786 913 ἀδελ-ι

295 939 385 997 φὸν,
415 942 488 982 καί
524 938 652 993 μόνος
694 935 842 994 ἄρχων
877 935 921 980 τὸ
965 938 1050 979 ταῖν
1089 937 1269 979 Σκυθῶν
1309 938 1550 991 βασίλειον,
1583 936 1659 987 οὓς
1687 940 1761 981 καί

176 1011 273 1056 V·7¹
299 1003 487 1056 Οὔννους
516 1007 729 1059 καλοῦσιν,
761 1007 1012 1059 κατατρέχει
1040 1001 1119 1059 τήν
1150 1001 1335 1060 Θρᾴκην,
1365 1004 1421 1046 δι’
1452 1001 1502 1046 ὃν
1529 1007 1604 1047 καί
1627 1004 1758 1058 μάλι-

290 1092 368 1118 στα
401 1072 628 1123 Θεοδόσιος
655 1073 881 1116 σπένδεται
908 1072 949 1114 Γ
948 1067 1146 1125 ιζὲριχον,
1176 1072 1251 1112 καί
1275 1068 1479 1126 ἐπανάγει
1506 1071 1577 1115 τὸν
1607 1070 1759 1116 στόλον

289 1145 336 1185 ἐκ
365 1144 574 1190 Σικελίας.
643 1140 889 1182 ἀποστέλλει
926 1139 972 1180 δὲ
1001 1136 1073 1181 τὸν
1095 1132 1298 1194 ’Ἀσπαρα
1339 1136 1419 1182 σύν
1447 1141 1502 1198 τῇ
1529 1139 1602 1182 ὑπ’
1631 1139 1758 1183 αὐτὸν

291 1211 470 1263 δυνάμει
512 1211 584 1252 καί
620 1206 890 1263 Ἀρεόβινδον
919 1208 992 1248 καί
1023 1203 1330 1261 Ἀργάλισκλον
1365 1208 1437 1250 ἐπὶ
1464 1207 1538 1251 τόν
1557 1203 1786 1252 ’Ἀττιλανι

283 1274 552 1332 Ῥατιοὶρειαν
591 1269 671 1331 ἤδη
712 1275 784 1316 καί
812 1271 992 1318 Νάσσαν
1031 1275 1104 1316 καί
1134 1272 1474 1317 Φιλιππούπολιν
1501 1277 1575 1318 κατ’
1605 1276 1758 1332 Ἀρκα-

290 1343 507 1386 διούπολιν
545 1344 617 1385 καί
650 1344 952 1385 Κωνσταντίαν
1002 1339 1076 1383 καί
1119 1339 1246 1397 ἕτερα
1287 1345 1465 1385 πλεῖστα
1514 1341 1757 1397 πολίσματα

288 1408 710 1466 καταστρεψάμενον,
752 1410 826 1451 καί
866 1407 947 1451 σύν
991 1407 1277 1464 αἰχμαλώτοις
1325 1413 1493 1460 πολλοῖς
1528 1410 1758 1468 ὑπέρογκον

288 1478 625 1536 συμφορήσαντα
657 1478 785 1519 λείαν.
814 1478 895 1520 τῶν
925 1472 1001 1520 οὖν
1030 1478 1275 1534 στρατηγῶν
1302 1479 1620 1521 ἑλαττωθὲντων
1647 1478 1757 1537 σφό-

387 1639 414 1660 ι.
444 1620 511 1670 τὴν
534 1625 618 1660 add.
647 1637 691 1660 ex
715 1627 754 1660 A.
852 1629 883 1662 5.
909 1627 950 1676 τῇ
977 1625 1067 1675 ἁγίᾳ
1091 1630 1190 1663 θεοτ.
1220 1626 1257 1660 b.
1363 1627 1398 1660 6.
1425 1626 1533 1675 λαοῦ]
1562 1628 1695 1665 στόλου
1718 1628 1754 1662 b.

379 1688 412 1721 9.
435 1673 633 1721 Ὁμνοδίου
659 1675 700 1716 A,
722 1673 945 1721 Ὁμουνδίου
969 1675 1004 1709 b.
1106 1686 1157 1709 12.
1186 1678 1250 1709 καὶ
1276 1679 1359 1708 ante
1382 1675 1549 1722 μάλιστα
1574 1688 1644 1710 om.
1665 1678 1692 1710 A
1718 1677 1753 1710 b.

388 1724 438 1756 15.
464 1722 734 1770 Ἀργάλισκλον
761 1723 788 1755 A
813 1733 833 1754 e
862 1724 895 1766 f,
924 1722 1145 1771 Ἀργίσκλον
1169 1723 1205 1764 b,
1229 1722 1481 1769 ,Ἀράλισκλαν
1504 1725 1600 1769 vulg.
1700 1726 1752 1760 16.

382 1768 533 1806 Νάϊσον
562 1771 597 1804 b.
727 1782 776 1816 ¹9·
806 1771 881 1808 τῶν
921 1769 988 1808 οὖν
1027 1771 1243 1819 στρατηγῶν
1278 1771 1324 1813 b,
1352 1771 1429 1808 τῶν
1459 1782 1586 1821 στρατ.
1613 1773 1654 1814 Α,
1679 1773 1755 1809 τῶν

383 1830 558 1866 συστρατ.
584 1817 680 1863 vulg.

287 1979 351 2014 per
390 1967 555 2013 pluribus
602 1968 647 2001 ab
687 1979 729 2002 ea
754 1967 859 2002 donis
885 1969 1005 2014 augeri
1041 1968 1192 2003 audiens
1227 1970 1433 2016 imperator,
1457 1969 1575 2003 missis
1598 1969 1750 2011 litteris,

289 2016 405 2061 capite
429 2016 595 2049 mulctari
620 2017 744 2050 iussit:
785 2022 861 2050 tum
888 2017 1031 2051 demum
1058 2018 1199 2051 beatam
1234 2017 1461 2051 Pulcheriam
1486 2017 1610 2051 multis
1635 2018 1751 2064 preci·

289 2063 356 2109 bus
383 2063 611 2097 sollicitatam
637 2064 781 2098 reduxit
806 2066 843 2098 in
869 2066 1010 2098 aulam:
1036 2077 1130 2111 quae
1156 2067 1338 2111 extemplo
1358 2065 1543 2100 mandavit
1559 2066 1753 2111 Ephesum,

290 2111 352 2157 qui
383 2112 496 2144 sancti
524 2112 684 2144 Flaviani
722 2124 848 2157 corpus
885 2119 1135 2158 asportarent,'
1162 2114 1332 2160 illudque
1361 2125 1490 2159 magno
1515 2125 1668 2160 pompae
1693 2125 1752 2147 sa-

290 2158 424 2192 tellitio
450 2170 514 2204 per
532 2159 685 2192 mediam
714 2160 838 2193 urbem
858 2162 1027 2206 stipatum
1057 2162 1094 2195 in
1119 2167 1323 2196 sanctorum
1349 2163 1598 2208 apostolorum
1625 2160 1752 2196 aedem

289 2206 537 2252 sepeliendum
563 2207 750 2241 inferrent.
802 2219 844 2241 eo
873 2214 1033 2254 tempore
1060 2209 1402 2256 Chalcoprateorum
1427 2210 1627 2252 ecclesiam,
1657 2221 1752 2256 quae

287 2253 715 2299 Iudaeorumsynagoga
756 2256 854 2301 prius
895 2256 1036 2299 fuerat,
1074 2257 1243 2304 deiparae
1279 2258 1509 2292 consecravit.
1571 2262 1752 2292 caeterum

290 2302 387 2343 (luni,
417 2307 457 2335 ut
484 2313 588 2347 supra
614 2303 838 2348 praefatum,
864 2304 1063 2350 legatorum
1090 2304 1269 2340 Gizerichi
1312 2306 1506 2340 adventum
1532 2311 1569 2340 et
1595 2307 1753 2352 impera-

287 2350 375 2383 toris
398 2349 565 2384 mandata
585 2351 706 2384 classis
733 2354 888 2385 Romana
914 2354 1154 2398 praestolatur
1179 2354 1217 2387 in
1242 2354 1379 2396 Sicilia,
1417 2354 1556 2388 interea
1580 2353 1755 2388 Omnudii

289 2397 386 2431 {ilius
411 2398 547 2439 Attila,
573 2398 610 2431 in
637 2398 781 2442 Scythia
804 2406 934 2442 natus,
974 2403 1024 2434 vir
1053 2402 1194 2448 alioqui
1227 2402 1332 2436 fortis
1358 2407 1395 2436 et
1427 2401 1616 2448 superbus,
1643 2402 1754 2436 Btlela

289 2445 433 2479 seniore
461 2445 571 2479 fratre
597 2446 739 2488 amisso,
767 2448 864 2481 solus
881 2449 1103 2492 Scytharum,
1135 2461 1228 2496 quos
1257 2452 1380 2484 Unnos
1404 2456 1545 2491 vocant,
1569 2451 1754 2497 principa-

289 2498 364 2527 tum
391 2493 531 2539 arripit,
558 2498 595 2527 et
618 2494 656 2527 in
678 2494 865 2529 Thraciam
891 2499 1066 2531 excurrit:
1101 2510 1175 2544 quo
1202 2499 1354 2532 maxime
1381 2504 1499 2532 motus
1525 2497 1755 2532 Theodosius

288 2552 412 2587 pacem
441 2541 509 2574 init
533 2552 612 2574 cum
639 2541 840 2584 Gizericho,
864 2550 901 2578 et
925 2556 969 2578 ex
994 2545 1130 2579 ,Sicilia
1158 2546 1307 2580 classem
1333 2551 1489 2580 revocat.
1539 2552 1615 2581 tuin
1641 2547 1756 2592 Aspa-

289 2601 375 2630 rem,
400 2588 648 2622 Areobindum
688 2596 725 2624 et
762 2591 995 2635 Argalisclam
1030 2594 1145 2628 mittit
1182 2593 1349 2628 adversus
1378 2594 1538 2636 Attilam,
1580 2594 1644 2640 qui
1684 2596 1755 2628 iam

287 2637 479 2670 Batiai-iam
496 2662 506 2678 ,
531 2636 679 2670 Nassam
695 2663 704 2679 ,
746 2638 1027 2685 Philippopolim
1064 2647 1102 2674 et
1126 2642 1395 2687 Arcadiopolim
1435 2642 1756 2688 Constantiamque

289 2690 326 2718 et
349 2685 419 2717 alia
446 2685 617 2730 pleraque
642 2685 776 2730 oppida
801 2687 1045 2729 subverterat,
1077 2690 1214 2735 quique
1253 2702 1331 2723 cuin
1365 2691 1562 2723 innumeris
1589 2691 1754 2736 captivis,

289 2733 397 2766 ctiam
419 2734 586 2766 Romanis
618 2732 770 2767 ducibus
797 2736 981 2780 superatis,
1006 2736 1173 2781 praedam
1213 2738 1420 2772 immensam
1451 2738 1596 2783 agebat:
1643 2739 1755 2772 tantis

290 2781 448 2816 victoriis
476 2786 602 2816 auctus
627 2782 764 2823 Attila,
800 2789 836 2817 et
863 2783 907 2816 ad
938 2789 1128 2831 utrumque
1172 2798 1282 2830 mare,
1310 2781 1498 2821 Ponticum
1521 2786 1692 2821 videlicet
1718 2792 1754 2819 et
