1768 3106
233 487 260 522 C

63 617 258 664 A.M.6257

275 156 395 233 674
856 173 1206 217 THEoPnANis

273 277 499 333 τασκευήν.
557 277 630 320 καί
657 274 792 328 οὕτως
820 274 950 321 αὐτὸν
990 279 1049 335 τῷ
1081 279 1190 334 πυρὶ
1217 278 1498 333 παρέδωκαν·
1558 272 1684 334 ἄφνω
1713 278 1762 320 δὲ

273 344 296 384 ὃ
326 343 528 398 βασιλεὺς
569 345 754 396 ἐξελθὼν
783 346 858 399 τῆς
887 343 1073 402 πόλεως,
1117 345 1192 386 καί
1219 343 1495 402 ἀφυλάκτους
1521 341 1662 401 εὖροόν
1689 342 1763 394 τὰς

271 411 538 470 κλεισούρας,
568 410 640 455 διὰ
670 412 746 468 την
776 410 998 468 ἀπατηλήν
1031 411 1215 470 εἰρήνην,
1247 412 1443 469 εἰσῆλθεν
1470 413 1532 462 εἷς
1559 415 1762 468 Βουλγα..

273 482 371 536 ρίαν
400 478 481 529 ἕως
514 477 720 531 Τούνζας.
789 480 864 521 καί
889 478 1034 534 βαλών
1061 482 1148 536 πῦρ
1183 481 1244 545 εἰς
1271 477 1348 530 τοὶς
1376 478 1514 531 αὐλὰς
1543 478 1596 532 ἃς
1623 475 1761 537 εὗρεν,

272 545 382 601 μετὰ
417 546 558 604 φόβου
588 546 873 604 ὑπέστρεψεν,
903 549 1039 603 μηδὲν
1066 553 1257 603 γενναῖον
1285 544 1481 604 ποιήσας.

393 615 538 674 Τούτῳ
569 617 628 674 τῷ
660 612 744 658 ἔτει
775 617 829 672 τῇ
872 613 906 656 κ’
944 617 1022 657 τοῦ
1060 618 1309 672 Νοεμβρίου
1346 614 1480 672 μηνός
1506 617 1764 666 ἰνδικτιῶνος

274 680 310 726 δ’
339 680 534 738 ἐμμανής
575 680 800 738 γενόμενος
827 680 851 724 o‘
884 680 1098 738 δυσσεβὴς
1125 682 1201 725 καί
1225 680 1395 734 ἀνόσιος
1422 682 1628 738 βασιλεύς
1655 680 1762 725 κατὰ

272 749 434 800 παντὸς
466 752 738 807 φοβουμένου
780 749 853 793 τὸν
884 748 999 807 θεόν,
1031 752 1249 808 Στέφανον
1282 749 1355 794 τὸν
1385 753 1481 795 νέον
1506 750 1764 806 πρωτομὰρ-

276 835 387 873 τυρα
410 819 628 874 συρθῆναι
656 819 910 872 προσέταξεν
940 816 1176 873 ἕγκλειστον
1208 812 1308 862 ὅντα
1337 819 1398 869 εἰς
1425 817 1497 861 τὸν
1526 814 1646 873 ἅγιον
1663 818 1764 861 Av‘-

275 887 434 937 ξέντιόν
472 886 532 936 εἰς
570 884 616 927 τὸ
663 887 841 941 πλησίον
885 879 984 942 ὅρος
1014 886 1093 929 τοῦ
1120 885 1364 941 Δαματρό·
1420 884 1468 929 ὃν
1496 884 1696 940 λαβόντες
1725 882 1765 928 οἱ

231 955 350 1009 Βτῆς
392 948 677 1003 ἀπαιδευσίας
728 955 868 996 αυ’τοὺ’
912 956 1165 1009 μετέχοντες
1205 953 1361 1010 ἐχθροὶ
1402 954 1477 997 καί
1526 952 1764 1011 ὁμόφρονες

92 2229 132 2263 Λ,
145 2229 183 2264 C.
197 2230 264 2277 757

276 1021 393 1080 αὐτῷ
432 1019 666 1077 γεγονότες,
712 1019 944 1076 σχολάριοί
978 1037 1021 1064 τε
1058 1023 1132 1064 καί
1168 1024 1252 1065 τιὸν
1302 1022 1463 1065 λοιπῶν
1509 1022 1763 1077 ταγμάτων,

274 1090 471 1149 καλωδίῳ
506 1089 714 1146 δήσαντες
754 1088 889 1132 αὐτοῦ
931 1088 1008 1132 τὸν
1051 1088 1196 1146 πόδα,
1226 1085 1364 1134 εἷλκον
1396 1086 1531 1134 αὐτὸν
1575 1085 1659 1132 ἇπὸ
1686 1089 1765 1132 τοῦ

273 1157 543 1214 πραιτωριόυ
599 1158 679 1208 ἕως
725 1158 810 1200 τῶν
852 1155 1106 1215 Πελαγιόυ,
1152 1155 1260 1201 ἔνθα
1306 1160 1380 1202 και1
1429 1156 1764 1214 διασπάσαντες,

275 1223 463 1282 ἔρριψαν
510 1223 562 1267 τοὶ
606 1228 730 1279 τίμια
782 1225 920 1267 αὐτοῦ’
959 1227 1145 1280 λείψανα
1183 1228 1230 1269 ἐν
1267 1228 1328 1284 τῷ
1359 1228 1445 1270 τῶν
1490 1224 1763 1281 βιοθανοίτων

273 1289 438 1351 λα’κκῳ,
479 1291 536 1342 ὥς
562 1290 746 1343 πολλοὺς
785 1295 1066 1336 νουθετοῦντα
1107 1291 1215 1348 πρὸς
1253 1293 1326 1336 τὸν
1364 1291 1528 1351 μονήρη
1555 1295 1664 1349 βιόν,
1691 1294 1766 1335 καί

272 1363 563 1418 καταφρονεῖν
590 1362 794 1403 πείθοντα
820 1362 905 1404 τῶν
934 1362 1168 1416 βασιλικῶν
1204 1362 1462 1416 α’ξιωμοὶτων
1490 1359 1566 1404 καί
1590 1358 1766 1417 χρημά-

274 1444 369 1470 των.
427 1429 648 1481 αἰδέσιμος
679 1427 762 1484 γάρ
794 1425 815 1470 ὅ
845 1428 954 1485 α’νηρ
978 1431 1108 1472 πᾶσιν
1138 1426 1344 1485 ὑπῆρχεν,
1375 1427 1447 1472 διὰ
1476 1427 1522 1473 τό
1543 1427 1643 1484 περὶ
1666 1425 1766 1483 ἑξή-

275 1510 403 1538 κοντα
431 1495 614 1553 χρόνους
654 1495 787 1538 αὐτὸν
828 1499 1005 1552 ποιῆσαι
1032 1499 1078 1539 έν
1120 1499 1173 1555 τῇ
1201 1496 1458 1556 ἐγκλείστρᾳ,
1486 1497 1562 1539 καί
1590 1496 1765 1552 α’ρεταῖς

275 1567 454 1613 πολλαῖς
495 1563 764 1618 διαλάμπειν.
839 1566 1004 1606 πολλῶν
1032 1580 1080 1607 τε
1117 1564 1338 1621 α’ρχόντων
1378 1565 1453 1607 καί
1487 1565 1762 1620 στρατιωτῶν

277 1631 594 1688 διαβληθέντων
639 1637 890 1689 προσκυνεῖν
936 1631 1102 1683 εἰκόνας
1145 1631 1373 1690 διαφόροις
1423 1632 1651 1690 τιμωρίαις
1689 1630 1762 1674 καὶ

375 1768 409 1811 4.
438 1768 509 1807 ἕως
535 1763 577 1804 τὸ
602 1768 724 1811 Βὺζας
748 1770 778 1804 A
806 1770 832 1803 f.
932 1782 964 1816 7.
995 1765 1161 1818 ἐκμανὴς
1187 1771 1227 1804 Α.
1333 1772 1385 1806 18.
1413 1769 1535 1807 πᾶσιν
1558 1768 1642 1804 add.
1660 1780 1705 1803 ex
1718 1769 1760 1803 A.

372 1819 464 1864 περὶ
487 1816 571 1851 add.
606 1829 650 1851 ex
677 1819 720 1854 A.

975 1849 982 1864 i

277 1942 560 1988 conspiciendae
586 1942 737 1978 humani
755 1945 914 1991 corporis
935 1945 1191 1991 compositioni
1216 1957 1348 1979 novum
1377 1945 1545 1981 exhibuit
1570 1952 1760 1993 spectacu-

277 1991 366 2032 lum,
392 2002 432 2024 ac
456 1991 601 2024 demum
635 1994 673 2025 in
698 1994 817 2039 ignem
856 1993 1039 2027 coniectus
1065 2000 1130 2028 est.
1187 1994 1420 2039 postmodum
1450 1995 1646 2041 imperator
1671 1996 1760 2030 urbe

277 2039 510 2084 inexpectato
549 2051 737 2086 egressus,
774 2042 936 2075 clusuras
969 2041 1133 2075 custodia
1183 2043 1376 2076 destitutas
1413 2043 1461 2076 ob
1503 2043 1760 2078 fraudulentae

276 2088 375 2132 pacis
401 2089 559 2132 speciem
589 2090 787 2134 reperiens,
812 2091 851 2124 in
876 2089 1081 2135 Bulgariam
1107 2092 1252 2125 Tunzas
1280 2102 1397 2137 usque
1423 2092 1641 2137 penetravit.
1683 2097 1761 2126 tum

277 2135 363 2179 igne
392 2135 506 2169 caulis
532 2142 569 2170 et
600 2139 753 2182 tuguriis
780 2138 874 2172 forte
898 2139 1050 2184 repertis
1081 2138 1259 2180 subiecto,
1286 2140 1389 2173 nulla
1415 2151 1453 2173 re
1480 2141 1664 2186 praeclare
1695 2152 1760 2186 ge-

278 2188 344 2224 sta,
371 2181 435 2215 sed
460 2183 584 2217 subito
613 2192 711 2219 metu
738 2192 923 2232 correptus
949 2187 1092 2233 Cpolim
1119 2187 1302 2221 remeavit.

372 2230 451 2264 Hoc
488 2243 584 2265 anno
628 2235 763 2268 mensis
799 2235 1014 2268 Novembris
1053 2235 1112 2268 die
1149 2235 1347 2280 vigesimO,
1383 2233 1585 2269 indictione
1618 2241 1762 2282 quarta,

278 2279 414 2325 impius
455 2285 492 2313 et
526 2279 748 2326 irreligiosus
782 2283 979 2328 imperator
1010 2283 1178 2317 adversus
1218 2294 1359 2316 omnem
1378 2308 1388 2324 ,
1419 2283 1761 2329 quidei·ti1norem

278 2339 365 2374 prae
394 2337 431 2360 se
457 2326 570 2362 ferret
588 2354 597 2369 ‚
639 2330 743 2363 furiis
768 2331 933 2364 invectus
951 2357 961 2372 ‚
986 2331 1210 2376 Stephanum
1243 2331 1423 2364 iuniorem
1457 2338 1762 2377 protomartyrem

277 2376 457 2409 inclusum
492 2375 539 2408 ad
576 2383 739 2410 sanctum
766 2380 988 2412 Auxentium
1027 2379 1071 2426 (is
1105 2380 1204 2412 locus
1240 2385 1295 2413 est
1319 2379 1365 2412 ad
1401 2385 1563 2414 montem
1588 2381 1762 2425 Damatry

276 2424 451 2472 vicinum)
472 2424 517 2457 ad
542 2426 761 2471 supplicium
787 2426 881 2460 trahi
905 2428 1019 2461 iussit.
1070 2439 1151 2460 eum
1179 2427 1302 2474 itaque
1321 2427 1451 2474 pedem
1473 2440 1584 2462 unum
1605 2429 1761 2462 rudente

279 2471 480 2516 alligatum,
509 2473 607 2518 quod
634 2475 827 2520 plerosque
853 2474 898 2507 ad
916 2476 1150 2509 monasticam
1169 2476 1280 2508 vitam
1305 2482 1401 2510 esset
1425 2475 1603 2517 hortatus,
1630 2483 1668 2511 et
1694 2489 1761 2510 au-

279 2521 338 2553 lae
362 2520 560 2565 dignitates
589 2521 809 2568 divitiasque
836 2528 1072 2556 contemnere
1099 2524 1281 2565 suasisset,
1314 2536 1333 2557 a
1362 2526 1546 2570 praetorio
1574 2537 1690 2572 usque
1715 2525 1763 2558 ad

279 2569 414 2612 Pelagii
436 2576 683 2611 monumenta,
707 2571 877 2603 scholarii
904 2577 1198 2617 caeterorumque
1224 2572 1394 2607 ordinum
1418 2573 1566 2615 milites,
1591 2574 1666 2607 imo
1692 2585 1761 2619 po-

279 2617 353 2650 tius
381 2615 505 2651 hostes
521 2644 531 2658 ‚
557 2619 622 2664 qui
646 2618 879 2652 Constantini
917 2620 1070 2661 erroris,
1093 2631 1231 2663 sensus,
1255 2627 1292 2654 et
1329 2621 1537 2666 imperitiae
1564 2622 1762 2668 participes

281 2664 429 2698 fuerant
465 2667 608 2708 effecti,
633 2672 788 2700 tractum
822 2667 1096 2709 laceraverunt,
1138 2674 1176 2702 et
1208 2670 1433 2703 venerandas
1473 2670 1550 2704 eius
1587 2671 1762 2715 reliquias

279 2712 510 2746 membratim
550 2715 711 2748 concisas
747 2716 784 2748 in
819 2716 979 2750 violenta
1016 2722 1132 2750 morte
1171 2716 1395 2752 sublatorum
1423 2719 1566 2752 foveam
1593 2719 1762 2763 proiece-

281 2766 376 2793 runt.
427 2762 483 2794 vir
512 2773 598 2796 sane
628 2765 764 2797 cunctis
793 2765 913 2809 pretio
943 2764 1014 2798 fnit
1037 2770 1075 2798 et
1108 2764 1252 2807 honori,
1282 2767 1344 2812 qui
1370 2777 1484 2800 annos
1509 2767 1693 2811 sexaginta
1722 2767 1763 2800 in

281 2809 445 2842 clausura
473 2811 606 2856 exegit,
646 2817 682 2846 et
709 2812 906 2849 virtutibus
932 2813 1132 2848 innumeris
1172 2814 1311 2849 claruit.
1360 2825 1550 2861 procerum
1577 2823 1698 2850 autem
1724 2819 1762 2849 et

1066 2862 1115 2884 „x
