<?xml version="1.0" encoding="UTF-8"?>
<!DOCTYPE html PUBLIC "-//W3C//DTD XHTML 1.0 Transitional//EN"
    "http://www.w3.org/TR/xhtml1/DTD/xhtml1-transitional.dtd">
<html xmlns="http://www.w3.org/1999/xhtml" xml:lang="en" lang="en">
 <head>
  <title>
</title>
<meta http-equiv="Content-Type" content="text/html;charset=utf-8" />
  <meta name='ocr-system' content='tesseract 3.04.00' />
  <meta name='ocr-capabilities' content='ocr_page ocr_carea ocr_par ocr_line ocrx_word'/>
</head>
<body>
  <div class='ocr_page' id='page_1' title='image "./corpusscriptorum46niebuoft_0043.png"; bbox 0 0 1708 3172; ppageno 0'>
   <div class='ocr_carea' id='block_1_1' title="bbox 515 197 1518 238">
    <p class='ocr_par' dir='ltr' id='par_1_1' title="bbox 515 197 1518 238">
     <span class='ocr_line' id='line_1_1' title="bbox 515 197 1518 238; baseline -0.001 0"><span class='ocrx_word' id='word_1_1' title='bbox 515 197 860 238; x_wconf 77' lang='lat' dir='ltr'>THEOPHANIS</span> <span class='ocrx_word' id='word_1_2' title='bbox 905 198 1051 237; x_wconf 75' lang='lat' dir='ltr'><strong>viTA.</strong></span> <span class='ocrx_word' id='word_1_3' title='bbox 1328 201 1440 237; x_wconf 83' lang='lat' dir='ltr'><strong>XXX</strong></span> <span class='ocrx_word' id='word_1_4' title='bbox 1449 199 1518 237; x_wconf 77' lang='lat' dir='ltr'><strong>vn</strong></span> 
     </span>
    </p>
   </div>
   <div class='ocr_carea' id='block_1_2' title="bbox 0 296 1522 1764">
    <p class='ocr_par' dir='ltr' id='par_1_2' title="bbox 0 296 1522 1764">
     <span class='ocr_line' id='line_1_2' title="bbox 54 296 1520 356; baseline -0.003 -14"><span class='ocrx_word' id='word_1_5' title='bbox 54 298 352 356; x_wconf 79' lang='grc' dir='ltr'><strong><em>α’σφαλεστάτῃ</em></strong></span> <span class='ocrx_word' id='word_1_6' title='bbox 400 300 573 355; x_wconf 76' lang='grc' dir='ltr'><strong><em>φρουρᾷ</em></strong></span> <span class='ocrx_word' id='word_1_7' title='bbox 607 296 904 352; x_wconf 77' lang='grc' dir='ltr'><strong><em>παραδίδωσι,</em></strong></span> <span class='ocrx_word' id='word_1_8' title='bbox 939 296 1133 353; x_wconf 74' lang='grc' dir='ltr'><strong><em>φύλακας</em></strong></span> <span class='ocrx_word' id='word_1_9' title='bbox 1173 297 1413 349; x_wconf 67' lang='grc' dir='ltr'><strong><em>ἐπιστήσας,</em></strong></span> <span class='ocrx_word' id='word_1_10' title='bbox 1442 299 1520 337; x_wconf 82' lang='grc' dir='ltr'><strong><em>τοῦ</em></strong></span> 
     </span>
     <span class='ocr_line' id='line_1_3' title="bbox 52 360 1520 421; baseline -0.004 -13"><span class='ocrx_word' id='word_1_11' title='bbox 52 367 237 421; x_wconf 80' lang='grc' dir='ltr'><strong><em>μήτινα</em></strong></span> <span class='ocrx_word' id='word_1_12' title='bbox 283 368 366 407; x_wconf 79' lang='grc' dir='ltr'><strong><em>τῶν</em></strong></span> <span class='ocrx_word' id='word_1_13' title='bbox 407 360 469 413; x_wconf 81' lang='grc' dir='ltr'><strong><em>οἷς</em></strong></span> <span class='ocrx_word' id='word_1_14' title='bbox 514 363 647 413; x_wconf 80' lang='grc' dir='ltr'><strong><em>αἰδώς</em></strong></span> <span class='ocrx_word' id='word_1_15' title='bbox 678 366 753 419; x_wconf 77' lang='grc' dir='ltr'><strong>τῆς</strong></span> <span class='ocrx_word' id='word_1_16' title='bbox 798 363 969 420; x_wconf 74' lang='grc' dir='ltr'><strong><em>φύσεως</em></strong></span> <span class='ocrx_word' id='word_1_17' title='bbox 1007 360 1207 416; x_wconf 85' lang='grc' dir='ltr'><strong><em>πρόσεστι</em></strong></span> <span class='ocrx_word' id='word_1_18' title='bbox 1238 366 1520 416; x_wconf 71' lang='grc' dir='ltr'><strong><em>παραμυθίαν</em></strong></span> 
     </span>
     <span class='ocr_line' id='line_1_4' title="bbox 52 425 1521 490; baseline -0.005 -15"><span class='ocrx_word' id='word_1_19' title='bbox 52 436 280 487; x_wconf 73' lang='grc' dir='ltr'><strong><em>ἐμποιῆσαι</em></strong></span> <span class='ocrx_word' id='word_1_20' title='bbox 313 434 374 490; x_wconf 77' lang='grc' dir='ltr'><strong>τῷ</strong></span> <span class='ocrx_word' id='word_1_21' title='bbox 401 431 478 472; x_wconf 72' lang='grc' dir='ltr'><strong><em>διὰ</em></strong></span> <span class='ocrx_word' id='word_1_22' title='bbox 504 430 699 484; x_wconf 71' lang='grc' dir='ltr'><strong><em>Χριστὸν</em></strong></span> <span class='ocrx_word' id='word_1_23' title='bbox 728 433 989 488; x_wconf 77' lang='grc' dir='ltr'><strong><em>κακουμένῳ.</em></strong></span> <span class='ocrx_word' id='word_1_24' title='bbox 1047 431 1174 482; x_wconf 83' lang='grc' dir='ltr'><strong><em>σῶμα</em></strong></span> <span class='ocrx_word' id='word_1_25' title='bbox 1200 431 1279 481; x_wconf 81' lang='grc' dir='ltr'><strong>μὲν</strong></span> <span class='ocrx_word' id='word_1_26' title='bbox 1307 425 1384 470; x_wconf 67' lang='grc' dir='ltr'><strong>οὖν</strong></span> <span class='ocrx_word' id='word_1_27' title='bbox 1412 431 1521 485; x_wconf 70' lang='grc' dir='ltr'><strong><em>λιμῷ</em></strong></span> 
     </span>
     <span class='ocr_line' id='line_1_5' title="bbox 49 495 1522 558; baseline -0.002 -17"><span class='ocrx_word' id='word_1_28' title='bbox 49 501 312 558; x_wconf 69' lang='grc' dir='ltr'><strong><em>πολυχρονίῳ</em></strong></span> <span class='ocrx_word' id='word_1_29' title='bbox 339 499 562 553; x_wconf 80' lang='grc' dir='ltr'><strong><em>τηκόμενον</em></strong></span> <span class='ocrx_word' id='word_1_30' title='bbox 589 497 695 540; x_wconf 78' lang='grc' dir='ltr'><strong><em>κατὰ</em></strong></span> <span class='ocrx_word' id='word_1_31' title='bbox 722 499 851 553; x_wconf 85' lang='grc' dir='ltr'><strong><em>μέρος</em></strong></span> <span class='ocrx_word' id='word_1_32' title='bbox 877 498 984 553; x_wconf 84' lang='grc' dir='ltr'><strong><em>πρὸς</em></strong></span> <span class='ocrx_word' id='word_1_33' title='bbox 1018 495 1189 553; x_wconf 81' lang='grc' dir='ltr'><strong><em>φθορὰν</em></strong></span> <span class='ocrx_word' id='word_1_34' title='bbox 1218 497 1420 551; x_wconf 72' lang='grc' dir='ltr'><strong><em>ἠπείγετο,</em></strong></span> <span class='ocrx_word' id='word_1_35' title='bbox 1448 499 1522 538; x_wconf 82' lang='grc' dir='ltr'>καί</span> 
     </span>
     <span class='ocr_line' id='line_1_6' title="bbox 12 560 1519 620; baseline -0.001 -15"><span class='ocrx_word' id='word_1_36' title='bbox 12 565 183 620; x_wconf 76' lang='grc' dir='ltr'><strong><em>5αὕτὴν</em></strong></span> <span class='ocrx_word' id='word_1_37' title='bbox 210 564 287 619; x_wconf 74' lang='grc' dir='ltr'><strong><em>τὴν</em></strong></span> <span class='ocrx_word' id='word_1_38' title='bbox 313 565 454 616; x_wconf 73' lang='grc' dir='ltr'><strong><em>ὀξεῖαν</em></strong></span> <span class='ocrx_word' id='word_1_39' title='bbox 494 565 695 618; x_wconf 80' lang='grc' dir='ltr'><strong><em>τελευτὴν</em></strong></span> <span class='ocrx_word' id='word_1_40' title='bbox 726 563 1031 620; x_wconf 80' lang='grc' dir='ltr'><strong><em>ζημιούμενον·</em></strong></span> <span class='ocrx_word' id='word_1_41' title='bbox 1105 560 1223 605; x_wconf 85' lang='grc' dir='ltr'><strong><em>νόσοι</em></strong></span> <span class='ocrx_word' id='word_1_42' title='bbox 1254 564 1300 604; x_wconf 72' lang='grc' dir='ltr'><strong>δὲ</strong></span> <span class='ocrx_word' id='word_1_43' title='bbox 1334 565 1408 616; x_wconf 71' lang='grc' dir='ltr'><strong>τῆς</strong></span> <span class='ocrx_word' id='word_1_44' title='bbox 1426 565 1519 604; x_wconf 85' lang='grc' dir='ltr'><strong><em>-τῶν</em></strong></span> 
     </span>
     <span class='ocr_line' id='line_1_7' title="bbox 49 627 1519 687; baseline -0.003 -12"><span class='ocrx_word' id='word_1_45' title='bbox 49 634 207 687; x_wconf 80' lang='grc' dir='ltr'><strong><em>ἰατρῶν</em></strong></span> <span class='ocrx_word' id='word_1_46' title='bbox 234 631 480 686; x_wconf 77' lang='grc' dir='ltr'><strong><em>ἐπικουρίας</em></strong></span> <span class='ocrx_word' id='word_1_47' title='bbox 509 633 760 684; x_wconf 80' lang='grc' dir='ltr'><strong><em>ἐλευθερίαν</em></strong></span> <span class='ocrx_word' id='word_1_48' title='bbox 783 630 1029 687; x_wconf 61' lang='grc' dir='ltr'><strong><em>ειῗράμεναι,</em></strong></span> <span class='ocrx_word' id='word_1_49' title='bbox 1057 629 1344 685; x_wconf 71' lang='grc' dir='ltr'><strong><em>ἀλγεινότερον</em></strong></span> <span class='ocrx_word' id='word_1_50' title='bbox 1362 627 1519 671; x_wconf 77' lang='grc' dir='ltr'><strong><em>ἐπεκώ-</em></strong></span> 
     </span>
     <span class='ocr_line' id='line_1_8' title="bbox 46 695 1518 753; baseline -0.002 -13"><span class='ocrx_word' id='word_1_51' title='bbox 46 702 194 753; x_wconf 77' lang='grc' dir='ltr'><strong><em>μαζον,</em></strong></span> <span class='ocrx_word' id='word_1_52' title='bbox 222 696 330 741; x_wconf 79' lang='grc' dir='ltr'><strong><em>κατὰ</em></strong></span> <span class='ocrx_word' id='word_1_53' title='bbox 358 697 465 740; x_wconf 65' lang='lat' dir='ltr'><strong>noh&gt;</strong></span> <span class='ocrx_word' id='word_1_54' title='bbox 496 701 569 753; x_wconf 77' lang='grc' dir='ltr'><strong>τῆς</strong></span> <span class='ocrx_word' id='word_1_55' title='bbox 601 700 711 753; x_wconf 77' lang='grc' dir='ltr'><strong><em>ζωῆς</em></strong></span> <span class='ocrx_word' id='word_1_56' title='bbox 740 700 1024 741; x_wconf 79' lang='grc' dir='ltr'><strong><em>ἰδιοποιοῦσαι</em></strong></span> <span class='ocrx_word' id='word_1_57' title='bbox 1052 697 1127 753; x_wconf 73' lang='grc' dir='ltr'><strong>τὴν</strong></span> <span class='ocrx_word' id='word_1_58' title='bbox 1157 695 1368 751; x_wconf 75' lang='grc' dir='ltr'><strong><em>τελευτήν.</em></strong></span> <span class='ocrx_word' id='word_1_59' title='bbox 1425 697 1518 738; x_wconf 71' lang='grc' dir='ltr'><strong><em>ἀλλ’</em></strong></span> 
     </span>
     <span class='ocr_line' id='line_1_9' title="bbox 46 760 1519 821; baseline -0.002 -13"><span class='ocrx_word' id='word_1_60' title='bbox 46 768 73 821; x_wconf 82' lang='grc' dir='ltr'><em>ἦ</em></span> <span class='ocrx_word' id='word_1_61' title='bbox 101 766 269 808; x_wconf 76' lang='grc' dir='ltr'><strong><em>διάνοια</em></strong></span> <span class='ocrx_word' id='word_1_62' title='bbox 297 768 374 808; x_wconf 82' lang='grc' dir='ltr'><strong><em>τοῦ</em></strong></span> <span class='ocrx_word' id='word_1_63' title='bbox 400 760 571 820; x_wconf 76' lang='grc' dir='ltr'><strong><em>πρώτου</em></strong></span> <span class='ocrx_word' id='word_1_64' title='bbox 599 767 682 807; x_wconf 84' lang='grc' dir='ltr'><strong>τῶν</strong></span> <span class='ocrx_word' id='word_1_65' title='bbox 712 767 898 821; x_wconf 81' lang='grc' dir='ltr'><strong><em>ὀρεκτῶν</em></strong></span> <span class='ocrx_word' id='word_1_66' title='bbox 927 771 1015 814; x_wconf 86' lang='grc' dir='ltr'><strong><em>τοῖς</em></strong></span> <span class='ocrx_word' id='word_1_67' title='bbox 1045 765 1342 820; x_wconf 72' lang='grc' dir='ltr'><strong><em>παμποθήτοις</em></strong></span> <span class='ocrx_word' id='word_1_68' title='bbox 1371 765 1519 819; x_wconf 79' lang='grc' dir='ltr'><strong><em>ἐντρυ-</em></strong></span> 
     </span>
     <span class='ocr_line' id='line_1_10' title="bbox 47 830 1516 891; baseline -0.003 -15"><span class='ocrx_word' id='word_1_69' title='bbox 47 836 176 890; x_wconf 85' lang='grc' dir='ltr'><strong><em>φῶσα</em></strong></span> <span class='ocrx_word' id='word_1_70' title='bbox 203 831 376 876; x_wconf 75' lang='grc' dir='ltr'><strong><em>κάλλεσι</em></strong></span> <span class='ocrx_word' id='word_1_71' title='bbox 402 832 454 876; x_wconf 84' lang='grc' dir='ltr'><strong>τὰ</strong></span> <span class='ocrx_word' id='word_1_72' title='bbox 483 839 572 882; x_wconf 86' lang='grc' dir='ltr'><strong><em>τοῖς</em></strong></span> <span class='ocrx_word' id='word_1_73' title='bbox 600 832 743 882; x_wconf 77' lang='grc' dir='ltr'><strong><em>ἄλλοις</em></strong></span> <span class='ocrx_word' id='word_1_74' title='bbox 770 835 869 888; x_wconf 80' lang='grc' dir='ltr'><strong>μηδ’</strong></span> <span class='ocrx_word' id='word_1_75' title='bbox 899 833 1006 890; x_wconf 82' lang='grc' dir='ltr'><strong><em>α’κοῇ</em></strong></span> <span class='ocrx_word' id='word_1_76' title='bbox 1033 830 1198 889; x_wconf 71' lang='grc' dir='ltr'><strong><em>φορητὰ</em></strong></span> <span class='ocrx_word' id='word_1_77' title='bbox 1232 833 1333 891; x_wconf 74' lang='grc' dir='ltr'><strong><em>ῥᾷον</em></strong></span> <span class='ocrx_word' id='word_1_78' title='bbox 1353 831 1516 886; x_wconf 83' lang='grc' dir='ltr'><strong><em>ἔφερεν.</em></strong></span> 
     </span>
     <span class='ocr_line' id='line_1_11' title="bbox 0 895 1516 955; baseline -0.001 -14"><span class='ocrx_word' id='word_1_79' title='bbox 0 917 34 943; x_wconf 72' lang='grc' dir='ltr'><strong>,ο</strong></span> <span class='ocrx_word' id='word_1_80' title='bbox 46 899 223 955; x_wconf 81' lang='grc' dir='ltr'><strong><em>ἔχαιρον</em></strong></span> <span class='ocrx_word' id='word_1_81' title='bbox 262 895 430 954; x_wconf 69' lang='grc' dir='ltr'><strong><em>ἄγγελοι</em></strong></span> <span class='ocrx_word' id='word_1_82' title='bbox 468 899 544 955; x_wconf 73' lang='grc' dir='ltr'><strong>τήν</strong></span> <span class='ocrx_word' id='word_1_83' title='bbox 570 906 749 953; x_wconf 85' lang='grc' dir='ltr'><strong><em>μακροῖς</em></strong></span> <span class='ocrx_word' id='word_1_84' title='bbox 787 898 960 955; x_wconf 76' lang='grc' dir='ltr'><strong><em>χρόνοις</em></strong></span> <span class='ocrx_word' id='word_1_85' title='bbox 986 903 1070 942; x_wconf 87' lang='grc' dir='ltr'><strong>τῶν</strong></span> <span class='ocrx_word' id='word_1_86' title='bbox 1097 902 1259 953; x_wconf 77' lang='grc' dir='ltr'><strong><em>βροτῶν</em></strong></span> <span class='ocrx_word' id='word_1_87' title='bbox 1286 898 1516 952; x_wconf 78' lang='grc' dir='ltr'><strong><em>δραπετεύ-</em></strong></span> 
     </span>
     <span class='ocr_line' id='line_1_12' title="bbox 46 963 1518 1023; baseline -0.002 -14"><span class='ocrx_word' id='word_1_88' title='bbox 46 984 185 1010; x_wconf 86' lang='grc' dir='ltr'><strong><em>σασαν</em></strong></span> <span class='ocrx_word' id='word_1_89' title='bbox 211 968 442 1022; x_wconf 77' lang='grc' dir='ltr'><strong><em>καρτερίαν</em></strong></span> <span class='ocrx_word' id='word_1_90' title='bbox 470 967 708 1023; x_wconf 77' lang='grc' dir='ltr'><strong><em>ὀφθαλμοῖς</em></strong></span> <span class='ocrx_word' id='word_1_91' title='bbox 734 963 864 1015; x_wconf 74' lang='grc' dir='ltr'><strong><em>αὖθις</em></strong></span> <span class='ocrx_word' id='word_1_92' title='bbox 896 969 1218 1008; x_wconf 74' lang='grc' dir='ltr'><strong><em>ἐπανελθοῦσαν</em></strong></span> <span class='ocrx_word' id='word_1_93' title='bbox 1245 967 1406 1007; x_wconf 73' lang='grc' dir='ltr'><strong><em>ἐπιδεῖν</em></strong></span> <span class='ocrx_word' id='word_1_94' title='bbox 1441 964 1518 1006; x_wconf 77' lang='grc' dir='ltr'><strong><em>εὔ-</em></strong></span> 
     </span>
     <span class='ocr_line' id='line_1_13' title="bbox 46 1031 1517 1091; baseline -0.003 -15"><span class='ocrx_word' id='word_1_95' title='bbox 46 1033 333 1090; x_wconf 81' lang='grc' dir='ltr'><strong><em>τυχήσαντες·</em></strong></span> <span class='ocrx_word' id='word_1_96' title='bbox 389 1037 463 1076; x_wconf 84' lang='grc' dir='ltr'><em>καί</em></span> <span class='ocrx_word' id='word_1_97' title='bbox 503 1038 552 1091; x_wconf 84' lang='grc' dir='ltr'><strong>τῇ</strong></span> <span class='ocrx_word' id='word_1_98' title='bbox 589 1033 741 1076; x_wconf 71' lang='grc' dir='ltr'><strong><em>τούτου</em></strong></span> <span class='ocrx_word' id='word_1_99' title='bbox 780 1031 1055 1089; x_wconf 81' lang='grc' dir='ltr'><strong><em>συνηδόμενοι</em></strong></span> <span class='ocrx_word' id='word_1_100' title='bbox 1097 1035 1184 1075; x_wconf 86' lang='grc' dir='ltr'><strong><em>κατ’</em></strong></span> <span class='ocrx_word' id='word_1_101' title='bbox 1214 1035 1386 1087; x_wconf 80' lang='grc' dir='ltr'><strong><em>ἐχθρῶν</em></strong></span> <span class='ocrx_word' id='word_1_102' title='bbox 1414 1032 1517 1087; x_wconf 83' lang='grc' dir='ltr'><strong><em>α’ρι-</em></strong></span> 
     </span>
     <span class='ocr_line' id='line_1_14' title="bbox 45 1093 1514 1160; baseline -0.002 -16"><span class='ocrx_word' id='word_1_103' title='bbox 45 1105 187 1160; x_wconf 61' lang='grc' dir='ltr'><strong><em>στείρι,</em></strong></span> <span class='ocrx_word' id='word_1_104' title='bbox 226 1100 273 1144; x_wconf 81' lang='grc' dir='ltr'><strong>τὸ</strong></span> <span class='ocrx_word' id='word_1_105' title='bbox 313 1103 515 1144; x_wconf 80' lang='grc' dir='ltr'><strong><em>ἐπινίκιον</em></strong></span> <span class='ocrx_word' id='word_1_106' title='bbox 550 1099 873 1156; x_wconf 79' lang='grc' dir='ltr'><strong><em>ἐπανηγύριζον.</em></strong></span> <span class='ocrx_word' id='word_1_107' title='bbox 958 1100 1157 1156; x_wconf 81' lang='grc' dir='ltr'><strong><em>ἔφριττον</em></strong></span> <span class='ocrx_word' id='word_1_108' title='bbox 1199 1101 1419 1155; x_wconf 79' lang='grc' dir='ltr'><strong><em>δαίμονες,</em></strong></span> <span class='ocrx_word' id='word_1_109' title='bbox 1456 1093 1514 1141; x_wconf 81' lang='grc' dir='ltr'><strong>ὧν</strong></span> 
     </span>
     <span class='ocr_line' id='line_1_15' title="bbox 43 1161 1515 1226; baseline -0.002 -16"><span class='ocrx_word' id='word_1_110' title='bbox 43 1170 142 1224; x_wconf 79' lang='grc' dir='ltr'><strong>μηδ’</strong></span> <span class='ocrx_word' id='word_1_111' title='bbox 171 1170 276 1226; x_wconf 78' lang='grc' dir='ltr'><strong><em>οἷκοῇ</em></strong></span> <span class='ocrx_word' id='word_1_112' title='bbox 306 1172 453 1225; x_wconf 85' lang='grc' dir='ltr'><strong><em>φέρειν</em></strong></span> <span class='ocrx_word' id='word_1_113' title='bbox 486 1166 702 1223; x_wconf 76' lang='grc' dir='ltr'><strong><em>ἠνείχοντο</em></strong></span> <span class='ocrx_word' id='word_1_114' title='bbox 744 1167 798 1210; x_wconf 79' lang='grc' dir='ltr'><strong>τὰ</strong></span> <span class='ocrx_word' id='word_1_115' title='bbox 829 1167 1030 1223; x_wconf 81' lang='grc' dir='ltr'><strong><em>ὀνόματα,</em></strong></span> <span class='ocrx_word' id='word_1_116' title='bbox 1059 1169 1134 1209; x_wconf 82' lang='grc' dir='ltr'><em>καί</em></span> <span class='ocrx_word' id='word_1_117' title='bbox 1160 1161 1222 1209; x_wconf 75' lang='grc' dir='ltr'><strong>ῶν</strong></span> <span class='ocrx_word' id='word_1_118' title='bbox 1254 1169 1515 1221; x_wconf 78' lang='grc' dir='ltr'><strong><em>προσεπολέ-</em></strong></span> 
     </span>
     <span class='ocr_line' id='line_1_16' title="bbox 8 1230 1513 1291; baseline -0.003 -12"><span class='ocrx_word' id='word_1_119' title='bbox 8 1240 152 1288; x_wconf 64' lang='lat' dir='ltr'><strong>Suom</strong></span> <span class='ocrx_word' id='word_1_120' title='bbox 177 1241 263 1284; x_wconf 83' lang='grc' dir='ltr'><strong><em>τοῖς</em></strong></span> <span class='ocrx_word' id='word_1_121' title='bbox 301 1235 586 1291; x_wconf 83' lang='grc' dir='ltr'><strong><em>εἰκονίσμασι,</em></strong></span> <span class='ocrx_word' id='word_1_122' title='bbox 614 1233 792 1285; x_wconf 76' lang='grc' dir='ltr'><strong><em>τούτους</em></strong></span> <span class='ocrx_word' id='word_1_123' title='bbox 830 1230 960 1284; x_wconf 71' lang='grc' dir='ltr'><strong><em>αὖθις</em></strong></span> <span class='ocrx_word' id='word_1_124' title='bbox 989 1235 1134 1284; x_wconf 75' lang='grc' dir='ltr'><strong><em>αὕτοῖς</em></strong></span> <span class='ocrx_word' id='word_1_125' title='bbox 1158 1235 1513 1283; x_wconf 81' lang='grc' dir='ltr'><strong><em>ἑπανατὲλλοντας</em></strong></span> 
     </span>
     <span class='ocr_line' id='line_1_17' title="bbox 41 1300 1514 1359; baseline -0.002 -15"><span class='ocrx_word' id='word_1_126' title='bbox 41 1300 262 1357; x_wconf 78' lang='grc' dir='ltr'><strong><em>πράγμασι</em></strong></span> <span class='ocrx_word' id='word_1_127' title='bbox 289 1304 480 1345; x_wconf 77' lang='grc' dir='ltr'><strong><em>θεᾶσθαι</em></strong></span> <span class='ocrx_word' id='word_1_128' title='bbox 500 1301 952 1358; x_wconf 78' lang='grc' dir='ltr'><strong><em>κακοδαιμονήσαντες,</em></strong></span> <span class='ocrx_word' id='word_1_129' title='bbox 980 1301 1055 1344; x_wconf 81' lang='grc' dir='ltr'>καί</span> <span class='ocrx_word' id='word_1_130' title='bbox 1076 1300 1282 1359; x_wconf 76' lang='grc' dir='ltr'><strong><em>βασκανίᾳ</em></strong></span> <span class='ocrx_word' id='word_1_131' title='bbox 1314 1300 1514 1355; x_wconf 81' lang='grc' dir='ltr'><strong><em>διαπριό-</em></strong></span> 
     </span>
     <span class='ocr_line' id='line_1_18' title="bbox 41 1367 1514 1426; baseline -0.001 -16"><span class='ocrx_word' id='word_1_132' title='bbox 41 1386 173 1424; x_wconf 84' lang='grc' dir='ltr'><strong><em>μενοι,</em></strong></span> <span class='ocrx_word' id='word_1_133' title='bbox 200 1369 301 1420; x_wconf 85' lang='grc' dir='ltr'><strong>τοὺς</strong></span> <span class='ocrx_word' id='word_1_134' title='bbox 330 1367 496 1413; x_wconf 73' lang='grc' dir='ltr'><strong><em>ἑαυτῶν</em></strong></span> <span class='ocrx_word' id='word_1_135' title='bbox 530 1370 746 1425; x_wconf 69' lang='grc' dir='ltr'><strong><em>ὑπηρέτας</em></strong></span> <span class='ocrx_word' id='word_1_136' title='bbox 781 1373 854 1426; x_wconf 84' lang='grc' dir='ltr'><strong>τῆς</strong></span> <span class='ocrx_word' id='word_1_137' title='bbox 883 1370 1109 1419; x_wconf 80' lang='grc' dir='ltr'><strong><em>α’σθενείας</em></strong></span> <span class='ocrx_word' id='word_1_138' title='bbox 1137 1368 1342 1420; x_wconf 78' lang='grc' dir='ltr'><strong><em>ἐκάκιζον.</em></strong></span> <span class='ocrx_word' id='word_1_139' title='bbox 1401 1371 1514 1423; x_wconf 87' lang='grc' dir='ltr'><strong><em>Χρι-</em></strong></span> 
     </span>
     <span class='ocr_line' id='line_1_19' title="bbox 41 1434 1514 1493; baseline 0.001 -16"><span class='ocrx_word' id='word_1_140' title='bbox 41 1435 140 1486; x_wconf 84' lang='grc' dir='ltr'><strong><em>στὸς</em></strong></span> <span class='ocrx_word' id='word_1_141' title='bbox 166 1439 239 1493; x_wconf 75' lang='grc' dir='ltr'><strong>δέ,</strong></span> <span class='ocrx_word' id='word_1_142' title='bbox 277 1442 366 1487; x_wconf 86' lang='grc' dir='ltr'><strong><em>τοῖς</em></strong></span> <span class='ocrx_word' id='word_1_143' title='bbox 397 1438 536 1480; x_wconf 82' lang='grc' dir='ltr'><strong><em>πάντα</em></strong></span> <span class='ocrx_word' id='word_1_144' title='bbox 563 1437 684 1492; x_wconf 81' lang='grc' dir='ltr'><strong><em>λόγον</em></strong></span> <span class='ocrx_word' id='word_1_145' title='bbox 711 1441 858 1481; x_wconf 88' lang='grc' dir='ltr'><strong><em>νικῶσι</em></strong></span> <span class='ocrx_word' id='word_1_146' title='bbox 886 1437 956 1480; x_wconf 88' lang='grc' dir='ltr'><strong>τὸν</strong></span> <span class='ocrx_word' id='word_1_147' title='bbox 982 1439 1136 1479; x_wconf 78' lang='grc' dir='ltr'><strong><em>οἰκεῖον</em></strong></span> <span class='ocrx_word' id='word_1_148' title='bbox 1176 1434 1352 1492; x_wconf 78' lang='grc' dir='ltr'><strong><em>ἇριστέα</em></strong></span> <span class='ocrx_word' id='word_1_149' title='bbox 1381 1453 1514 1478; x_wconf 84' lang='grc' dir='ltr'><strong><em>κατα-</em></strong></span> 
     </span>
     <span class='ocr_line' id='line_1_20' title="bbox 41 1503 1346 1563; baseline 0 -18"><span class='ocrx_word' id='word_1_150' title='bbox 41 1503 299 1558; x_wconf 80' lang='grc' dir='ltr'><strong><em>λαμπρύνων</em></strong></span> <span class='ocrx_word' id='word_1_151' title='bbox 323 1507 577 1561; x_wconf 76' lang='grc' dir='ltr'><strong><em>χαρίσμασι,</em></strong></span> <span class='ocrx_word' id='word_1_152' title='bbox 606 1507 665 1562; x_wconf 80' lang='grc' dir='ltr'><strong>τῷ</strong></span> <span class='ocrx_word' id='word_1_153' title='bbox 691 1507 882 1563; x_wconf 77' lang='grc' dir='ltr'><strong><em>νικητικῷ</em></strong></span> <span class='ocrx_word' id='word_1_154' title='bbox 905 1504 1158 1561; x_wconf 78' lang='grc' dir='ltr'><strong><em>κατηγλάϊζε</em></strong></span> <span class='ocrx_word' id='word_1_155' title='bbox 1186 1505 1346 1560; x_wconf 83' lang='grc' dir='ltr'><strong><em>στέφει.</em></strong></span> 
     </span>
     <span class='ocr_line' id='line_1_21' title="bbox 2 1568 1513 1630; baseline -0.001 -15"><span class='ocrx_word' id='word_1_156' title='bbox 2 1588 30 1615; x_wconf 86' lang='lat' dir='ltr'><strong>o</strong></span> <span class='ocrx_word' id='word_1_157' title='bbox 150 1574 266 1615; x_wconf 83' lang='grc' dir='ltr'><strong><em>Λυσί</em></strong></span> <span class='ocrx_word' id='word_1_158' title='bbox 294 1573 399 1626; x_wconf 76' lang='grc' dir='ltr'><strong><em>γοῦν</em></strong></span> <span class='ocrx_word' id='word_1_159' title='bbox 434 1570 548 1615; x_wconf 80' lang='grc' dir='ltr'><strong><em>ἔτεσι</em></strong></span> <span class='ocrx_word' id='word_1_160' title='bbox 586 1575 640 1630; x_wconf 85' lang='grc' dir='ltr'><strong>τῇ</strong></span> <span class='ocrx_word' id='word_1_161' title='bbox 666 1568 922 1630; x_wconf 78' lang='grc' dir='ltr'><strong><em>ἇτλητοτάτῃ</em></strong></span> <span class='ocrx_word' id='word_1_162' title='bbox 958 1572 1331 1628; x_wconf 74' lang='grc' dir='ltr'><strong><em>προσκαρτερήσας</em></strong></span> <span class='ocrx_word' id='word_1_163' title='bbox 1357 1568 1513 1628; x_wconf 74' lang='grc' dir='ltr'><strong><em>εἱρκτῇ,</em></strong></span> 
     </span>
     <span class='ocr_line' id='line_1_22' title="bbox 41 1635 1513 1698; baseline 0 -20"><span class='ocrx_word' id='word_1_164' title='bbox 41 1639 94 1693; x_wconf 84' lang='grc' dir='ltr'><strong>τῇ</strong></span> <span class='ocrx_word' id='word_1_165' title='bbox 126 1635 386 1696; x_wconf 72' lang='grc' dir='ltr'><strong><em>Σαμοθράκῃ</em></strong></span> <span class='ocrx_word' id='word_1_166' title='bbox 425 1642 755 1695; x_wconf 84' lang='grc' dir='ltr'><strong><em>παραπέμπεται</em></strong></span> <span class='ocrx_word' id='word_1_167' title='bbox 793 1639 932 1698; x_wconf 82' lang='grc' dir='ltr'><strong><em>νήσῳ·</em></strong></span> <span class='ocrx_word' id='word_1_168' title='bbox 1002 1636 1028 1680; x_wconf 79' lang='grc' dir='ltr'><em>ὃ</em></span> <span class='ocrx_word' id='word_1_169' title='bbox 1054 1638 1127 1681; x_wconf 84' lang='grc' dir='ltr'><strong><em>καί</em></strong></span> <span class='ocrx_word' id='word_1_170' title='bbox 1163 1641 1295 1697; x_wconf 76' lang='grc' dir='ltr'><strong><em>νοερῷ</em></strong></span> <span class='ocrx_word' id='word_1_171' title='bbox 1324 1638 1513 1693; x_wconf 80' lang='grc' dir='ltr'><strong><em>προϊδών</em></strong></span> 
     </span>
     <span class='ocr_line' id='line_1_23' title="bbox 42 1705 1510 1764; baseline 0 -18"><span class='ocrx_word' id='word_1_172' title='bbox 42 1705 267 1763; x_wconf 74' lang='grc' dir='ltr'><strong><em>ὀφθαλμῷ,</em></strong></span> <span class='ocrx_word' id='word_1_173' title='bbox 295 1707 356 1763; x_wconf 74' lang='grc' dir='ltr'><strong>τῷ</strong></span> <span class='ocrx_word' id='word_1_174' title='bbox 381 1706 456 1761; x_wconf 82' lang='grc' dir='ltr'><strong>τήν</strong></span> <span class='ocrx_word' id='word_1_175' title='bbox 482 1706 717 1764; x_wconf 70' lang='grc' dir='ltr'><strong><em>ὑπηρεσίαν</em></strong></span> <span class='ocrx_word' id='word_1_176' title='bbox 744 1709 973 1763; x_wconf 78' lang='grc' dir='ltr'><strong><em>πληροῦντι</em></strong></span> <span class='ocrx_word' id='word_1_177' title='bbox 1002 1707 1263 1764; x_wconf 77' lang='grc' dir='ltr'><strong><em>προήγγειλε·</em></strong></span> <span class='ocrx_word' id='word_1_178' title='bbox 1324 1705 1397 1748; x_wconf 82' lang='grc' dir='ltr'><strong><em>καί</em></strong></span> <span class='ocrx_word' id='word_1_179' title='bbox 1421 1722 1510 1760; x_wconf 87' lang='grc' dir='ltr'><strong><em>τρι-</em></strong></span> 
     </span>
    </p>
   </div>
   <div class='ocr_carea' id='block_1_3' title="bbox 134 1829 1413 1880">
    <p class='ocr_par' dir='ltr' id='par_1_3' title="bbox 134 1829 1413 1880">
     <span class='ocr_line' id='line_1_24' title="bbox 134 1829 1413 1880; baseline -0.002 -16"><span class='ocrx_word' id='word_1_180' title='bbox 134 1831 167 1873; x_wconf 81' lang='grc'><strong>4-</strong></span> <span class='ocrx_word' id='word_1_181' title='bbox 195 1830 361 1876; x_wconf 54' lang='lat' dir='ltr'><strong>{mistro</strong></span> <span class='ocrx_word' id='word_1_182' title='bbox 388 1831 464 1864; x_wconf 89' lang='lat' dir='ltr'><strong>Par.</strong></span> <span class='ocrx_word' id='word_1_183' title='bbox 587 1832 621 1865; x_wconf 84' lang='lat'><strong>5.</strong></span> <span class='ocrx_word' id='word_1_184' title='bbox 646 1831 721 1880; x_wconf 80' lang='grc' dir='ltr'><strong>τῆς]</strong></span> <span class='ocrx_word' id='word_1_185' title='bbox 748 1838 827 1871; x_wconf 84' lang='grc' dir='ltr'><strong><em>τοῖς</em></strong></span> <span class='ocrx_word' id='word_1_186' title='bbox 850 1832 925 1865; x_wconf 87' lang='lat' dir='ltr'><strong>Par.</strong></span> <span class='ocrx_word' id='word_1_187' title='bbox 1050 1843 1101 1876; x_wconf 85' lang='lat'><strong>¹7·</strong></span> <span class='ocrx_word' id='word_1_188' title='bbox 1130 1829 1315 1870; x_wconf 75' lang='grc' dir='ltr'><strong><em>α’σθενὶας</em></strong></span> <span class='ocrx_word' id='word_1_189' title='bbox 1336 1830 1413 1863; x_wconf 84' lang='lat' dir='ltr'><strong>Par.</strong></span> 
     </span>
    </p>
   </div>
   <div class='ocr_carea' id='block_1_4' title="bbox 32 1949 1508 2860">
    <p class='ocr_par' dir='ltr' id='par_1_4' title="bbox 32 1949 1508 2752">
     <span class='ocr_line' id='line_1_25' title="bbox 39 1949 1508 1999; baseline 0 -17"><span class='ocrx_word' id='word_1_190' title='bbox 39 1949 119 1991; x_wconf 81' lang='lat' dir='ltr'><strong>bus,</strong></span> <span class='ocrx_word' id='word_1_191' title='bbox 138 1961 185 1984; x_wconf 90' lang='lat' dir='ltr'><strong>ne</strong></span> <span class='ocrx_word' id='word_1_192' title='bbox 211 1951 292 1997; x_wconf 86' lang='lat' dir='ltr'><strong>quis</strong></span> <span class='ocrx_word' id='word_1_193' title='bbox 319 1950 544 1986; x_wconf 75' lang='lat' dir='ltr'>humanitate</span> <span class='ocrx_word' id='word_1_194' title='bbox 571 1952 713 1993; x_wconf 83' lang='lat' dir='ltr'><strong>ductus,</strong></span> <span class='ocrx_word' id='word_1_195' title='bbox 740 1954 773 1986; x_wconf 88' lang='lat' dir='ltr'><strong>ei</strong></span> <span class='ocrx_word' id='word_1_196' title='bbox 802 1958 953 1999; x_wconf 84' lang='lat' dir='ltr'><strong>propter</strong></span> <span class='ocrx_word' id='word_1_197' title='bbox 976 1952 1157 1986; x_wconf 79' lang='lat' dir='ltr'>Christum</span> <span class='ocrx_word' id='word_1_198' title='bbox 1193 1950 1350 1998; x_wconf 82' lang='lat' dir='ltr'><strong>patienti</strong></span> <span class='ocrx_word' id='word_1_199' title='bbox 1376 1960 1508 1983; x_wconf 84' lang='lat' dir='ltr'><strong>conso-</strong></span> 
     </span>
     <span class='ocr_line' id='line_1_26' title="bbox 39 1996 1506 2047; baseline -0.001 -16"><span class='ocrx_word' id='word_1_200' title='bbox 39 1997 213 2032; x_wconf 76' lang='lat' dir='ltr'>lationem</span> <span class='ocrx_word' id='word_1_201' title='bbox 238 1999 351 2032; x_wconf 88' lang='lat' dir='ltr'><strong>ullam</strong></span> <span class='ocrx_word' id='word_1_202' title='bbox 368 2002 531 2034; x_wconf 79' lang='lat' dir='ltr'><strong>afferret.&#39;</strong></span> <span class='ocrx_word' id='word_1_203' title='bbox 553 2001 678 2046; x_wconf 84' lang='lat' dir='ltr'><strong>itaque</strong></span> <span class='ocrx_word' id='word_1_204' title='bbox 702 2012 830 2047; x_wconf 83' lang='lat' dir='ltr'><strong>corpus</strong></span> <span class='ocrx_word' id='word_1_205' title='bbox 859 2002 937 2034; x_wconf 89' lang='lat' dir='ltr'><strong>eius</strong></span> <span class='ocrx_word' id='word_1_206' title='bbox 964 2001 1134 2034; x_wconf 85' lang='lat' dir='ltr'><strong>diuturna</strong></span> <span class='ocrx_word' id='word_1_207' title='bbox 1167 2001 1263 2033; x_wconf 81' lang='lat' dir='ltr'><strong>fame</strong></span> <span class='ocrx_word' id='word_1_208' title='bbox 1288 1996 1506 2038; x_wconf 83' lang='lat' dir='ltr'><strong>confectum,</strong></span> 
     </span>
     <span class='ocr_line' id='line_1_27' title="bbox 40 2044 1507 2094; baseline -0.001 -16"><span class='ocrx_word' id='word_1_209' title='bbox 40 2046 215 2091; x_wconf 86' lang='lat' dir='ltr'><strong>paulatim</strong></span> <span class='ocrx_word' id='word_1_210' title='bbox 243 2046 471 2091; x_wconf 80' lang='lat' dir='ltr'><strong>tabescebat3</strong></span> <span class='ocrx_word' id='word_1_211' title='bbox 509 2049 699 2094; x_wconf 86' lang='lat' dir='ltr'><strong>ipsumque</strong></span> <span class='ocrx_word' id='word_1_212' title='bbox 740 2049 809 2082; x_wconf 92' lang='lat' dir='ltr'><strong>hoc</strong></span> <span class='ocrx_word' id='word_1_213' title='bbox 839 2048 1048 2082; x_wconf 84' lang='lat' dir='ltr'><strong>detrimenti</strong></span> <span class='ocrx_word' id='word_1_214' title='bbox 1076 2050 1156 2081; x_wconf 91' lang='lat' dir='ltr'><strong>loco</strong></span> <span class='ocrx_word' id='word_1_215' title='bbox 1186 2052 1280 2087; x_wconf 89' lang='lat' dir='ltr'><strong>erat,</strong></span> <span class='ocrx_word' id='word_1_216' title='bbox 1306 2044 1406 2091; x_wconf 88' lang='lat' dir='ltr'><strong>quod</strong></span> <span class='ocrx_word' id='word_1_217' title='bbox 1430 2056 1507 2077; x_wconf 87' lang='lat' dir='ltr'><strong>non</strong></span> 
     </span>
     <span class='ocr_line' id='line_1_28' title="bbox 40 2093 1505 2142; baseline -0.001 -16"><span class='ocrx_word' id='word_1_218' title='bbox 40 2093 111 2127; x_wconf 83' lang='lat' dir='ltr'><strong>cita</strong></span> <span class='ocrx_word' id='word_1_219' title='bbox 134 2099 250 2128; x_wconf 85' lang='lat' dir='ltr'><strong>morte</strong></span> <span class='ocrx_word' id='word_1_220' title='bbox 274 2095 478 2131; x_wconf 84' lang='lat' dir='ltr'><strong>tolleretur.</strong></span> <span class='ocrx_word' id='word_1_221' title='bbox 538 2096 654 2129; x_wconf 81' lang='lat' dir='ltr'>morbi</span> <span class='ocrx_word' id='word_1_222' title='bbox 673 2108 787 2142; x_wconf 86' lang='lat' dir='ltr'><strong>-porro</strong></span> <span class='ocrx_word' id='word_1_223' title='bbox 826 2108 891 2142; x_wconf 88' lang='lat' dir='ltr'><strong>per</strong></span> <span class='ocrx_word' id='word_1_224' title='bbox 918 2097 1139 2129; x_wconf 89' lang='lat' dir='ltr'><strong>medicorum</strong></span> <span class='ocrx_word' id='word_1_225' title='bbox 1166 2105 1275 2127; x_wconf 90' lang='lat' dir='ltr'><strong>curae</strong></span> <span class='ocrx_word' id='word_1_226' title='bbox 1300 2093 1505 2126; x_wconf 82' lang='lat' dir='ltr'>absentiam</span> 
     </span>
     <span class='ocr_line' id='line_1_29' title="bbox 39 2141 1506 2189; baseline -0.001 -15"><span class='ocrx_word' id='word_1_227' title='bbox 39 2141 222 2185; x_wconf 84' lang='lat' dir='ltr'><strong>grassandi</strong></span> <span class='ocrx_word' id='word_1_228' title='bbox 237 2143 335 2176; x_wconf 82' lang='lat' dir='ltr'><strong>nacti</strong></span> <span class='ocrx_word' id='word_1_229' title='bbox 355 2143 548 2187; x_wconf 81' lang='lat' dir='ltr'><strong>licentiam,</strong></span> <span class='ocrx_word' id='word_1_230' title='bbox 573 2145 710 2189; x_wconf 79' lang='lat' dir='ltr'><strong>gravius</strong></span> <span class='ocrx_word' id='word_1_231' title='bbox 734 2144 955 2184; x_wconf 80' lang='lat' dir='ltr'><strong>saeviebant,</strong></span> <span class='ocrx_word' id='word_1_232' title='bbox 974 2150 1010 2177; x_wconf 88' lang='lat' dir='ltr'><strong>et</strong></span> <span class='ocrx_word' id='word_1_233' title='bbox 1027 2146 1136 2176; x_wconf 77' lang='lat' dir='ltr'><strong>vitam</strong></span> <span class='ocrx_word' id='word_1_234' title='bbox 1158 2141 1359 2176; x_wconf 78' lang='lat' dir='ltr'>reddebant</span> <span class='ocrx_word' id='word_1_235' title='bbox 1386 2145 1506 2174; x_wconf 86' lang='lat' dir='ltr'><strong>morte</strong></span> 
     </span>
     <span class='ocr_line' id='line_1_30' title="bbox 38 2189 1505 2238; baseline -0.001 -16"><span class='ocrx_word' id='word_1_236' title='bbox 38 2189 116 2234; x_wconf 86' lang='lat' dir='ltr'><strong>ipsa</strong></span> <span class='ocrx_word' id='word_1_237' title='bbox 152 2190 259 2234; x_wconf 83' lang='lat' dir='ltr'><strong>longe</strong></span> <span class='ocrx_word' id='word_1_238' title='bbox 284 2190 518 2225; x_wconf 78' lang='lat' dir='ltr'><strong>acerbiorem.</strong></span> <span class='ocrx_word' id='word_1_239' title='bbox 544 2196 552 2203; x_wconf 78' lang='lat'><strong><em>‘</em></strong></span> <span class='ocrx_word' id='word_1_240' title='bbox 581 2198 618 2225; x_wconf 88' lang='lat' dir='ltr'><strong>at</strong></span> <span class='ocrx_word' id='word_1_241' title='bbox 643 2193 742 2238; x_wconf 85' lang='lat' dir='ltr'><strong>ipse,</strong></span> <span class='ocrx_word' id='word_1_242' title='bbox 770 2193 847 2225; x_wconf 80' lang='lat' dir='ltr'><strong>eius</strong></span> <span class='ocrx_word' id='word_1_243' title='bbox 885 2192 947 2238; x_wconf 89' lang='lat' dir='ltr'><strong>qui</strong></span> <span class='ocrx_word' id='word_1_244' title='bbox 976 2190 1274 2225; x_wconf 80' lang='lat' dir='ltr'><strong>desiderabilium</strong></span> <span class='ocrx_word' id='word_1_245' title='bbox 1309 2189 1505 2235; x_wconf 88' lang='lat' dir='ltr'><strong>primatum</strong></span> 
     </span>
     <span class='ocr_line' id='line_1_31' title="bbox 35 2237 1505 2285; baseline -0.002 -15"><span class='ocrx_word' id='word_1_246' title='bbox 35 2241 140 2270; x_wconf 84' lang='lat' dir='ltr'><strong>tenet</strong></span> <span class='ocrx_word' id='word_1_247' title='bbox 171 2237 508 2272; x_wconf 78' lang='lat' dir='ltr'><strong>desideratissimam</strong></span> <span class='ocrx_word' id='word_1_248' title='bbox 543 2239 852 2285; x_wconf 85' lang='lat' dir='ltr'><strong>pulchritudinem</strong></span> <span class='ocrx_word' id='word_1_249' title='bbox 886 2242 922 2272; x_wconf 92' lang='lat' dir='ltr'><strong>in</strong></span> <span class='ocrx_word' id='word_1_250' title='bbox 960 2239 1102 2273; x_wconf 85' lang='lat' dir='ltr'><strong>deliciis</strong></span> <span class='ocrx_word' id='word_1_251' title='bbox 1137 2238 1287 2278; x_wconf 82' lang='lat' dir='ltr'><strong>habens,</strong></span> <span class='ocrx_word' id='word_1_252' title='bbox 1314 2247 1408 2282; x_wconf 83' lang='lat' dir='ltr'><strong>quae</strong></span> <span class='ocrx_word' id='word_1_253' title='bbox 1437 2246 1505 2268; x_wconf 86' lang='lat' dir='ltr'><strong>nec</strong></span> 
     </span>
     <span class='ocr_line' id='line_1_32' title="bbox 36 2283 1502 2332; baseline -0.001 -16"><span class='ocrx_word' id='word_1_254' title='bbox 36 2284 161 2318; x_wconf 86' lang='lat' dir='ltr'><strong>auditu</strong></span> <span class='ocrx_word' id='word_1_255' title='bbox 187 2287 336 2332; x_wconf 83' lang='lat' dir='ltr'><strong>reliquis</strong></span> <span class='ocrx_word' id='word_1_256' title='bbox 376 2287 583 2321; x_wconf 77' lang='lat' dir='ltr'><strong>tolerabilia</strong></span> <span class='ocrx_word' id='word_1_257' title='bbox 620 2293 727 2328; x_wconf 84' lang='lat' dir='ltr'><strong>sunt,</strong></span> <span class='ocrx_word' id='word_1_258' title='bbox 753 2288 905 2332; x_wconf 80' lang='lat' dir='ltr'><strong>patienti</strong></span> <span class='ocrx_word' id='word_1_259' title='bbox 932 2299 974 2320; x_wconf 89' lang='lat' dir='ltr'><strong>ac</strong></span> <span class='ocrx_word' id='word_1_260' title='bbox 998 2299 1116 2332; x_wconf 84' lang='lat' dir='ltr'><strong>aequo</strong></span> <span class='ocrx_word' id='word_1_261' title='bbox 1141 2286 1261 2319; x_wconf 88' lang='lat' dir='ltr'><strong>animo</strong></span> <span class='ocrx_word' id='word_1_262' title='bbox 1286 2283 1502 2330; x_wconf 82' lang='lat' dir='ltr'><strong>perferebat.</strong></span> 
     </span>
     <span class='ocr_line' id='line_1_33' title="bbox 34 2331 1502 2381; baseline -0.001 -16"><span class='ocrx_word' id='word_1_263' title='bbox 34 2331 240 2376; x_wconf 81' lang='lat' dir='ltr'><strong>gaudebant</strong></span> <span class='ocrx_word' id='word_1_264' title='bbox 265 2335 397 2380; x_wconf 82' lang='lat' dir='ltr'><strong>angeli,</strong></span> <span class='ocrx_word' id='word_1_265' title='bbox 421 2346 500 2368; x_wconf 89' lang='lat' dir='ltr'><strong>cum</strong></span> <span class='ocrx_word' id='word_1_266' title='bbox 524 2336 740 2369; x_wconf 80' lang='lat' dir='ltr'><strong>tolerantiae</strong></span> <span class='ocrx_word' id='word_1_267' title='bbox 758 2337 843 2376; x_wconf 88' lang='lat' dir='ltr'><strong>vim,</strong></span> <span class='ocrx_word' id='word_1_268' title='bbox 863 2347 956 2381; x_wconf 89' lang='lat' dir='ltr'><strong>quae</strong></span> <span class='ocrx_word' id='word_1_269' title='bbox 984 2335 1093 2380; x_wconf 87' lang='lat' dir='ltr'><strong>longo</strong></span> <span class='ocrx_word' id='word_1_270' title='bbox 1118 2340 1282 2380; x_wconf 88' lang='lat' dir='ltr'><strong>tempore</strong></span> <span class='ocrx_word' id='word_1_271' title='bbox 1302 2332 1347 2365; x_wconf 86' lang='lat' dir='ltr'><strong>ab</strong></span> <span class='ocrx_word' id='word_1_272' title='bbox 1371 2331 1502 2364; x_wconf 85' lang='lat' dir='ltr'><strong>huma-</strong></span> 
     </span>
     <span class='ocr_line' id='line_1_34' title="bbox 33 2380 1501 2429; baseline -0.001 -17"><span class='ocrx_word' id='word_1_273' title='bbox 33 2380 92 2413; x_wconf 85' lang='lat' dir='ltr'><strong>nis</strong></span> <span class='ocrx_word' id='word_1_274' title='bbox 116 2381 333 2424; x_wconf 74' lang='lat' dir='ltr'><strong>exulaverat,</strong></span> <span class='ocrx_word' id='word_1_275' title='bbox 360 2384 585 2428; x_wconf 82' lang='lat' dir='ltr'><strong>postliminio</strong></span> <span class='ocrx_word' id='word_1_276' title='bbox 614 2395 787 2417; x_wconf 87' lang='lat' dir='ltr'><strong>reversam</strong></span> <span class='ocrx_word' id='word_1_277' title='bbox 812 2384 910 2416; x_wconf 78' lang='lat' dir='ltr'><strong>felici</strong></span> <span class='ocrx_word' id='word_1_278' title='bbox 930 2384 1036 2427; x_wconf 84' lang='lat' dir='ltr'><strong>longe</strong></span> <span class='ocrx_word' id='word_1_279' title='bbox 1061 2382 1268 2429; x_wconf 78' lang='lat' dir='ltr'><strong>spectaculo</strong></span> <span class='ocrx_word' id='word_1_280' title='bbox 1292 2385 1501 2414; x_wconf 82' lang='lat' dir='ltr'><strong>cernerent:</strong></span> 
     </span>
     <span class='ocr_line' id='line_1_35' title="bbox 34 2427 1501 2475; baseline -0.001 -16"><span class='ocrx_word' id='word_1_281' title='bbox 34 2438 77 2460; x_wconf 86' lang='lat' dir='ltr'><strong>ac</strong></span> <span class='ocrx_word' id='word_1_282' title='bbox 98 2429 163 2461; x_wconf 84' lang='lat' dir='ltr'><strong>viri</strong></span> <span class='ocrx_word' id='word_1_283' title='bbox 188 2431 300 2464; x_wconf 83' lang='lat' dir='ltr'><strong>sancti</strong></span> <span class='ocrx_word' id='word_1_284' title='bbox 330 2432 527 2475; x_wconf 83' lang='lat' dir='ltr'><strong>praestanti</strong></span> <span class='ocrx_word' id='word_1_285' title='bbox 563 2431 732 2465; x_wconf 84' lang='lat' dir='ltr'><strong>adversus</strong></span> <span class='ocrx_word' id='word_1_286' title='bbox 775 2431 897 2465; x_wconf 87' lang='lat' dir='ltr'><strong>hostes</strong></span> <span class='ocrx_word' id='word_1_287' title='bbox 936 2431 1071 2464; x_wconf 83' lang='lat' dir='ltr'><strong>virtute</strong></span> <span class='ocrx_word' id='word_1_288' title='bbox 1102 2431 1305 2468; x_wconf 85' lang='lat' dir='ltr'><strong>laetantes,</strong></span> <span class='ocrx_word' id='word_1_289' title='bbox 1328 2427 1501 2461; x_wconf 78' lang='lat' dir='ltr'><strong>victoriae</strong></span> 
     </span>
     <span class='ocr_line' id='line_1_36' title="bbox 33 2477 1502 2525; baseline 0.005 -18"><span class='ocrx_word' id='word_1_290' title='bbox 33 2477 266 2519; x_wconf 84' lang='lat' dir='ltr'><strong>praeconium</strong></span> <span class='ocrx_word' id='word_1_291' title='bbox 289 2478 346 2511; x_wconf 89' lang='lat' dir='ltr'><strong>illi</strong></span> <span class='ocrx_word' id='word_1_292' title='bbox 368 2478 620 2512; x_wconf 84' lang='lat' dir='ltr'><strong>concinebant.</strong></span> <span class='ocrx_word' id='word_1_293' title='bbox 648 2479 846 2513; x_wconf 87' lang='lat' dir='ltr'><strong>horrebant</strong></span> <span class='ocrx_word' id='word_1_294' title='bbox 869 2479 1078 2520; x_wconf 83' lang='lat' dir='ltr'><strong>daemones,</strong></span> <span class='ocrx_word' id='word_1_295' title='bbox 1101 2478 1200 2525; x_wconf 88' lang='lat' dir='ltr'><strong>quod</strong></span> <span class='ocrx_word' id='word_1_296' title='bbox 1225 2482 1380 2515; x_wconf 75' lang='lat' dir='ltr'><strong>sanctos,</strong></span> <span class='ocrx_word' id='word_1_297' title='bbox 1409 2485 1502 2520; x_wconf 75' lang='lat'><strong>&lt;3¹¹0-</strong></span> 
     </span>
     <span class='ocr_line' id='line_1_37' title="bbox 36 2523 1500 2572; baseline 0.007 -18"><span class='ocrx_word' id='word_1_298' title='bbox 36 2533 112 2555; x_wconf 91' lang='lat' dir='ltr'><strong>rum</strong></span> <span class='ocrx_word' id='word_1_299' title='bbox 135 2525 194 2557; x_wconf 82' lang='lat' dir='ltr'><strong>vel</strong></span> <span class='ocrx_word' id='word_1_300' title='bbox 220 2526 368 2559; x_wconf 87' lang='lat' dir='ltr'><strong>nomina</strong></span> <span class='ocrx_word' id='word_1_301' title='bbox 394 2526 521 2561; x_wconf 89' lang='lat' dir='ltr'><strong>audire</strong></span> <span class='ocrx_word' id='word_1_302' title='bbox 544 2538 619 2561; x_wconf 92' lang='lat' dir='ltr'><strong>non</strong></span> <span class='ocrx_word' id='word_1_303' title='bbox 645 2533 826 2572; x_wconf 86' lang='lat' dir='ltr'><strong>poterant,</strong></span> <span class='ocrx_word' id='word_1_304' title='bbox 863 2532 900 2560; x_wconf 90' lang='lat' dir='ltr'><strong>et</strong></span> <span class='ocrx_word' id='word_1_305' title='bbox 922 2528 1096 2571; x_wconf 78' lang='lat' dir='ltr'><strong>imagines</strong></span> <span class='ocrx_word' id='word_1_306' title='bbox 1124 2523 1396 2572; x_wconf 75' lang='lat' dir='ltr'><strong>oppugnabant,</strong></span> <span class='ocrx_word' id='word_1_307' title='bbox 1422 2533 1500 2554; x_wconf 71' lang='lat'><em>‘¹¹¹&#39;-</em></span> 
     </span>
     <span class='ocr_line' id='line_1_38' title="bbox 34 2569 1499 2620; baseline -0.001 -18"><span class='ocrx_word' id='word_1_308' title='bbox 34 2581 113 2603; x_wconf 87' lang='lat' dir='ltr'><strong>sum</strong></span> <span class='ocrx_word' id='word_1_309' title='bbox 138 2570 224 2616; x_wconf 85' lang='lat' dir='ltr'><strong>ipsis</strong></span> <span class='ocrx_word' id='word_1_310' title='bbox 247 2573 352 2607; x_wconf 79' lang='lat' dir='ltr'><strong>factis</strong></span> <span class='ocrx_word' id='word_1_311' title='bbox 386 2574 557 2608; x_wconf 87' lang='lat' dir='ltr'><strong>florentes</strong></span> <span class='ocrx_word' id='word_1_312' title='bbox 583 2581 745 2620; x_wconf 86' lang='lat' dir='ltr'><strong>spectare</strong></span> <span class='ocrx_word' id='word_1_313' title='bbox 783 2580 1010 2619; x_wconf 77' lang='lat' dir='ltr'><strong>cogerentur,</strong></span> <span class='ocrx_word' id='word_1_314' title='bbox 1039 2571 1242 2619; x_wconf 82' lang='lat' dir='ltr'><strong>misereque</strong></span> <span class='ocrx_word' id='word_1_315' title='bbox 1266 2572 1336 2604; x_wconf 89' lang='lat' dir='ltr'><strong>acti</strong></span> <span class='ocrx_word' id='word_1_316' title='bbox 1362 2569 1499 2603; x_wconf 84' lang='lat' dir='ltr'><strong>invidia</strong></span> 
     </span>
     <span class='ocr_line' id='line_1_39' title="bbox 33 2616 1500 2667; baseline -0.001 -17"><span class='ocrx_word' id='word_1_317' title='bbox 33 2617 209 2652; x_wconf 82' lang='lat' dir='ltr'><strong>satellites</strong></span> <span class='ocrx_word' id='word_1_318' title='bbox 235 2631 331 2662; x_wconf 80' lang='lat' dir='ltr'><strong>suos,</strong></span> <span class='ocrx_word' id='word_1_319' title='bbox 354 2633 395 2655; x_wconf 86' lang='lat' dir='ltr'><strong>ac</strong></span> <span class='ocrx_word' id='word_1_320' title='bbox 418 2623 601 2657; x_wconf 86' lang='lat' dir='ltr'><strong>ministros</strong></span> <span class='ocrx_word' id='word_1_321' title='bbox 633 2622 896 2656; x_wconf 81' lang='lat' dir='ltr'><strong>imbecillitatis</strong></span> <span class='ocrx_word' id='word_1_322' title='bbox 934 2621 1144 2667; x_wconf 83' lang='lat' dir='ltr'><strong>arguebant.</strong></span> <span class='ocrx_word' id='word_1_323' title='bbox 1205 2619 1367 2653; x_wconf 84' lang='lat' dir='ltr'><strong>Christus</strong></span> <span class='ocrx_word' id='word_1_324' title='bbox 1393 2616 1500 2650; x_wconf 79' lang='lat' dir='ltr'><strong>deni-</strong></span> 
     </span>
     <span class='ocr_line' id='line_1_40' title="bbox 33 2663 1499 2716; baseline -0.001 -19"><span class='ocrx_word' id='word_1_325' title='bbox 33 2676 106 2710; x_wconf 86' lang='lat' dir='ltr'><strong>que</strong></span> <span class='ocrx_word' id='word_1_326' title='bbox 131 2667 339 2702; x_wconf 84' lang='lat' dir='ltr'><strong>muneribus</strong></span> <span class='ocrx_word' id='word_1_327' title='bbox 363 2681 504 2703; x_wconf 90' lang='lat' dir='ltr'><strong>omnem</strong></span> <span class='ocrx_word' id='word_1_328' title='bbox 531 2671 601 2703; x_wconf 88' lang='lat' dir='ltr'><strong>vim</strong></span> <span class='ocrx_word' id='word_1_329' title='bbox 642 2670 789 2705; x_wconf 87' lang='lat' dir='ltr'><strong>dicendi</strong></span> <span class='ocrx_word' id='word_1_330' title='bbox 825 2670 1077 2716; x_wconf 82' lang='lat' dir='ltr'><strong>superantibus</strong></span> <span class='ocrx_word' id='word_1_331' title='bbox 1116 2669 1276 2715; x_wconf 80' lang='lat' dir='ltr'><strong>pugilem</strong></span> <span class='ocrx_word' id='word_1_332' title='bbox 1306 2677 1408 2699; x_wconf 83' lang='lat' dir='ltr'><strong>suum</strong></span> <span class='ocrx_word' id='word_1_333' title='bbox 1433 2663 1499 2698; x_wconf 86' lang='lat' dir='ltr'><strong>de-</strong></span> 
     </span>
     <span class='ocr_line' id='line_1_41' title="bbox 32 2715 734 2752; baseline 0.01 -7"><span class='ocrx_word' id='word_1_334' title='bbox 32 2718 191 2746; x_wconf 87' lang='lat' dir='ltr'><strong>coratum</strong></span> <span class='ocrx_word' id='word_1_335' title='bbox 217 2715 388 2751; x_wconf 88' lang='lat' dir='ltr'><strong>victoriae</strong></span> <span class='ocrx_word' id='word_1_336' title='bbox 414 2729 544 2751; x_wconf 89' lang='lat' dir='ltr'><strong>corona</strong></span> <span class='ocrx_word' id='word_1_337' title='bbox 573 2719 734 2752; x_wconf 87' lang='lat' dir='ltr'><strong>donavit.</strong></span> 
     </span>
    </p>

    <p class='ocr_par' dir='ltr' id='par_1_5' title="bbox 33 2760 1496 2860">
     <span class='ocr_line' id='line_1_42' title="bbox 125 2760 1496 2807; baseline -0.001 -14"><span class='ocrx_word' id='word_1_338' title='bbox 125 2761 226 2795; x_wconf 86' lang='lat' dir='ltr'><strong>Duos</strong></span> <span class='ocrx_word' id='word_1_339' title='bbox 255 2762 362 2807; x_wconf 82' lang='lat' dir='ltr'><strong>igitur</strong></span> <span class='ocrx_word' id='word_1_340' title='bbox 379 2776 491 2799; x_wconf 89' lang='lat' dir='ltr'><strong>annos</strong></span> <span class='ocrx_word' id='word_1_341' title='bbox 516 2767 745 2800; x_wconf 83' lang='lat' dir='ltr'><strong>acerbissimo</strong></span> <span class='ocrx_word' id='word_1_342' title='bbox 770 2765 964 2799; x_wconf 83' lang='lat' dir='ltr'><strong>defunctus</strong></span> <span class='ocrx_word' id='word_1_343' title='bbox 982 2775 1136 2804; x_wconf 88' lang='lat' dir='ltr'><strong>carcere,</strong></span> <span class='ocrx_word' id='word_1_344' title='bbox 1163 2764 1200 2796; x_wconf 91' lang='lat' dir='ltr'><strong>in</strong></span> <span class='ocrx_word' id='word_1_345' title='bbox 1229 2760 1496 2795; x_wconf 83' lang='lat' dir='ltr'><strong>Samothracem</strong></span> 
     </span>
     <span class='ocr_line' id='line_1_43' title="bbox 33 2807 1496 2860; baseline -0.001 -20"><span class='ocrx_word' id='word_1_346' title='bbox 33 2808 186 2842; x_wconf 76' lang='lat' dir='ltr'><strong>insulam</strong></span> <span class='ocrx_word' id='word_1_347' title='bbox 214 2810 445 2856; x_wconf 82' lang='lat' dir='ltr'><strong>deportatur:</strong></span> <span class='ocrx_word' id='word_1_348' title='bbox 474 2813 572 2859; x_wconf 82' lang='lat' dir='ltr'><strong>quod</strong></span> <span class='ocrx_word' id='word_1_349' title='bbox 601 2815 678 2860; x_wconf 86' lang='lat' dir='ltr'><strong>ipse</strong></span> <span class='ocrx_word' id='word_1_350' title='bbox 705 2815 836 2848; x_wconf 82' lang='lat' dir='ltr'><strong>mentis</strong></span> <span class='ocrx_word' id='word_1_351' title='bbox 864 2814 971 2847; x_wconf 85' lang='lat' dir='ltr'><strong>oculo</strong></span> <span class='ocrx_word' id='word_1_352' title='bbox 995 2811 1231 2859; x_wconf 83' lang='lat' dir='ltr'><strong>prospiciens,</strong></span> <span class='ocrx_word' id='word_1_353' title='bbox 1262 2810 1310 2850; x_wconf 89' lang='lat' dir='ltr'><strong>ei,</strong></span> <span class='ocrx_word' id='word_1_354' title='bbox 1338 2809 1401 2854; x_wconf 81' lang='lat' dir='ltr'><strong>qui</strong></span> <span class='ocrx_word' id='word_1_355' title='bbox 1426 2807 1496 2840; x_wconf 83' lang='lat' dir='ltr'><strong>sibi</strong></span> 
     </span>
    </p>
   </div>
  </div>
 </body>
</html>
