1786 3204
269 124 343 179 30
831 138 1178 180 THEOPHAle

265 241 574 297 ἀναστήσαντες
608 237 682 282 καί
719 238 850 283 πολλὰ
879 239 1099 295 παράδοξα
1122 237 1388 294 ποιήσαντες.
1445 239 1520 295 τῆς
1537 239 1585 282 δὲ
1603 237 1728 295 ἁγίας

264 308 446 353 συνόδου
477 310 522 350 ἐν
551 308 710 365 Νικαίᾳ
747 310 820 362 τῆς
852 309 1068 357 Βιθυνίας
1096 309 1339 362 γενομένης,
1382 306 1560 361 ἐξῆρχον
1597 308 1727 362 αὐτῆς

265 374 494 432 Μακάριος
538 374 559 416 6
598 371 903 428 Ἱεροσολύμων
957 374 1030 416 καί
1073 375 1340 429 Ἀλέξανδρος
1376 373 1727 431 Ἀλεξανδρείας,

262 445 370 500 ὑπὲρ
402 445 448 486 δὲ
475 444 551 485 τοῦ
573 440 738 497 Ῥώμης
769 444 906 485 Βίτων
952 441 1024 483 καί
1050 443 1266 491 Βικέντιος
1310 443 1517 496 παρῆσαν.
1576 443 1650 497 τῆς
1678 443 1727 483 δὲ

257 507 506 565 Ἀντιοχέων
533 510 752 564 ἐκκλησίας
775 509 1061 565 χηρευούσης,
1102 508 1127 564 ἧ
1159 506 1334 557 σύνοδος
1362 506 1605 552 Εὕστοὶθιον
1631 508 1764 555 &mi-5

263 593 375 633 ρωσε
417 576 489 619 τόν
534 574 756 619 ἐπίσκοπον
784 577 994 632 Βερροίας
1023 578 1096 632 τῆς
1124 575 1300 629 Συρίας.
1367 574 1648 629 Ἀλέξανδρος
1678 577 1725 619 δὲ

263 645 285 688 6
314 648 388 688 τοῦ
413 646 652 696 Βυζαντίου
680 644 733 684 ου’
762 646 898 698 παρῆν
927 645 971 685 ἐν
995 645 1045 701 τῇ
1073 640 1237 701 συνόδῳ
1269 640 1340 684 διὰ
1373 644 1508 698 γῆρας
1534 640 1726 697 βαθύτα-

215 727 349 768 Βτον,
379 714 452 754 καί
478 712 701 753 α’σθένειαν
728 709 945 764 σώματος·
1002 710 1276 765 πρεσβύτεροι
1306 711 1353 752 δὲ
1388 709 1526 752 αὐτοῦ’
1553 708 1629 751 τὸν
1654 710 1726 752 τό-

259 797 336 823 πον
367 778 691 832 ἀνεπλήρωσαν·
757 777 852 820 τότε
892 776 966 819 καί
994 781 1173 826 ,Παῦλος
1221 776 1242 818 6
1276 779 1615 833 Νεοκαισαρείας
1644 794 1725 820 πα-

256 848 336 902 ρῆν
363 849 414 904 τῇ
439 844 616 903 συνόδῳ,
648 844 719 887 καί
745 839 847 887 ἄλλο
876 846 1037 900 πλῆθος
1066 845 1196 900 ἁγίων
1219 845 1383 899 α’νδρῶν
1408 846 1488 903 βίῳ
1510 846 1586 887 καί
1614 843 1723 904 λόγῳ
1741 860 1786 888 10

256 912 587 969 διαπρεπόντων,
619 914 719 966 περί
746 906 805 955 ὧν
824 912 1031 967 μεγάλους
1059 914 1260 961 ἐπαίνους
1289 912 1335 955 ἐν
1362 914 1420 970 τῷ
1450 913 1579 971 τρίτῳ
1613 911 1722 971 λόγῳ

255 983 314 1040 τῷ
340 982 399 1030 εἰς
424 978 497 1023 τὸν
531 981 709 1033 βασιλέα
740 979 946 1032 Εὐσέβιος
977 980 1000 1020 6
1033 980 1277 1036 Παμφίλου
1307 977 1483 1035 ἔγραψε.
1541 980 1646 1022 πᾶσι
1677 981 1724 1022 δὲ

255 1047 305 1092 τοὶ
337 1047 442 1103 πρὸς
483 1046 560 1103 τήν
595 1047 749 1102 χρείαν
780 1048 975 1100 δαψιλῶς
1013 1046 1036 1089 6
1065 1046 1486 1102 Χριστιανικώτατος
1521 1045 1725 1102 βασιλεῦς

255 1116 460 1171 ἐχορήγει.
531 1112 641 1170 αὕτη
688 1111 712 1169 ἡ
759 1113 859 1168 ἁγία
904 1116 977 1155 καί
1004 1113 1271 1168 οἷκουμενικῆ
1300 1112 1478 1164 σύνοδος
1504 1116 1724 1173 συνεργείᾳ

254 1186 327 1237 τῆς
348 1182 469 1237 ἁγίας
510 1183 583 1223 καί
623 1179 851 1235 ὃμοουσίου
890 1181 1062 1235 τριάδος
1089 1176 1264 1236 ’Ἀρειον
1309 1183 1483 1223 καθεῖλε
1522 1184 1595 1224 καί
1620 1197 1723 1231 τους
1742 1184 1786 1226 15

255 1248 495 1308 ὁμόφρονας
522 1251 683 1291 αὐτοῦ·
714 1250 921 1302 Εὔσέβιον
947 1247 1019 1290 τὸν
1048 1249 1337 1304 Νικομηδείας
1382 1265 1452 1290 και
1496 1249 1597 1300 τούς
1625 1266 1721 1304 περι

252 1315 407 1374 αὕτόν,
438 1316 572 1371 χωρὶς
600 1317 808 1369 Εὐσεβίου
836 1316 911 1357 τοῦ
941 1316 1195 1371 Παμφίλου,
1225 1318 1490 1369 συνθεαένου
1520 1319 1572 1374 τῇ
1603 1318 1724 1374 φωνῇ

143 1396 182 1430 Ρ.
202 1406 238 1440 ¹7
251 1387 329 1427 τοῦ
345 1384 569 1438 ὁμοουσίου
604 1382 706 1438 πρὸς
721 1381 768 1425 τὸ
798 1384 946 1438 παρόν,
963 1399 1033 1424 και
1053 1383 1226 1432 τούτους
1246 1382 1431 1439 ἑξορίαις
1452 1386 1722 1438 παρέπεμψε,

251 1450 544 1506 συμπαρόντος
573 1451 719 1500 αὐτοῖς
738 1449 810 1492 καί
840 1452 915 1493 τοῦ
944 1449 1227 1506 πανευφήμου
1258 1451 1469 1505 βασιλέως
1489 1453 1722 1494 Κωνσταν.

344 1572 377 1605 3.
403 1568 606 1617 Μακάριος
630 1568 649 1605 6
673 1568 758 1616 Ἶερ.
785 1570 832 1610 Α,
860 1566 880 1604 6
905 1572 1006 1604 Μακ
1029 1566 1111 1615 ’.Ιερ
1137 1568 1232 1612 vulg.
1363 1571 1427 1603 καὶ
1452 1569 1536 1602 add.
1563 1580 1608 1603 ex
1633 1571 1662 1604 A
1686 1582 1718 1604 a.

342 1617 376 1662 4.
402 1621 524 1654 Βίτων
549 1619 577 1651 Α
605 1601 786 1661 1),Βῆτος
811 1617 906 1661 vulg
1001 1616 1033 1650 5.
1057 1617 1331 1662 χηρευούσηςΑ
1367 1622 1403 1650 et
1427 1617 1490 1650 alii
1521 1617 1720 1677 στερευού-

345 1676 413 1709 σης
438 1666 533 1711 vulg.
655 1666 689 1698 6.
718 1663 904 1712 Βερῥοίας
928 1664 957 1697 Α
981 1669 1019 1697 et
1042 1665 1103 1696 alii
1130 1667 1314 1710 Βερροίης
1336 1665 1433 1709 vulg
1549 1663 1721 1706 Αλέξαγ,

345 1713 459 1769 δρος]
475 1712 738 1759 Μητροφάνης
762 1713 791 1746 Α
817 1723 836 1746 e
861 1713 885 1746 f.
1004 1722 1038 1754 9.
1065 1714 1129 1746 καὶ
1152 1713 1308 1749 Παῦλος
1333 1712 1374 1754 Α,
1402 1715 1466 1747 καὶ
1492 1711 1513 1747 6
1539 1716 1594 1749 ΙΙ.
1620 1715 1717 1759 xulg.

351 1763 399 1796 13.
422 1756 488 1807 τὴν
517 1773 587 1794 om.
613 1763 653 1794 A.
756 1761 809 1793 15.
834 1766 918 1807 post
941 1761 1090 1794 καθειλε
1113 1771 1133 1791 a
1160 1759 1242 1792 add.
1269 1762 1333 1795 καὶ
1353 1759 1538 1806 Θεόγνιον
1562 1757 1629 1798 τὸν
1651 1765 1720 1797 Νι-

340 1813 460 1849 καίας.
564 1809 614 1842 ¹6.
643 1807 741 1855 αυτῷ
768 1819 798 1840 a.
926 1809 975 1842 18.
1001 1808 1164 1854 ἐξορίαις
1188 1807 1229 1849 Α,
1258 1809 1384 1854 ἐξορία
1410 1809 1507 1853 vulg.

250 1920 358 1952 vitam
393 1917 538 1963 aliaque
575 1916 614 1950 id
653 1927 764 1961 genus
805 1926 913 1962 supra
950 1915 1138 1949 hominum
1176 1915 1284 1950 fidem
1320 1915 1491 1950 miranda‘
1514 1916 1718 1951 ediderant.

250 1972 371 2000 saneta
395 1966 521 2011 itaque
550 1964 688 2008 synodo
714 1964 870 1998 Nicaeae
887 1963 1078 2008 Bithyniae
1103 1964 1299 2006 celebrata,
1324 1963 1507 2011 praesides
1530 1965 1606 1999 eius
1631 1977 1719 1998 con-

251 2013 423 2048 sederunt
444 2013 622 2046 Macarius
647 2012 978 2055 Hierosolymorum
1006 2017 1042 2045 et
1064 2011 1273 2045 Alexander
1300 2012 1542 2046 Alexandriae
1569 2013 1718 2047 antisti-

250 2067 326 2095 tes:
351 2062 428 2095 viee
453 2066 570 2094 autem
587 2061 738 2094 Romani
756 2060 862 2094 Biton
887 2060 1150 2093 etvincentius
1177 2059 1351 2093 adfuere:
1379 2059 1488 2093 vidua
1508 2071 1596 2094 vero
1625 2073 1719 2106 pon·

250 2110 345 2143 tifice
379 2107 671 2143 Antiochensium
710 2108 883 2149 ecclesia,
919 2107 1077 2152 synodus
1115 2107 1346 2142 Eustathium
1384 2108 1611 2142 confirmavit
1636 2110 1720 2142 Ber-

251 2156 384 2190 rhoeae
423 2157 462 2190 in
485 2157 584 2200 Syria
623 2157 843 2202 episcopum.
893 2155 1101 2189 Alexander
1140 2155 1284 2190 demum
1311 2156 1475 2200 Byzantii
1498 2157 1643 2202 praesul
1671 2156 1717 2190 ob

250 2210 445 2238 extremam
482 2207 704 2238 senectutem
743 2209 780 2238 et
811 2205 970 2249 corporis
1007 2203 1293 2238 invaletudinem
1331 2203 1470 2248 synodo
1499 2215 1575 2238 non
1601 2205 1718 2238 inter-

251 2252 340 2286 fnit:
374 2251 572 2298 presbyteri
608 2258 729 2286 tamen
750 2252 860 2297 ipsius
897 2252 1014 2285 locum
1058 2258 1268 2286 tenuerunt.
1330 2257 1419 2286 tunc
1444 2252 1553 2286 etiam
1586 2252 1719 2286 Paulus

249 2299 516 2334 Neocaesareae
542 2299 730 2346 episcopus
753 2300 855 2333 venit
879 2298 923 2333 acl
951 2299 1139 2343 synodum,
1165 2306 1202 2333 et
1225 2305 1431 2333 sanctornm
1458 2300 1614 2334 virorum
1639 2313 1719 2334 mo-

249 2347 348 2381 ribus
387 2353 424 2382 et
462 2347 624 2381 doctrina
672 2348 933 2394 praestantium
973 2347 1192 2389 multitudo,
1235 2359 1388 2394 quorum
1416 2348 1565 2381 eximias
1592 2348 1719 2382 laudes

249 2395 357 2428 tertia
390 2396 427 2429 in
452 2396 703 2441 imperatorem
743 2396 906 2429 oratione
938 2395 1115 2429 Eusebius
1145 2395 1324 2441 Pamphili
1364 2396 1599 2442 conscripsit:
1627 2407 1720 2430 cun-

250 2444 315 2476 ctis
343 2449 460 2477 autem
501 2454 593 2489 quae
619 2444 813 2477 necessitas
848 2443 1057 2489 postulabat
1081 2443 1408 2477 Christianissimus
1449 2444 1648 2489 imperator
1673 2444 1721 2479 Ιί-

249 2490 421 2525 beraliter
462 2490 726 2536 suppeditabat.
798 2496 920 2524 sancta
967 2491 1057 2523 haec
1094 2497 1132 2524 et
1180 2492 1397 2525 universalis
1431 2491 1590 2535 synodus
1635 2503 1719 2525 san-

250 2543 328 2572 ctae
355 2545 388 2572 et
431 2538 749 2572 consubstantialis
785 2539 955 2572 trinitatis
993 2538 1129 2572 auxilio
1159 2540 1279 2572 Arium
1326 2545 1363 2573 et
1393 2541 1468 2573 eius
1512 2541 1719 2574 sententiae

249 2591 442 2620 sectatores
476 2586 676 2620 damnavit:
718 2586 909 2620 Eusebium
946 2586 1180 2620 Nicomediae
1219 2593 1255 2620 et
1284 2586 1475 2621 adiunctos
1501 2588 1534 2621 ei
1580 2588 1717 2629 socios,

249 2633 394 2679 dempto
423 2640 545 2668 tamen
579 2634 734 2667 Eusebio
769 2633 971 2679 Pamphili,
1010 2635 1071 2680 qui
1095 2634 1216 2680 quoad
1242 2634 1335 2668 illud
1363 2641 1505 2681 tempus
1533 2635 1717 2669 homousii

249 2681 423 2715 vocabulo
451 2681 618 2727 praebuit
633 2693 828 2723 assensum,
844 2693 1098 2715 communione
1122 2681 1336 2716 interdictos
1362 2683 1462 2717 misit
1490 2683 1528 2716 in
1555 2683 1718 2724 exilium,

251 2730 386 2762 sancita
416 2735 542 2762 cuncta
578 2729 829 2763 laudatissimo
867 2730 1085 2775 imperatore
1126 2729 1367 2763 Constantino
1414 2742 1478 2764 sua
1512 2731 1718 2777 praesentia

250 2776 437 2818 firmante,
475 2776 715 2824 omnibusque
759 2788 852 2823 quae
878 2777 946 2810 deo
972 2776 1093 2811 forent
1124 2788 1282 2811 consona
1308 2778 1539 2824 opitulante·
1569 2779 1721 2824 insuper
