<?xml version="1.0" encoding="UTF-8"?>
<!DOCTYPE html PUBLIC "-//W3C//DTD XHTML 1.0 Transitional//EN"
    "http://www.w3.org/TR/xhtml1/DTD/xhtml1-transitional.dtd">
<html xmlns="http://www.w3.org/1999/xhtml" xml:lang="en" lang="en">
 <head>
  <title>
</title>
<meta http-equiv="Content-Type" content="text/html;charset=utf-8" />
  <meta name='ocr-system' content='tesseract 3.04.00' />
  <meta name='ocr-capabilities' content='ocr_page ocr_carea ocr_par ocr_line ocrx_word'/>
</head>
<body>
  <div class='ocr_page' id='page_1' title='image "./corpusscriptorum46niebuoft_0670.png"; bbox 0 0 1768 3106; ppageno 0'>
   <div class='ocr_carea' id='block_1_1' title="bbox 253 146 1159 204">
    <p class='ocr_par' dir='ltr' id='par_1_1' title="bbox 253 146 1159 204">
     <span class='ocr_line' id='line_1_1' title="bbox 253 146 1159 204; baseline 0.003 -4"><span class='ocrx_word' id='word_1_1' title='bbox 253 146 368 200; x_wconf 80' lang='lat'><strong>610</strong></span> <span class='ocrx_word' id='word_1_2' title='bbox 812 162 1159 204; x_wconf 76' lang='lat' dir='ltr'><strong>THEOPHAle</strong></span> 
     </span>
    </p>
   </div>
   <div class='ocr_carea' id='block_1_2' title="bbox 1362 259 1436 275">
    <p class='ocr_par' dir='ltr' id='par_1_2' title="bbox 1362 259 1436 275">
     <span class='ocr_line' id='line_1_2' title="bbox 1362 259 1436 275; baseline 0.014 -1"><span class='ocrx_word' id='word_1_3' title='bbox 1362 259 1436 275; x_wconf 68' lang='lat' dir='ltr'><strong>u’}</strong></span> 
     </span>
    </p>
   </div>
   <div class='ocr_carea' id='block_1_3' title="bbox 188 258 1768 1604">
    <p class='ocr_par' dir='ltr' id='par_1_3' title="bbox 211 258 1768 996">
     <span class='ocr_line' id='line_1_3' title="bbox 211 258 1719 320; baseline -0.005 -10"><span class='ocrx_word' id='word_1_4' title='bbox 211 266 350 318; x_wconf 72' lang='grc' dir='ltr'><strong>ρ’[ζίδ</strong></span> <span class='ocrx_word' id='word_1_5' title='bbox 377 262 484 318; x_wconf 78' lang='grc' dir='ltr'><strong><em>μετὰ</em></strong></span> <span class='ocrx_word' id='word_1_6' title='bbox 513 261 660 319; x_wconf 70' lang='grc' dir='ltr'><strong><em>ἑτέρου</em></strong></span> <span class='ocrx_word' id='word_1_7' title='bbox 689 261 842 305; x_wconf 83' lang='grc' dir='ltr'><strong><em>στόλου</em></strong></span> <span class='ocrx_word' id='word_1_8' title='bbox 863 265 1101 313; x_wconf 74' lang='grc' dir='ltr'><strong><em>κτισθέντος</em></strong></span> <span class='ocrx_word' id='word_1_9' title='bbox 1127 264 1171 304; x_wconf 83' lang='grc' dir='ltr'><strong><em>ἐν</em></strong></span> <span class='ocrx_word' id='word_1_10' title='bbox 1193 258 1380 320; x_wconf 83' lang='grc' dir='ltr'><strong><em>Ἀφρικῃ</em></strong></span> <span class='ocrx_word' id='word_1_11' title='bbox 1408 279 1519 318; x_wconf 80' lang='grc' dir='ltr'><strong><em>εχων</em></strong></span> <span class='ocrx_word' id='word_1_12' title='bbox 1541 264 1614 306; x_wconf 88' lang='grc' dir='ltr'>καί</span> <span class='ocrx_word' id='word_1_13' title='bbox 1641 264 1719 306; x_wconf 69' lang='grc' dir='ltr'><strong><em>αὖ-</em></strong></span> 
     </span>
     <span class='ocr_line' id='line_1_4' title="bbox 248 328 1718 386; baseline -0.001 -11"><span class='ocrx_word' id='word_1_14' title='bbox 248 332 320 382; x_wconf 81' lang='grc' dir='ltr'><strong>τὸς</strong></span> <span class='ocrx_word' id='word_1_15' title='bbox 348 332 518 382; x_wconf 86' lang='grc' dir='ltr'><strong><em>κατι’νας</em></strong></span> <span class='ocrx_word' id='word_1_16' title='bbox 542 332 786 386; x_wconf 79' lang='grc' dir='ltr'><strong><em>τριακοσίας</em></strong></span> <span class='ocrx_word' id='word_1_17' title='bbox 813 328 1007 385; x_wconf 68' lang='grc' dir='ltr'><strong><em>ἑξήκοντα</em></strong></span> <span class='ocrx_word' id='word_1_18' title='bbox 1036 329 1305 385; x_wconf 74' lang='grc' dir='ltr'><strong><em>ἅρμαμέντον</em></strong></span> <span class='ocrx_word' id='word_1_19' title='bbox 1330 345 1375 372; x_wconf 87' lang='grc' dir='ltr'><strong>τε</strong></span> <span class='ocrx_word' id='word_1_20' title='bbox 1410 331 1484 372; x_wconf 81' lang='grc' dir='ltr'><em>καί</em></span> <span class='ocrx_word' id='word_1_21' title='bbox 1511 330 1718 382; x_wconf 70' lang='grc' dir='ltr'><strong><em>δαπάνας.</em></strong></span> 
     </span>
     <span class='ocr_line' id='line_1_5' title="bbox 245 394 1720 454; baseline -0.001 -12"><span class='ocrx_word' id='word_1_22' title='bbox 245 400 404 454; x_wconf 75' lang='grc' dir='ltr'><strong><em>ὁμοίως</em></strong></span> <span class='ocrx_word' id='word_1_23' title='bbox 435 400 510 442; x_wconf 85' lang='grc' dir='ltr'><em>καί</em></span> <span class='ocrx_word' id='word_1_24' title='bbox 534 398 666 448; x_wconf 69' lang='grc' dir='ltr'><strong><em>αὐτὸς</em></strong></span> <span class='ocrx_word' id='word_1_25' title='bbox 693 397 743 440; x_wconf 74' lang='grc' dir='ltr'><strong>τά</strong></span> <span class='ocrx_word' id='word_1_26' title='bbox 778 394 887 440; x_wconf 75' lang='grc' dir='ltr'><strong><em>αὐτὰ</em></strong></span> <span class='ocrx_word' id='word_1_27' title='bbox 918 396 1181 452; x_wconf 74' lang='grc' dir='ltr'><strong><em>μεμαθηκώς</em></strong></span> <span class='ocrx_word' id='word_1_28' title='bbox 1210 400 1308 452; x_wconf 86' lang='grc' dir='ltr'><strong>περί</strong></span> <span class='ocrx_word' id='word_1_29' title='bbox 1333 399 1411 440; x_wconf 80' lang='grc' dir='ltr'><strong>τοῦ</strong></span> <span class='ocrx_word' id='word_1_30' title='bbox 1428 398 1565 454; x_wconf 74' lang='grc' dir='ltr'><strong><em>ὑγροῦ</em></strong></span> <span class='ocrx_word' id='word_1_31' title='bbox 1584 399 1720 453; x_wconf 80' lang='grc' dir='ltr'><strong><em>πυρὸς</em></strong></span> 
     </span>
     <span class='ocr_line' id='line_1_6' title="bbox 243 463 1717 523; baseline -0.001 -14"><span class='ocrx_word' id='word_1_32' title='bbox 243 467 544 523; x_wconf 78' lang='grc' dir='ltr'><strong><em>προσώρμισεν</em></strong></span> <span class='ocrx_word' id='word_1_33' title='bbox 575 467 634 515; x_wconf 79' lang='grc' dir='ltr'><strong>εἰς</strong></span> <span class='ocrx_word' id='word_1_34' title='bbox 663 464 738 508; x_wconf 80' lang='grc' dir='ltr'><strong>τὸν</strong></span> <span class='ocrx_word' id='word_1_35' title='bbox 767 463 964 518; x_wconf 46' lang='grc' dir='ltr'><strong><em>άάτυρον</em></strong></span> <span class='ocrx_word' id='word_1_36' title='bbox 1004 467 1078 506; x_wconf 76' lang='grc' dir='ltr'><strong><em>καί</em></strong></span> <span class='ocrx_word' id='word_1_37' title='bbox 1107 463 1258 519; x_wconf 82' lang='grc' dir='ltr'><strong><em>Βρύαν</em></strong></span> <span class='ocrx_word' id='word_1_38' title='bbox 1289 467 1362 506; x_wconf 82' lang='grc' dir='ltr'>καί</span> <span class='ocrx_word' id='word_1_39' title='bbox 1388 463 1466 514; x_wconf 74' lang='grc' dir='ltr'><strong>ἕως</strong></span> <span class='ocrx_word' id='word_1_40' title='bbox 1494 468 1717 519; x_wconf 85' lang='grc' dir='ltr'><strong><em>Καρταλι-</em></strong></span> 
     </span>
     <span class='ocr_line' id='line_1_7' title="bbox 241 529 1756 590; baseline -0.003 -12"><span class='ocrx_word' id='word_1_41' title='bbox 241 538 378 590; x_wconf 86' lang='grc' dir='ltr'><strong><em>μένος.</em></strong></span> <span class='ocrx_word' id='word_1_42' title='bbox 448 534 487 576; x_wconf 87' lang='grc' dir='ltr'><strong><em>οἱ</em></strong></span> <span class='ocrx_word' id='word_1_43' title='bbox 527 535 573 576; x_wconf 77' lang='grc' dir='ltr'><strong>δὲ</strong></span> <span class='ocrx_word' id='word_1_44' title='bbox 613 535 699 575; x_wconf 78' lang='grc' dir='ltr'><strong>τῶν</strong></span> <span class='ocrx_word' id='word_1_45' title='bbox 729 532 808 575; x_wconf 76' lang='grc' dir='ltr'><strong><em>δύο</em></strong></span> <span class='ocrx_word' id='word_1_46' title='bbox 840 529 1000 574; x_wconf 85' lang='grc' dir='ltr'><strong><em>στόλων</em></strong></span> <span class='ocrx_word' id='word_1_47' title='bbox 1036 530 1196 574; x_wconf 81' lang='grc' dir='ltr'><strong><em>τούτων</em></strong></span> <span class='ocrx_word' id='word_1_48' title='bbox 1225 529 1455 587; x_wconf 80' lang='grc' dir='ltr'><strong><em>Αἰγύπτιοι</em></strong></span> <span class='ocrx_word' id='word_1_49' title='bbox 1485 534 1582 575; x_wconf 78' lang='grc' dir='ltr'><strong><em>καθ’</em></strong></span> <span class='ocrx_word' id='word_1_50' title='bbox 1614 530 1756 581; x_wconf 65' lang='grc' dir='ltr'><strong><em>ἕσιν-5</em></strong></span> 
     </span>
     <span class='ocr_line' id='line_1_8' title="bbox 240 594 1718 657; baseline -0.003 -11"><span class='ocrx_word' id='word_1_51' title='bbox 240 602 337 653; x_wconf 76' lang='grc' dir='ltr'><strong>τούς</strong></span> <span class='ocrx_word' id='word_1_52' title='bbox 366 599 702 657; x_wconf 79' lang='grc' dir='ltr'><strong><em>βουλευσάμενοι</em></strong></span> <span class='ocrx_word' id='word_1_53' title='bbox 730 597 880 649; x_wconf 76' lang='grc' dir='ltr'><strong><em>νυκτὸς</em></strong></span> <span class='ocrx_word' id='word_1_54' title='bbox 910 597 1010 649; x_wconf 79' lang='grc' dir='ltr'><strong>τούς</strong></span> <span class='ocrx_word' id='word_1_55' title='bbox 1026 601 1108 642; x_wconf 77' lang='grc' dir='ltr'><strong>τῶν</strong></span> <span class='ocrx_word' id='word_1_56' title='bbox 1125 599 1306 642; x_wconf 87' lang='grc' dir='ltr'><strong><em>κατι’νων</em></strong></span> <span class='ocrx_word' id='word_1_57' title='bbox 1321 601 1559 649; x_wconf 75' lang='grc' dir='ltr'><strong><em>σανδάλους</em></strong></span> <span class='ocrx_word' id='word_1_58' title='bbox 1587 594 1718 653; x_wconf 65' lang='grc' dir='ltr'><strong><em>ἄραν-</em></strong></span> 
     </span>
     <span class='ocr_line' id='line_1_9' title="bbox 239 663 1717 728; baseline -0.003 -14"><span class='ocrx_word' id='word_1_59' title='bbox 239 687 308 721; x_wconf 84' lang='grc' dir='ltr'><strong>τες</strong></span> <span class='ocrx_word' id='word_1_60' title='bbox 335 673 380 713; x_wconf 84' lang='grc' dir='ltr'><strong><em>ἐν</em></strong></span> <span class='ocrx_word' id='word_1_61' title='bbox 408 671 462 728; x_wconf 84' lang='grc' dir='ltr'><strong>τῇ</strong></span> <span class='ocrx_word' id='word_1_62' title='bbox 494 667 614 711; x_wconf 84' lang='grc' dir='ltr'><strong><em>πόλει</em></strong></span> <span class='ocrx_word' id='word_1_63' title='bbox 646 670 916 724; x_wconf 79' lang='grc' dir='ltr'><em>προσέφυγον</em></span> <span class='ocrx_word' id='word_1_64' title='bbox 943 665 1018 710; x_wconf 85' lang='grc' dir='ltr'><strong>τὸν</strong></span> <span class='ocrx_word' id='word_1_65' title='bbox 1062 669 1243 721; x_wconf 80' lang='grc' dir='ltr'><strong><em>βασιλέα</em></strong></span> <span class='ocrx_word' id='word_1_66' title='bbox 1275 668 1575 724; x_wconf 72' lang='grc' dir='ltr'><strong><em>εὕφημοῦντες,</em></strong></span> <span class='ocrx_word' id='word_1_67' title='bbox 1607 663 1717 709; x_wconf 74' lang='grc' dir='ltr'><strong><em>ὥστε</em></strong></span> 
     </span>
     <span class='ocr_line' id='line_1_10' title="bbox 238 731 1716 792; baseline -0.003 -13"><span class='ocrx_word' id='word_1_68' title='bbox 238 738 322 781; x_wconf 69' lang='grc' dir='ltr'><strong>ἀπὸ</strong></span> <span class='ocrx_word' id='word_1_69' title='bbox 353 739 427 792; x_wconf 78' lang='grc' dir='ltr'><strong>τῆς</strong></span> <span class='ocrx_word' id='word_1_70' title='bbox 452 736 629 791; x_wconf 65' lang='grc' dir='ltr'><strong><em>Ἱερείας</em></strong></span> <span class='ocrx_word' id='word_1_71' title='bbox 649 738 728 784; x_wconf 72' lang='grc' dir='ltr'><strong>ἕως</strong></span> <span class='ocrx_word' id='word_1_72' title='bbox 754 737 829 791; x_wconf 81' lang='grc' dir='ltr'><strong><em>τῆς</em></strong></span> <span class='ocrx_word' id='word_1_73' title='bbox 860 734 1022 784; x_wconf 81' lang='grc' dir='ltr'><strong><em>πόλεως</em></strong></span> <span class='ocrx_word' id='word_1_74' title='bbox 1051 731 1248 786; x_wconf 80' lang='grc' dir='ltr'><strong><em>ὁλόξυλον</em></strong></span> <span class='ocrx_word' id='word_1_75' title='bbox 1267 737 1502 790; x_wconf 78' lang='grc' dir='ltr'><strong><em>φαίνεσθαι</em></strong></span> <span class='ocrx_word' id='word_1_76' title='bbox 1529 734 1606 789; x_wconf 75' lang='grc' dir='ltr'><strong>τὴν</strong></span> <span class='ocrx_word' id='word_1_77' title='bbox 1635 734 1716 775; x_wconf 76' lang='grc' dir='ltr'><strong>θά-</strong></span> 
     </span>
     <span class='ocr_line' id='line_1_11' title="bbox 236 799 1713 859; baseline -0.007 -9"><span class='ocrx_word' id='word_1_78' title='bbox 236 811 417 850; x_wconf 83' lang='grc' dir='ltr'><strong><em>λασσαν.</em></strong></span> <span class='ocrx_word' id='word_1_79' title='bbox 476 802 631 859; x_wconf 73' lang='grc' dir='ltr'><strong><em>μαθών</em></strong></span> <span class='ocrx_word' id='word_1_80' title='bbox 661 805 708 846; x_wconf 76' lang='grc' dir='ltr'><strong>δὲ</strong></span> <span class='ocrx_word' id='word_1_81' title='bbox 735 804 793 845; x_wconf 77' lang='grc' dir='ltr'><strong><em>δι’</em></strong></span> <span class='ocrx_word' id='word_1_82' title='bbox 821 802 963 844; x_wconf 71' lang='grc' dir='ltr'><strong><em>αὕτῶν</em></strong></span> <span class='ocrx_word' id='word_1_83' title='bbox 1006 799 1027 842; x_wconf 79' lang='grc' dir='ltr'><strong>ὅ</strong></span> <span class='ocrx_word' id='word_1_84' title='bbox 1057 799 1262 856; x_wconf 76' lang='grc' dir='ltr'><strong><em>βασιλεῦς</em></strong></span> <span class='ocrx_word' id='word_1_85' title='bbox 1292 804 1391 857; x_wconf 73' lang='grc' dir='ltr'><strong><em>περὶ</em></strong></span> <span class='ocrx_word' id='word_1_86' title='bbox 1417 803 1499 844; x_wconf 73' lang='grc' dir='ltr'><strong>τῶν</strong></span> <span class='ocrx_word' id='word_1_87' title='bbox 1526 817 1713 857; x_wconf 81' lang='grc' dir='ltr'><strong><em>κρυπτο-</em></strong></span> 
     </span>
     <span class='ocr_line' id='line_1_12' title="bbox 236 867 1768 928; baseline -0.004 -12"><span class='ocrx_word' id='word_1_88' title='bbox 236 876 373 928; x_wconf 83' lang='grc' dir='ltr'><strong><em>μένων</em></strong></span> <span class='ocrx_word' id='word_1_89' title='bbox 403 869 480 914; x_wconf 76' lang='grc' dir='ltr'><strong><em>δύο</em></strong></span> <span class='ocrx_word' id='word_1_90' title='bbox 509 871 668 915; x_wconf 80' lang='grc' dir='ltr'><strong><em>στόλων</em></strong></span> <span class='ocrx_word' id='word_1_91' title='bbox 697 873 742 913; x_wconf 80' lang='grc' dir='ltr'><strong><em>ἐν</em></strong></span> <span class='ocrx_word' id='word_1_92' title='bbox 770 871 826 928; x_wconf 76' lang='grc' dir='ltr'><strong>τῷ</strong></span> <span class='ocrx_word' id='word_1_93' title='bbox 849 869 1000 928; x_wconf 77' lang='grc' dir='ltr'><strong><em>κόλπῳ,</em></strong></span> <span class='ocrx_word' id='word_1_94' title='bbox 1028 872 1219 926; x_wconf 85' lang='grc' dir='ltr'><strong><em>σι’φωνας</em></strong></span> <span class='ocrx_word' id='word_1_95' title='bbox 1249 867 1551 925; x_wconf 81' lang='grc' dir='ltr'><strong><em>πυρσοφόρους</em></strong></span> <span class='ocrx_word' id='word_1_96' title='bbox 1581 886 1711 911; x_wconf 87' lang='grc' dir='ltr'><strong><em>κατα-</em></strong></span> <span class='ocrx_word' id='word_1_97' title='bbox 1732 885 1768 915; x_wconf 73' lang='grc' dir='ltr'><strong><em>ιε</em></strong></span> 
     </span>
     <span class='ocr_line' id='line_1_13' title="bbox 234 934 1711 996; baseline -0.003 -13"><span class='ocrx_word' id='word_1_98' title='bbox 234 939 462 996; x_wconf 81' lang='grc' dir='ltr'><strong><em>σκευάσας,</em></strong></span> <span class='ocrx_word' id='word_1_99' title='bbox 491 941 552 989; x_wconf 82' lang='grc' dir='ltr'><strong>εἰς</strong></span> <span class='ocrx_word' id='word_1_100' title='bbox 570 936 792 994; x_wconf 77' lang='grc' dir='ltr'><strong><em>δρόμωνᾰς</em></strong></span> <span class='ocrx_word' id='word_1_101' title='bbox 811 952 855 980; x_wconf 82' lang='grc' dir='ltr'><strong>τε</strong></span> <span class='ocrx_word' id='word_1_102' title='bbox 875 939 947 980; x_wconf 84' lang='grc' dir='ltr'><em>καί</em></span> <span class='ocrx_word' id='word_1_103' title='bbox 967 935 1127 991; x_wconf 80' lang='grc' dir='ltr'><strong><em>διήρεις</em></strong></span> <span class='ocrx_word' id='word_1_104' title='bbox 1158 935 1335 986; x_wconf 79' lang='grc' dir='ltr'><strong><em>τούτους</em></strong></span> <span class='ocrx_word' id='word_1_105' title='bbox 1365 934 1574 991; x_wconf 79' lang='grc' dir='ltr'><strong><em>ἐμβαλών,</em></strong></span> <span class='ocrx_word' id='word_1_106' title='bbox 1604 936 1711 978; x_wconf 77' lang='grc' dir='ltr'><strong><em>κατὰ</em></strong></span> 
     </span>
    </p>

    <p class='ocr_par' dir='ltr' id='par_1_4' title="bbox 188 1001 1768 1604">
     <span class='ocr_line' id='line_1_14' title="bbox 188 1001 1709 1059; baseline -0.003 -8"><span class='ocrx_word' id='word_1_107' title='bbox 188 1012 320 1055; x_wconf 79' lang='grc' dir='ltr'><strong><em>Βτῶν</em></strong></span> <span class='ocrx_word' id='word_1_108' title='bbox 349 1007 427 1050; x_wconf 72' lang='grc' dir='ltr'><strong><em>δυ’-ο</em></strong></span> <span class='ocrx_word' id='word_1_109' title='bbox 458 1006 619 1049; x_wconf 80' lang='grc' dir='ltr'><strong><em>στόλων</em></strong></span> <span class='ocrx_word' id='word_1_110' title='bbox 648 1009 895 1059; x_wconf 80' lang='grc' dir='ltr'><strong><em>ἐξέπεμψεν.</em></strong></span> <span class='ocrx_word' id='word_1_111' title='bbox 970 1006 1047 1047; x_wconf 83' lang='grc' dir='ltr'><strong>τοῦ</strong></span> <span class='ocrx_word' id='word_1_112' title='bbox 1077 1006 1123 1047; x_wconf 76' lang='grc' dir='ltr'><strong>δὲ</strong></span> <span class='ocrx_word' id='word_1_113' title='bbox 1152 1004 1258 1046; x_wconf 75' lang='grc' dir='ltr'><strong><em>θεοῦ</em></strong></span> <span class='ocrx_word' id='word_1_114' title='bbox 1280 1001 1610 1059; x_wconf 75' lang='grc' dir='ltr'><strong><em>συνεργήσαντος</em></strong></span> <span class='ocrx_word' id='word_1_115' title='bbox 1638 1003 1709 1047; x_wconf 76' lang='grc' dir='ltr'><strong><em>διὰ</em></strong></span> 
     </span>
     <span class='ocr_line' id='line_1_15' title="bbox 232 1069 1711 1131; baseline -0.003 -12"><span class='ocrx_word' id='word_1_116' title='bbox 232 1078 319 1119; x_wconf 75' lang='grc' dir='ltr'><strong>τῶν</strong></span> <span class='ocrx_word' id='word_1_117' title='bbox 359 1076 595 1131; x_wconf 79' lang='grc' dir='ltr'><strong><em>πρεσβειῶν</em></strong></span> <span class='ocrx_word' id='word_1_118' title='bbox 633 1076 710 1130; x_wconf 86' lang='grc' dir='ltr'><strong>τῆς</strong></span> <span class='ocrx_word' id='word_1_119' title='bbox 737 1070 1037 1128; x_wconf 80' lang='grc' dir='ltr'><strong><em>παναχράντου</em></strong></span> <span class='ocrx_word' id='word_1_120' title='bbox 1070 1069 1269 1114; x_wconf 74' lang='grc' dir='ltr'><strong><em>θεοτόκου</em></strong></span> <span class='ocrx_word' id='word_1_121' title='bbox 1307 1073 1532 1122; x_wconf 76' lang='grc' dir='ltr'><strong><em>ἐπιτοπίως</em></strong></span> <span class='ocrx_word' id='word_1_122' title='bbox 1559 1072 1711 1126; x_wconf 67' lang='grc' dir='ltr'><strong><em>ἐβυθί-</em></strong></span> 
     </span>
     <span class='ocr_line' id='line_1_16' title="bbox 230 1138 1712 1199; baseline -0.003 -13"><span class='ocrx_word' id='word_1_123' title='bbox 230 1148 398 1199; x_wconf 75' lang='grc' dir='ltr'><strong><em>σθησαν</em></strong></span> <span class='ocrx_word' id='word_1_124' title='bbox 428 1142 468 1185; x_wconf 80' lang='grc' dir='ltr'><strong><em>οἱ</em></strong></span> <span class='ocrx_word' id='word_1_125' title='bbox 496 1143 675 1198; x_wconf 71' lang='grc' dir='ltr'><strong><em>ἐχθροί·</em></strong></span> <span class='ocrx_word' id='word_1_126' title='bbox 742 1140 816 1184; x_wconf 84' lang='grc' dir='ltr'><em>καί</em></span> <span class='ocrx_word' id='word_1_127' title='bbox 847 1140 1049 1195; x_wconf 79' lang='grc' dir='ltr'><strong><em>λαβόντες</em></strong></span> <span class='ocrx_word' id='word_1_128' title='bbox 1086 1139 1139 1182; x_wconf 78' lang='grc' dir='ltr'><strong>τὰ</strong></span> <span class='ocrx_word' id='word_1_129' title='bbox 1172 1142 1308 1182; x_wconf 81' lang='grc' dir='ltr'><strong><em>σκῦλα</em></strong></span> <span class='ocrx_word' id='word_1_130' title='bbox 1347 1138 1386 1182; x_wconf 84' lang='grc' dir='ltr'><strong><em>οἱ</em></strong></span> <span class='ocrx_word' id='word_1_131' title='bbox 1412 1138 1611 1195; x_wconf 75' lang='grc' dir='ltr'><strong><em>ἡμέτεροι</em></strong></span> <span class='ocrx_word' id='word_1_132' title='bbox 1637 1142 1712 1182; x_wconf 84' lang='grc' dir='ltr'><em>καί</em></span> 
     </span>
     <span class='ocr_line' id='line_1_17' title="bbox 228 1205 1768 1264; baseline -0.003 -11"><span class='ocrx_word' id='word_1_133' title='bbox 228 1210 307 1262; x_wconf 72' lang='grc' dir='ltr'><strong>τὰς</strong></span> <span class='ocrx_word' id='word_1_134' title='bbox 337 1208 531 1260; x_wconf 75' lang='grc' dir='ltr'><strong><em>δαπάνας</em></strong></span> <span class='ocrx_word' id='word_1_135' title='bbox 576 1210 718 1253; x_wconf 74' lang='grc' dir='ltr'><strong><em>αὐτῶν</em></strong></span> <span class='ocrx_word' id='word_1_136' title='bbox 761 1206 870 1263; x_wconf 82' lang='grc' dir='ltr'><strong><em>μετὰ</em></strong></span> <span class='ocrx_word' id='word_1_137' title='bbox 898 1210 1036 1263; x_wconf 78' lang='grc' dir='ltr'><strong><em>χαρᾶς</em></strong></span> <span class='ocrx_word' id='word_1_138' title='bbox 1061 1209 1137 1250; x_wconf 76' lang='grc' dir='ltr'>καί</span> <span class='ocrx_word' id='word_1_139' title='bbox 1161 1209 1275 1263; x_wconf 80' lang='grc' dir='ltr'><strong><em>νίκης</em></strong></span> <span class='ocrx_word' id='word_1_140' title='bbox 1303 1207 1588 1264; x_wconf 73' lang='grc' dir='ltr'><strong><em>ὑπέστρεψαν.</em></strong></span> <span class='ocrx_word' id='word_1_141' title='bbox 1644 1205 1707 1250; x_wconf 80' lang='grc' dir='ltr'><strong>ἔτι</strong></span> <span class='ocrx_word' id='word_1_142' title='bbox 1730 1206 1768 1248; x_wconf 72' lang='grc'><strong>15</strong></span> 
     </span>
     <span class='ocr_line' id='line_1_18' title="bbox 229 1274 1709 1334; baseline -0.003 -14"><span class='ocrx_word' id='word_1_143' title='bbox 229 1280 278 1321; x_wconf 78' lang='grc' dir='ltr'><strong>δὲ</strong></span> <span class='ocrx_word' id='word_1_144' title='bbox 308 1277 555 1320; x_wconf 78' lang='grc' dir='ltr'><strong><em>πάλιντοῦ</em></strong></span> <span class='ocrx_word' id='word_1_145' title='bbox 592 1278 837 1332; x_wconf 77' lang='grc' dir='ltr'><strong><em>Μερδασᾶν</em></strong></span> <span class='ocrx_word' id='word_1_146' title='bbox 883 1274 966 1318; x_wconf 81' lang='grc' dir='ltr'><strong><em>α’πὸ</em></strong></span> <span class='ocrx_word' id='word_1_147' title='bbox 1005 1276 1170 1319; x_wconf 78' lang='grc' dir='ltr'><strong><em>Πυλῶν</em></strong></span> <span class='ocrx_word' id='word_1_148' title='bbox 1210 1274 1292 1317; x_wconf 77' lang='grc' dir='ltr'><strong><em>σὺν</em></strong></span> <span class='ocrx_word' id='word_1_149' title='bbox 1331 1276 1390 1333; x_wconf 78' lang='grc' dir='ltr'><strong>τῷ</strong></span> <span class='ocrx_word' id='word_1_150' title='bbox 1429 1277 1598 1334; x_wconf 72' lang='grc' dir='ltr'><strong><em>στρατῷ</em></strong></span> <span class='ocrx_word' id='word_1_151' title='bbox 1626 1277 1709 1316; x_wconf 73' lang='grc' dir='ltr'><strong>τῶν</strong></span> 
     </span>
     <span class='ocr_line' id='line_1_19' title="bbox 226 1341 1709 1400; baseline -0.003 -11"><span class='ocrx_word' id='word_1_152' title='bbox 226 1346 424 1400; x_wconf 80' lang='grc' dir='ltr'><strong><em>Ἀράβων</em></strong></span> <span class='ocrx_word' id='word_1_153' title='bbox 460 1344 539 1394; x_wconf 73' lang='grc' dir='ltr'><strong>ἕως</strong></span> <span class='ocrx_word' id='word_1_154' title='bbox 580 1348 769 1396; x_wconf 79' lang='grc' dir='ltr'><strong><em>Νικαίας</em></strong></span> <span class='ocrx_word' id='word_1_155' title='bbox 798 1343 872 1387; x_wconf 85' lang='grc' dir='ltr'>καί</span> <span class='ocrx_word' id='word_1_156' title='bbox 911 1342 1202 1399; x_wconf 70' lang='grc' dir='ltr'><strong><em>Νικομηδείας</em></strong></span> <span class='ocrx_word' id='word_1_157' title='bbox 1242 1343 1553 1398; x_wconf 75' lang='grc' dir='ltr'><strong><em>διατρέχοντος,</em></strong></span> <span class='ocrx_word' id='word_1_158' title='bbox 1595 1341 1634 1385; x_wconf 84' lang='grc' dir='ltr'><strong><em>οἱ</em></strong></span> <span class='ocrx_word' id='word_1_159' title='bbox 1664 1345 1709 1385; x_wconf 79' lang='grc' dir='ltr'><strong><em>ἐν</em></strong></span> 
     </span>
     <span class='ocr_line' id='line_1_20' title="bbox 227 1409 1708 1471; baseline -0.005 -14"><span class='ocrx_word' id='word_1_160' title='bbox 227 1415 287 1471; x_wconf 76' lang='grc' dir='ltr'><strong>τῷ</strong></span> <span class='ocrx_word' id='word_1_161' title='bbox 317 1414 442 1470; x_wconf 72' lang='grc' dir='ltr'><strong><em>Λιβῷ</em></strong></span> <span class='ocrx_word' id='word_1_162' title='bbox 474 1415 547 1455; x_wconf 84' lang='grc' dir='ltr'><em>καί</em></span> <span class='ocrx_word' id='word_1_163' title='bbox 577 1413 750 1469; x_wconf 77' lang='grc' dir='ltr'><strong><em>Σόφωνι</em></strong></span> <span class='ocrx_word' id='word_1_164' title='bbox 780 1414 898 1468; x_wconf 74' lang='grc' dir='ltr'><strong><em>δίκην</em></strong></span> <span class='ocrx_word' id='word_1_165' title='bbox 927 1411 1194 1465; x_wconf 77' lang='grc' dir='ltr'><strong><em>Μαρδαϊταῖν</em></strong></span> <span class='ocrx_word' id='word_1_166' title='bbox 1233 1409 1512 1465; x_wconf 82' lang='grc' dir='ltr'><strong><em>κρυπτόμενοι</em></strong></span> <span class='ocrx_word' id='word_1_167' title='bbox 1536 1413 1708 1464; x_wconf 79' lang='grc' dir='ltr'><strong><em>βασιλι-</em></strong></span> 
     </span>
     <span class='ocr_line' id='line_1_21' title="bbox 227 1476 1707 1537; baseline -0.003 -14"><span class='ocrx_word' id='word_1_168' title='bbox 227 1483 293 1523; x_wconf 87' lang='grc' dir='ltr'><strong><em>κοί</em></strong></span> <span class='ocrx_word' id='word_1_169' title='bbox 327 1476 553 1537; x_wconf 73' lang='grc' dir='ltr'><strong><em>ἄρχοντες,</em></strong></span> <span class='ocrx_word' id='word_1_170' title='bbox 582 1483 657 1522; x_wconf 80' lang='grc' dir='ltr'><em>καί</em></span> <span class='ocrx_word' id='word_1_171' title='bbox 696 1478 746 1522; x_wconf 70' lang='grc' dir='ltr'><strong>τά</strong></span> <span class='ocrx_word' id='word_1_172' title='bbox 780 1477 930 1531; x_wconf 76' lang='grc' dir='ltr'><strong><em>πεζικά</em></strong></span> <span class='ocrx_word' id='word_1_173' title='bbox 974 1477 1150 1530; x_wconf 81' lang='grc' dir='ltr'><strong><em>ἐξάπινα</em></strong></span> <span class='ocrx_word' id='word_1_174' title='bbox 1192 1476 1359 1528; x_wconf 78' lang='grc' dir='ltr'><strong><em>τούτοις</em></strong></span> <span class='ocrx_word' id='word_1_175' title='bbox 1394 1478 1707 1533; x_wconf 82' lang='grc' dir='ltr'><strong><em>ἑπιρριήτοντες</em></strong></span> 
     </span>
     <span class='ocr_line' id='line_1_22' title="bbox 225 1542 1768 1604; baseline -0.005 -13"><span class='ocrx_word' id='word_1_176' title='bbox 225 1551 301 1591; x_wconf 79' lang='grc' dir='ltr'><strong><em>καί</em></strong></span> <span class='ocrx_word' id='word_1_177' title='bbox 327 1547 692 1604; x_wconf 78' lang='grc' dir='ltr'><strong><em>κλασματιζοντες,</em></strong></span> <span class='ocrx_word' id='word_1_178' title='bbox 721 1548 884 1590; x_wconf 75' lang='grc' dir='ltr'><strong><em>ἐκεῖθεν</em></strong></span> <span class='ocrx_word' id='word_1_179' title='bbox 909 1547 1156 1603; x_wconf 73' lang='grc' dir='ltr'><strong><em>α’ποδροῖσαι</em></strong></span> <span class='ocrx_word' id='word_1_180' title='bbox 1176 1545 1402 1601; x_wconf 76' lang='grc' dir='ltr'><strong><em>ἐποίησαν·</em></strong></span> <span class='ocrx_word' id='word_1_181' title='bbox 1459 1542 1535 1587; x_wconf 79' lang='grc' dir='ltr'><em>καί</em></span> <span class='ocrx_word' id='word_1_182' title='bbox 1560 1542 1707 1587; x_wconf 81' lang='grc' dir='ltr'><strong><em>λοιπὸν</em></strong></span> <span class='ocrx_word' id='word_1_183' title='bbox 1720 1557 1768 1583; x_wconf 85' lang='lat'><strong>20</strong></span> 
     </span>
    </p>
   </div>
   <div class='ocr_carea' id='block_1_4' title="bbox 321 1664 1705 1865">
    <p class='ocr_par' dir='ltr' id='par_1_5' title="bbox 321 1664 1705 1865">
     <span class='ocr_line' id='line_1_23' title="bbox 329 1664 1705 1720; baseline -0.003 -13"><span class='ocrx_word' id='word_1_184' title='bbox 329 1684 356 1707; x_wconf 84' lang='grc' dir='ltr'><strong><em>ι.</em></strong></span> <span class='ocrx_word' id='word_1_185' title='bbox 382 1670 472 1714; x_wconf 59' lang='lat' dir='ltr'><strong>&#39;Igitr</strong></span> <span class='ocrx_word' id='word_1_186' title='bbox 493 1673 518 1706; x_wconf 84' lang='lat' dir='ltr'>A</span> <span class='ocrx_word' id='word_1_187' title='bbox 546 1673 572 1715; x_wconf 86' lang='lat' dir='ltr'><strong>f,</strong></span> <span class='ocrx_word' id='word_1_188' title='bbox 593 1671 677 1720; x_wconf 78' lang='grc' dir='ltr'><strong>Ἷζὶβ</strong></span> <span class='ocrx_word' id='word_1_189' title='bbox 702 1673 796 1718; x_wconf 84' lang='lat' dir='ltr'><strong>vulg.</strong></span> <span class='ocrx_word' id='word_1_190' title='bbox 941 1673 974 1707; x_wconf 88' lang='grc'><strong>8.</strong></span> <span class='ocrx_word' id='word_1_191' title='bbox 1001 1672 1086 1717; x_wconf 71' lang='grc' dir='ltr'><strong>ἕως]</strong></span> <span class='ocrx_word' id='word_1_192' title='bbox 1111 1671 1223 1719; x_wconf 77' lang='grc' dir='ltr'><strong><em>μέχρι</em></strong></span> <span class='ocrx_word' id='word_1_193' title='bbox 1247 1670 1287 1704; x_wconf 82' lang='lat' dir='ltr'><strong>A.</strong></span> <span class='ocrx_word' id='word_1_194' title='bbox 1421 1680 1457 1714; x_wconf 89' lang='lat'><strong>9.</strong></span> <span class='ocrx_word' id='word_1_195' title='bbox 1483 1668 1503 1706; x_wconf 81' lang='grc' dir='ltr'>ὅ</span> <span class='ocrx_word' id='word_1_196' title='bbox 1530 1664 1705 1715; x_wconf 77' lang='grc' dir='ltr'><strong><em>βασιλεῦς</em></strong></span> 
     </span>
     <span class='ocr_line' id='line_1_24' title="bbox 321 1717 1705 1769; baseline -0.001 -15"><span class='ocrx_word' id='word_1_197' title='bbox 321 1721 406 1756; x_wconf 81' lang='lat' dir='ltr'><strong>add.</strong></span> <span class='ocrx_word' id='word_1_198' title='bbox 437 1732 480 1754; x_wconf 83' lang='lat' dir='ltr'><strong>ex</strong></span> <span class='ocrx_word' id='word_1_199' title='bbox 503 1722 553 1762; x_wconf 88' lang='lat' dir='ltr'><strong>A,</strong></span> <span class='ocrx_word' id='word_1_200' title='bbox 580 1722 668 1755; x_wconf 89' lang='lat' dir='ltr'><strong>item</strong></span> <span class='ocrx_word' id='word_1_201' title='bbox 695 1721 980 1769; x_wconf 82' lang='grc' dir='ltr'><strong><em>κρυπτομένων.</em></strong></span> <span class='ocrx_word' id='word_1_202' title='bbox 1118 1731 1170 1753; x_wconf 85' lang='lat'><strong>12.</strong></span> <span class='ocrx_word' id='word_1_203' title='bbox 1200 1718 1269 1754; x_wconf 86' lang='grc' dir='ltr'><strong>τοῦ</strong></span> <span class='ocrx_word' id='word_1_204' title='bbox 1306 1717 1347 1754; x_wconf 76' lang='grc' dir='ltr'><strong>δὲ</strong></span> <span class='ocrx_word' id='word_1_205' title='bbox 1369 1721 1407 1752; x_wconf 77' lang='grc' dir='ltr'><strong>θ.</strong></span> <span class='ocrx_word' id='word_1_206' title='bbox 1434 1719 1487 1760; x_wconf 92' lang='grc' dir='ltr'><strong>Α,</strong></span> <span class='ocrx_word' id='word_1_207' title='bbox 1510 1719 1576 1753; x_wconf 84' lang='grc' dir='ltr'><strong>τοῦ</strong></span> <span class='ocrx_word' id='word_1_208' title='bbox 1600 1723 1636 1754; x_wconf 74' lang='grc' dir='ltr'><strong>θ.</strong></span> <span class='ocrx_word' id='word_1_209' title='bbox 1664 1718 1705 1752; x_wconf 73' lang='grc' dir='ltr'><strong>δὲ</strong></span> 
     </span>
     <span class='ocr_line' id='line_1_25' title="bbox 321 1766 1704 1815; baseline -0.003 -12"><span class='ocrx_word' id='word_1_210' title='bbox 321 1770 418 1815; x_wconf 81' lang='lat' dir='ltr'><strong>vulg.</strong></span> <span class='ocrx_word' id='word_1_211' title='bbox 522 1770 574 1804; x_wconf 77' lang='lat'><strong>13.</strong></span> <span class='ocrx_word' id='word_1_212' title='bbox 603 1772 680 1807; x_wconf 78' lang='grc' dir='ltr'><strong>τῶν</strong></span> <span class='ocrx_word' id='word_1_213' title='bbox 704 1769 788 1803; x_wconf 81' lang='lat' dir='ltr'><strong>add.</strong></span> <span class='ocrx_word' id='word_1_214' title='bbox 816 1781 861 1803; x_wconf 82' lang='lat' dir='ltr'><strong>ex</strong></span> <span class='ocrx_word' id='word_1_215' title='bbox 885 1770 927 1804; x_wconf 82' lang='lat' dir='ltr'><strong>A.</strong></span> <span class='ocrx_word' id='word_1_216' title='bbox 1030 1767 1301 1815; x_wconf 80' lang='grc' dir='ltr'><strong><em>παναχράντου</em></strong></span> <span class='ocrx_word' id='word_1_217' title='bbox 1329 1766 1411 1801; x_wconf 82' lang='lat' dir='ltr'><strong>add.</strong></span> <span class='ocrx_word' id='word_1_218' title='bbox 1437 1777 1482 1801; x_wconf 77' lang='lat' dir='ltr'><strong>ex</strong></span> <span class='ocrx_word' id='word_1_219' title='bbox 1508 1767 1549 1800; x_wconf 84' lang='lat' dir='ltr'><strong>A.</strong></span> <span class='ocrx_word' id='word_1_220' title='bbox 1652 1769 1704 1800; x_wconf 73' lang='grc' dir='ltr'><strong>ιδ.</strong></span> 
     </span>
     <span class='ocr_line' id='line_1_26' title="bbox 321 1817 543 1865; baseline -0.005 -12"><span class='ocrx_word' id='word_1_221' title='bbox 321 1821 478 1865; x_wconf 83' lang='grc' dir='ltr'><strong><em>Σίφωνι</em></strong></span> <span class='ocrx_word' id='word_1_222' title='bbox 502 1817 543 1852; x_wconf 86' lang='grc' dir='ltr'><strong>Α.</strong></span> 
     </span>
    </p>
   </div>
   <div class='ocr_carea' id='block_1_5' title="bbox 227 1928 1759 2840">
    <p class='ocr_par' dir='ltr' id='par_1_6' title="bbox 227 1928 1759 2840">
     <span class='ocr_line' id='line_1_27' title="bbox 227 1928 1705 1978; baseline -0.005 -11"><span class='ocrx_word' id='word_1_223' title='bbox 227 1934 265 1967; x_wconf 89' lang='lat' dir='ltr'><strong>in</strong></span> <span class='ocrx_word' id='word_1_224' title='bbox 292 1934 413 1967; x_wconf 85' lang='lat' dir='ltr'><strong>Africa</strong></span> <span class='ocrx_word' id='word_1_225' title='bbox 442 1933 619 1974; x_wconf 82' lang='lat' dir='ltr'><strong>collecta,</strong></span> <span class='ocrx_word' id='word_1_226' title='bbox 657 1932 696 1966; x_wconf 89' lang='lat' dir='ltr'><strong>in</strong></span> <span class='ocrx_word' id='word_1_227' title='bbox 731 1942 801 1978; x_wconf 82' lang='lat' dir='ltr'><strong>qua</strong></span> <span class='ocrx_word' id='word_1_228' title='bbox 838 1938 947 1965; x_wconf 85' lang='lat' dir='ltr'><strong>naves</strong></span> <span class='ocrx_word' id='word_1_229' title='bbox 983 1931 1169 1964; x_wconf 87' lang='lat' dir='ltr'><strong>onerariae</strong></span> <span class='ocrx_word' id='word_1_230' title='bbox 1193 1934 1377 1964; x_wconf 82' lang='lat' dir='ltr'><strong>trecentae</strong></span> <span class='ocrx_word' id='word_1_231' title='bbox 1403 1928 1601 1973; x_wconf 82' lang='lat' dir='ltr'>sexaginta,</span> <span class='ocrx_word' id='word_1_232' title='bbox 1624 1939 1705 1961; x_wconf 89' lang='lat' dir='ltr'><strong>cum</strong></span> 
     </span>
     <span class='ocr_line' id='line_1_28' title="bbox 228 1976 1706 2023; baseline -0.005 -8"><span class='ocrx_word' id='word_1_233' title='bbox 228 1992 407 2015; x_wconf 79' lang='lat' dir='ltr'><strong>armorum</strong></span> <span class='ocrx_word' id='word_1_234' title='bbox 435 1987 473 2016; x_wconf 91' lang='lat' dir='ltr'><strong>et</strong></span> <span class='ocrx_word' id='word_1_235' title='bbox 511 1986 731 2015; x_wconf 84' lang='lat' dir='ltr'><strong>commeatus</strong></span> <span class='ocrx_word' id='word_1_236' title='bbox 766 1991 917 2013; x_wconf 88' lang='lat' dir='ltr'><strong>numero</strong></span> <span class='ocrx_word' id='word_1_237' title='bbox 952 1980 1028 2012; x_wconf 85' lang='lat' dir='ltr'><strong>Izib</strong></span> <span class='ocrx_word' id='word_1_238' title='bbox 1057 1978 1196 2012; x_wconf 83' lang='lat' dir='ltr'><strong>adfuit:</strong></span> <span class='ocrx_word' id='word_1_239' title='bbox 1221 1978 1284 2023; x_wconf 88' lang='lat' dir='ltr'><strong>qui</strong></span> <span class='ocrx_word' id='word_1_240' title='bbox 1310 1988 1390 2011; x_wconf 89' lang='lat' dir='ltr'><strong>cum</strong></span> <span class='ocrx_word' id='word_1_241' title='bbox 1417 1976 1544 2010; x_wconf 82' lang='lat' dir='ltr'><strong>eadem</strong></span> <span class='ocrx_word' id='word_1_242' title='bbox 1570 1977 1706 2021; x_wconf 83' lang='lat' dir='ltr'><strong>pariter</strong></span> 
     </span>
     <span class='ocr_line' id='line_1_29' title="bbox 229 2022 1706 2075; baseline -0.005 -12"><span class='ocrx_word' id='word_1_243' title='bbox 229 2029 276 2063; x_wconf 88' lang='lat' dir='ltr'><strong>de</strong></span> <span class='ocrx_word' id='word_1_244' title='bbox 302 2029 445 2075; x_wconf 85' lang='lat' dir='ltr'><strong>liquido</strong></span> <span class='ocrx_word' id='word_1_245' title='bbox 473 2026 557 2074; x_wconf 83' lang='lat' dir='ltr'><strong>igne</strong></span> <span class='ocrx_word' id='word_1_246' title='bbox 583 2028 712 2062; x_wconf 88' lang='lat' dir='ltr'><strong>referri</strong></span> <span class='ocrx_word' id='word_1_247' title='bbox 739 2027 926 2074; x_wconf 77' lang='lat' dir='ltr'><strong>audiisset,</strong></span> <span class='ocrx_word' id='word_1_248' title='bbox 953 2027 999 2060; x_wconf 81' lang='lat' dir='ltr'><strong>ad</strong></span> <span class='ocrx_word' id='word_1_249' title='bbox 1030 2027 1195 2070; x_wconf 85' lang='lat' dir='ltr'>Satyrum</span> <span class='ocrx_word' id='word_1_250' title='bbox 1224 2031 1261 2059; x_wconf 86' lang='lat' dir='ltr'><strong>et</strong></span> <span class='ocrx_word' id='word_1_251' title='bbox 1287 2026 1411 2068; x_wconf 84' lang='lat' dir='ltr'><strong>Bryam</strong></span> <span class='ocrx_word' id='word_1_252' title='bbox 1439 2029 1477 2058; x_wconf 89' lang='lat' dir='ltr'><strong>et</strong></span> <span class='ocrx_word' id='word_1_253' title='bbox 1505 2022 1550 2057; x_wconf 85' lang='lat' dir='ltr'><strong>ad</strong></span> <span class='ocrx_word' id='word_1_254' title='bbox 1578 2024 1706 2058; x_wconf 82' lang='lat' dir='ltr'><strong>Carta-</strong></span> 
     </span>
     <span class='ocr_line' id='line_1_30' title="bbox 229 2071 1705 2123; baseline -0.005 -13"><span class='ocrx_word' id='word_1_255' title='bbox 229 2078 401 2111; x_wconf 88' lang='lat' dir='ltr'><strong>limenem</strong></span> <span class='ocrx_word' id='word_1_256' title='bbox 428 2088 543 2123; x_wconf 87' lang='lat' dir='ltr'><strong>usque</strong></span> <span class='ocrx_word' id='word_1_257' title='bbox 567 2077 721 2122; x_wconf 83' lang='lat' dir='ltr'>appulit.</span> <span class='ocrx_word' id='word_1_258' title='bbox 771 2082 848 2109; x_wconf 84' lang='lat' dir='ltr'><strong>tum</strong></span> <span class='ocrx_word' id='word_1_259' title='bbox 877 2086 961 2108; x_wconf 85' lang='lat' dir='ltr'><strong>vero</strong></span> <span class='ocrx_word' id='word_1_260' title='bbox 988 2075 1156 2120; x_wconf 78' lang='lat' dir='ltr'>Aegyptii</span> <span class='ocrx_word' id='word_1_261' title='bbox 1181 2085 1246 2119; x_wconf 86' lang='lat' dir='ltr'><strong>per</strong></span> <span class='ocrx_word' id='word_1_262' title='bbox 1273 2078 1461 2118; x_wconf 82' lang='lat' dir='ltr'><strong>utramque</strong></span> <span class='ocrx_word' id='word_1_263' title='bbox 1487 2071 1580 2105; x_wconf 88' lang='lat' dir='ltr'><strong>forte</strong></span> <span class='ocrx_word' id='word_1_264' title='bbox 1609 2071 1705 2104; x_wconf 86' lang='lat' dir='ltr'><strong>clas-</strong></span> 
     </span>
     <span class='ocr_line' id='line_1_31' title="bbox 231 2118 1704 2170; baseline -0.004 -12"><span class='ocrx_word' id='word_1_265' title='bbox 231 2137 303 2158; x_wconf 85' lang='lat' dir='ltr'><strong>sem</strong></span> <span class='ocrx_word' id='word_1_266' title='bbox 334 2124 498 2170; x_wconf 80' lang='lat' dir='ltr'><strong>dispersi,</strong></span> <span class='ocrx_word' id='word_1_267' title='bbox 524 2126 678 2158; x_wconf 85' lang='lat' dir='ltr'><strong>consilio</strong></span> <span class='ocrx_word' id='word_1_268' title='bbox 702 2124 856 2159; x_wconf 76' lang='lat' dir='ltr'><strong>solerter</strong></span> <span class='ocrx_word' id='word_1_269' title='bbox 880 2123 986 2164; x_wconf 89' lang='lat' dir='ltr'><strong>inito,</strong></span> <span class='ocrx_word' id='word_1_270' title='bbox 1013 2123 1141 2156; x_wconf 82' lang='lat' dir='ltr'><strong>solutis</strong></span> <span class='ocrx_word' id='word_1_271' title='bbox 1167 2120 1354 2155; x_wconf 86' lang='lat' dir='ltr'><strong>onerariae</strong></span> <span class='ocrx_word' id='word_1_272' title='bbox 1380 2118 1577 2153; x_wconf 88' lang='lat' dir='ltr'><strong>cuiuslibet</strong></span> <span class='ocrx_word' id='word_1_273' title='bbox 1605 2120 1704 2153; x_wconf 88' lang='lat' dir='ltr'><strong>navis</strong></span> 
     </span>
     <span class='ocr_line' id='line_1_32' title="bbox 230 2167 1706 2217; baseline -0.005 -11"><span class='ocrx_word' id='word_1_274' title='bbox 230 2173 416 2212; x_wconf 80' lang='lat' dir='ltr'>lintribus,</span> <span class='ocrx_word' id='word_1_275' title='bbox 444 2173 687 2217; x_wconf 82' lang='lat' dir='ltr'><strong>profugerunt</strong></span> <span class='ocrx_word' id='word_1_276' title='bbox 712 2172 750 2205; x_wconf 88' lang='lat' dir='ltr'><strong>in</strong></span> <span class='ocrx_word' id='word_1_277' title='bbox 776 2171 925 2212; x_wconf 88' lang='lat' dir='ltr'><strong>urbem,</strong></span> <span class='ocrx_word' id='word_1_278' title='bbox 953 2171 1206 2216; x_wconf 79' lang='lat' dir='ltr'><strong>imperatorem</strong></span> <span class='ocrx_word' id='word_1_279' title='bbox 1238 2168 1365 2201; x_wconf 83' lang='lat' dir='ltr'><strong>faustis</strong></span> <span class='ocrx_word' id='word_1_280' title='bbox 1402 2167 1549 2201; x_wconf 87' lang='lat' dir='ltr'><strong>vocibus</strong></span> <span class='ocrx_word' id='word_1_281' title='bbox 1577 2178 1706 2213; x_wconf 87' lang='lat' dir='ltr'><strong>prose-</strong></span> 
     </span>
     <span class='ocr_line' id='line_1_33' title="bbox 230 2216 1705 2266; baseline -0.004 -12"><span class='ocrx_word' id='word_1_282' title='bbox 230 2221 348 2266; x_wconf 84' lang='lat' dir='ltr'><strong>quuti,</strong></span> <span class='ocrx_word' id='word_1_283' title='bbox 380 2219 471 2252; x_wconf 85' lang='lat' dir='ltr'><strong>adeo</strong></span> <span class='ocrx_word' id='word_1_284' title='bbox 497 2226 538 2253; x_wconf 90' lang='lat' dir='ltr'><strong>ut</strong></span> <span class='ocrx_word' id='word_1_285' title='bbox 564 2220 608 2253; x_wconf 80' lang='lat' dir='ltr'><strong>ab</strong></span> <span class='ocrx_word' id='word_1_286' title='bbox 628 2220 752 2253; x_wconf 88' lang='lat' dir='ltr'><strong>Hieria</strong></span> <span class='ocrx_word' id='word_1_287' title='bbox 779 2219 826 2255; x_wconf 79' lang='lat' dir='ltr'><strong>ad</strong></span> <span class='ocrx_word' id='word_1_288' title='bbox 849 2218 975 2253; x_wconf 85' lang='lat' dir='ltr'><strong>urbem</strong></span> <span class='ocrx_word' id='word_1_289' title='bbox 994 2219 1099 2251; x_wconf 87' lang='lat' dir='ltr'><strong>unico</strong></span> <span class='ocrx_word' id='word_1_290' title='bbox 1124 2217 1215 2261; x_wconf 83' lang='lat' dir='ltr'><strong>ligni</strong></span> <span class='ocrx_word' id='word_1_291' title='bbox 1242 2216 1441 2260; x_wconf 70' lang='lat' dir='ltr'><strong>seagmento</strong></span> <span class='ocrx_word' id='word_1_292' title='bbox 1467 2220 1582 2249; x_wconf 87' lang='lat' dir='ltr'><strong>totum</strong></span> <span class='ocrx_word' id='word_1_293' title='bbox 1607 2226 1705 2248; x_wconf 83' lang='lat' dir='ltr'><strong>mare</strong></span> 
     </span>
     <span class='ocr_line' id='line_1_34' title="bbox 230 2263 1707 2314; baseline -0.004 -13"><span class='ocrx_word' id='word_1_294' title='bbox 230 2273 456 2314; x_wconf 86' lang='lat' dir='ltr'><strong>compactum</strong></span> <span class='ocrx_word' id='word_1_295' title='bbox 481 2267 677 2301; x_wconf 86' lang='lat' dir='ltr'><strong>videretur.</strong></span> <span class='ocrx_word' id='word_1_296' title='bbox 728 2268 925 2312; x_wconf 82' lang='lat' dir='ltr'><strong>imperator</strong></span> <span class='ocrx_word' id='word_1_297' title='bbox 952 2265 997 2300; x_wconf 87' lang='lat' dir='ltr'><strong>de</strong></span> <span class='ocrx_word' id='word_1_298' title='bbox 1022 2271 1175 2310; x_wconf 88' lang='lat' dir='ltr'><strong>utraque</strong></span> <span class='ocrx_word' id='word_1_299' title='bbox 1202 2264 1315 2297; x_wconf 88' lang='lat' dir='ltr'><strong>classe</strong></span> <span class='ocrx_word' id='word_1_300' title='bbox 1341 2263 1386 2297; x_wconf 88' lang='lat' dir='ltr'><strong>ab</strong></span> <span class='ocrx_word' id='word_1_301' title='bbox 1414 2263 1465 2296; x_wconf 83' lang='lat' dir='ltr'><strong>eis</strong></span> <span class='ocrx_word' id='word_1_302' title='bbox 1494 2263 1626 2297; x_wconf 82' lang='lat' dir='ltr'><strong>certior</strong></span> <span class='ocrx_word' id='word_1_303' title='bbox 1651 2263 1707 2296; x_wconf 81' lang='lat' dir='ltr'><strong>fa-</strong></span> 
     </span>
     <span class='ocr_line' id='line_1_35' title="bbox 230 2310 1706 2361; baseline -0.003 -12"><span class='ocrx_word' id='word_1_304' title='bbox 230 2322 335 2357; x_wconf 84' lang='lat' dir='ltr'><strong>ctus,</strong></span> <span class='ocrx_word' id='word_1_305' title='bbox 364 2314 537 2361; x_wconf 74' lang='lat' dir='ltr'><strong>siphones</strong></span> <span class='ocrx_word' id='word_1_306' title='bbox 573 2314 794 2348; x_wconf 84' lang='lat' dir='ltr'><strong>eiaculandis</strong></span> <span class='ocrx_word' id='word_1_307' title='bbox 829 2313 975 2359; x_wconf 85' lang='lat' dir='ltr'>ignibus</span> <span class='ocrx_word' id='word_1_308' title='bbox 1011 2315 1227 2352; x_wconf 84' lang='lat' dir='ltr'><strong>instructos,</strong></span> <span class='ocrx_word' id='word_1_309' title='bbox 1263 2317 1300 2345; x_wconf 91' lang='lat' dir='ltr'><strong>et</strong></span> <span class='ocrx_word' id='word_1_310' title='bbox 1325 2312 1363 2344; x_wconf 90' lang='lat' dir='ltr'><strong>in</strong></span> <span class='ocrx_word' id='word_1_311' title='bbox 1388 2310 1578 2345; x_wconf 87' lang='lat' dir='ltr'><strong>dromones</strong></span> <span class='ocrx_word' id='word_1_312' title='bbox 1603 2310 1706 2344; x_wconf 81' lang='lat' dir='ltr'><strong>bire-</strong></span> 
     </span>
     <span class='ocr_line' id='line_1_36' title="bbox 228 2359 1705 2410; baseline -0.005 -12"><span class='ocrx_word' id='word_1_313' title='bbox 228 2375 379 2410; x_wconf 87' lang='lat' dir='ltr'><strong>mesque</strong></span> <span class='ocrx_word' id='word_1_314' title='bbox 408 2363 599 2408; x_wconf 88' lang='lat' dir='ltr'><strong>impositos</strong></span> <span class='ocrx_word' id='word_1_315' title='bbox 626 2362 796 2395; x_wconf 87' lang='lat' dir='ltr'><strong>adversus</strong></span> <span class='ocrx_word' id='word_1_316' title='bbox 821 2373 880 2395; x_wconf 86' lang='lat' dir='ltr'><strong>eas</strong></span> <span class='ocrx_word' id='word_1_317' title='bbox 906 2362 1047 2400; x_wconf 82' lang='lat' dir='ltr'><strong>emisit,</strong></span> <span class='ocrx_word' id='word_1_318' title='bbox 1075 2360 1219 2405; x_wconf 84' lang='lat' dir='ltr'><strong>deoque</strong></span> <span class='ocrx_word' id='word_1_319' title='bbox 1245 2359 1358 2404; x_wconf 85' lang='lat' dir='ltr'><strong>ipsius</strong></span> <span class='ocrx_word' id='word_1_320' title='bbox 1389 2359 1557 2404; x_wconf 77' lang='lat' dir='ltr'><strong>deiparae</strong></span> <span class='ocrx_word' id='word_1_321' title='bbox 1583 2359 1705 2404; x_wconf 86' lang='lat' dir='ltr'><strong>preci-</strong></span> 
     </span>
     <span class='ocr_line' id='line_1_37' title="bbox 228 2406 1708 2457; baseline -0.005 -11"><span class='ocrx_word' id='word_1_322' title='bbox 228 2411 297 2446; x_wconf 84' lang='lat' dir='ltr'><strong>bus</strong></span> <span class='ocrx_word' id='word_1_323' title='bbox 323 2412 528 2457; x_wconf 80' lang='lat' dir='ltr'><strong>opitulante</strong></span> <span class='ocrx_word' id='word_1_324' title='bbox 547 2411 647 2451; x_wconf 89' lang='lat' dir='ltr'><strong>locis,</strong></span> <span class='ocrx_word' id='word_1_325' title='bbox 667 2410 800 2456; x_wconf 86' lang='lat' dir='ltr'><strong>quibus</strong></span> <span class='ocrx_word' id='word_1_326' title='bbox 820 2410 959 2442; x_wconf 86' lang='lat' dir='ltr'><strong>ancoris</strong></span> <span class='ocrx_word' id='word_1_327' title='bbox 982 2409 1045 2442; x_wconf 84' lang='lat' dir='ltr'><strong>fixi</strong></span> <span class='ocrx_word' id='word_1_328' title='bbox 1070 2408 1320 2449; x_wconf 85' lang='lat' dir='ltr'><strong>constiterant,</strong></span> <span class='ocrx_word' id='word_1_329' title='bbox 1345 2406 1465 2441; x_wconf 86' lang='lat' dir='ltr'><strong>hostes</strong></span> <span class='ocrx_word' id='word_1_330' title='bbox 1491 2406 1597 2441; x_wconf 86' lang='lat' dir='ltr'><strong>maris</strong></span> <span class='ocrx_word' id='word_1_331' title='bbox 1622 2418 1708 2452; x_wconf 86' lang='lat' dir='ltr'><strong>pro-</strong></span> 
     </span>
     <span class='ocr_line' id='line_1_38' title="bbox 231 2454 1707 2505; baseline -0.005 -11"><span class='ocrx_word' id='word_1_332' title='bbox 231 2459 347 2494; x_wconf 84' lang='lat' dir='ltr'><strong>fundo</strong></span> <span class='ocrx_word' id='word_1_333' title='bbox 374 2458 533 2505; x_wconf 85' lang='lat' dir='ltr'><strong>absorpti</strong></span> <span class='ocrx_word' id='word_1_334' title='bbox 562 2463 672 2491; x_wconf 89' lang='lat' dir='ltr'><strong>sunt:</strong></span> <span class='ocrx_word' id='word_1_335' title='bbox 720 2468 831 2503; x_wconf 85' lang='lat' dir='ltr'><strong>quare</strong></span> <span class='ocrx_word' id='word_1_336' title='bbox 861 2458 975 2491; x_wconf 87' lang='lat' dir='ltr'><strong>nostri</strong></span> <span class='ocrx_word' id='word_1_337' title='bbox 1002 2456 1127 2502; x_wconf 85' lang='lat' dir='ltr'><strong>spoliis</strong></span> <span class='ocrx_word' id='word_1_338' title='bbox 1153 2466 1278 2488; x_wconf 87' lang='lat' dir='ltr'><strong>eorum</strong></span> <span class='ocrx_word' id='word_1_339' title='bbox 1305 2459 1583 2500; x_wconf 80' lang='lat' dir='ltr'><strong>commeatuque</strong></span> <span class='ocrx_word' id='word_1_340' title='bbox 1610 2454 1707 2487; x_wconf 90' lang='lat' dir='ltr'><strong>omni</strong></span> 
     </span>
     <span class='ocr_line' id='line_1_39' title="bbox 231 2501 1708 2553; baseline -0.004 -12"><span class='ocrx_word' id='word_1_341' title='bbox 231 2507 375 2553; x_wconf 84' lang='lat' dir='ltr'><strong>direpto</strong></span> <span class='ocrx_word' id='word_1_342' title='bbox 398 2518 480 2540; x_wconf 90' lang='lat' dir='ltr'><strong>cum</strong></span> <span class='ocrx_word' id='word_1_343' title='bbox 507 2505 672 2539; x_wconf 85' lang='lat' dir='ltr'><strong>laetitiae</strong></span> <span class='ocrx_word' id='word_1_344' title='bbox 700 2510 902 2551; x_wconf 77' lang='lat' dir='ltr'><strong>partaeque</strong></span> <span class='ocrx_word' id='word_1_345' title='bbox 945 2504 1102 2537; x_wconf 84' lang='lat' dir='ltr'><strong>feliciter</strong></span> <span class='ocrx_word' id='word_1_346' title='bbox 1127 2504 1302 2537; x_wconf 79' lang='lat' dir='ltr'><strong>victoriae</strong></span> <span class='ocrx_word' id='word_1_347' title='bbox 1325 2501 1494 2548; x_wconf 85' lang='lat' dir='ltr'><strong>tripudiis</strong></span> <span class='ocrx_word' id='word_1_348' title='bbox 1518 2504 1557 2536; x_wconf 91' lang='lat' dir='ltr'><strong>in</strong></span> <span class='ocrx_word' id='word_1_349' title='bbox 1581 2502 1708 2535; x_wconf 86' lang='lat' dir='ltr'><strong>urbem</strong></span> 
     </span>
     <span class='ocr_line' id='line_1_40' title="bbox 232 2550 1706 2595; baseline -0.004 -6"><span class='ocrx_word' id='word_1_350' title='bbox 232 2555 430 2589; x_wconf 87' lang='lat' dir='ltr'><strong>redierunt.</strong></span> <span class='ocrx_word' id='word_1_351' title='bbox 461 2553 507 2587; x_wconf 85' lang='lat' dir='ltr'><strong>ad</strong></span> <span class='ocrx_word' id='word_1_352' title='bbox 532 2552 622 2587; x_wconf 87' lang='lat' dir='ltr'><strong>haec</strong></span> <span class='ocrx_word' id='word_1_353' title='bbox 642 2554 770 2586; x_wconf 88' lang='lat' dir='ltr'><strong>iterum</strong></span> <span class='ocrx_word' id='word_1_354' title='bbox 787 2551 979 2585; x_wconf 84' lang='lat' dir='ltr'><strong>Merdasan</strong></span> <span class='ocrx_word' id='word_1_355' title='bbox 1001 2563 1079 2585; x_wconf 92' lang='lat' dir='ltr'><strong>cum</strong></span> <span class='ocrx_word' id='word_1_356' title='bbox 1102 2550 1257 2585; x_wconf 85' lang='lat' dir='ltr'><strong>Arabum</strong></span> <span class='ocrx_word' id='word_1_357' title='bbox 1277 2551 1354 2584; x_wconf 86' lang='lat' dir='ltr'><strong>acie</strong></span> <span class='ocrx_word' id='word_1_358' title='bbox 1380 2563 1401 2583; x_wconf 85' lang='lat' dir='ltr'><strong>a</strong></span> <span class='ocrx_word' id='word_1_359' title='bbox 1419 2550 1511 2595; x_wconf 85' lang='lat' dir='ltr'><strong>Pylis</strong></span> <span class='ocrx_word' id='word_1_360' title='bbox 1537 2550 1706 2584; x_wconf 77' lang='lat' dir='ltr'><strong>Nicaeam</strong></span> 
     </span>
     <span class='ocr_line' id='line_1_41' title="bbox 230 2598 1705 2649; baseline -0.004 -13"><span class='ocrx_word' id='word_1_361' title='bbox 230 2614 348 2649; x_wconf 82' lang='lat' dir='ltr'><strong>usque</strong></span> <span class='ocrx_word' id='word_1_362' title='bbox 388 2609 425 2636; x_wconf 90' lang='lat' dir='ltr'><strong>et</strong></span> <span class='ocrx_word' id='word_1_363' title='bbox 449 2599 698 2636; x_wconf 83' lang='lat' dir='ltr'><strong>Nicomediam</strong></span> <span class='ocrx_word' id='word_1_364' title='bbox 734 2600 918 2644; x_wconf 82' lang='lat' dir='ltr'><strong>regionem</strong></span> <span class='ocrx_word' id='word_1_365' title='bbox 955 2610 1099 2632; x_wconf 86' lang='lat' dir='ltr'><strong>omnem</strong></span> <span class='ocrx_word' id='word_1_366' title='bbox 1134 2600 1207 2632; x_wconf 88' lang='lat' dir='ltr'><strong>suis</strong></span> <span class='ocrx_word' id='word_1_367' title='bbox 1238 2598 1446 2632; x_wconf 86' lang='lat' dir='ltr'><strong>excursibus</strong></span> <span class='ocrx_word' id='word_1_368' title='bbox 1481 2598 1705 2639; x_wconf 83' lang='lat' dir='ltr'><strong>devastante,</strong></span> 
     </span>
     <span class='ocr_line' id='line_1_42' title="bbox 229 2647 1711 2696; baseline -0.005 -11"><span class='ocrx_word' id='word_1_369' title='bbox 229 2651 314 2685; x_wconf 90' lang='lat' dir='ltr'><strong>Libi</strong></span> <span class='ocrx_word' id='word_1_370' title='bbox 341 2650 598 2696; x_wconf 82' lang='lat' dir='ltr'><strong>Sophonisque</strong></span> <span class='ocrx_word' id='word_1_371' title='bbox 639 2648 783 2682; x_wconf 87' lang='lat' dir='ltr'><strong>nobiles</strong></span> <span class='ocrx_word' id='word_1_372' title='bbox 819 2648 956 2693; x_wconf 87' lang='lat' dir='ltr'><strong>quique</strong></span> <span class='ocrx_word' id='word_1_373' title='bbox 993 2652 1031 2681; x_wconf 89' lang='lat' dir='ltr'><strong>et</strong></span> <span class='ocrx_word' id='word_1_374' title='bbox 1065 2647 1292 2693; x_wconf 88' lang='lat' dir='ltr'><strong>imperatorii</strong></span> <span class='ocrx_word' id='word_1_375' title='bbox 1329 2657 1498 2693; x_wconf 86' lang='lat' dir='ltr'><strong>proceres</strong></span> <span class='ocrx_word' id='word_1_376' title='bbox 1533 2656 1602 2679; x_wconf 89' lang='lat' dir='ltr'><strong>nec</strong></span> <span class='ocrx_word' id='word_1_377' title='bbox 1630 2647 1711 2679; x_wconf 58' lang='lat' dir='ltr'><strong>non‘</strong></span> 
     </span>
     <span class='ocr_line' id='line_1_43' title="bbox 230 2694 1706 2744; baseline -0.004 -12"><span class='ocrx_word' id='word_1_378' title='bbox 230 2698 417 2744; x_wconf 84' lang='lat' dir='ltr'><strong>pedestres</strong></span> <span class='ocrx_word' id='word_1_379' title='bbox 445 2698 538 2731; x_wconf 91' lang='lat' dir='ltr'><strong>aliae</strong></span> <span class='ocrx_word' id='word_1_380' title='bbox 566 2696 694 2742; x_wconf 84' lang='lat' dir='ltr'><strong>copiae</strong></span> <span class='ocrx_word' id='word_1_381' title='bbox 710 2695 965 2729; x_wconf 82' lang='lat' dir='ltr'><strong>Mardaitarum</strong></span> <span class='ocrx_word' id='word_1_382' title='bbox 995 2695 1108 2729; x_wconf 89' lang='lat' dir='ltr'><strong>instar</strong></span> <span class='ocrx_word' id='word_1_383' title='bbox 1133 2707 1151 2728; x_wconf 92' lang='lat' dir='ltr'><strong>e</strong></span> <span class='ocrx_word' id='word_1_384' title='bbox 1179 2695 1328 2728; x_wconf 82' lang='lat' dir='ltr'><strong>latebris</strong></span> <span class='ocrx_word' id='word_1_385' title='bbox 1345 2694 1384 2727; x_wconf 86' lang='lat' dir='ltr'><strong>in</strong></span> <span class='ocrx_word' id='word_1_386' title='bbox 1411 2705 1473 2728; x_wconf 88' lang='lat' dir='ltr'><strong>eos</strong></span> <span class='ocrx_word' id='word_1_387' title='bbox 1500 2694 1706 2738; x_wconf 86' lang='lat' dir='ltr'><strong>irrumpen-</strong></span> 
     </span>
     <span class='ocr_line' id='line_1_44' title="bbox 231 2739 1759 2788; baseline -0.005 -9"><span class='ocrx_word' id='word_1_388' title='bbox 231 2751 286 2779; x_wconf 84' lang='lat' dir='ltr'><strong>tes</strong></span> <span class='ocrx_word' id='word_1_389' title='bbox 310 2748 348 2780; x_wconf 90' lang='lat' dir='ltr'><strong>in</strong></span> <span class='ocrx_word' id='word_1_390' title='bbox 373 2747 486 2780; x_wconf 85' lang='lat' dir='ltr'><strong>frusta</strong></span> <span class='ocrx_word' id='word_1_391' title='bbox 513 2745 676 2778; x_wconf 87' lang='lat' dir='ltr'><strong>concisos</strong></span> <span class='ocrx_word' id='word_1_392' title='bbox 703 2750 739 2777; x_wconf 89' lang='lat' dir='ltr'><strong>et</strong></span> <span class='ocrx_word' id='word_1_393' title='bbox 762 2743 901 2777; x_wconf 82' lang='lat' dir='ltr'><strong>damnis</strong></span> <span class='ocrx_word' id='word_1_394' title='bbox 926 2745 1073 2779; x_wconf 82' lang='lat' dir='ltr'><strong>affectos</strong></span> <span class='ocrx_word' id='word_1_395' title='bbox 1099 2743 1218 2788; x_wconf 78' lang='lat' dir='ltr'><strong>fugam</strong></span> <span class='ocrx_word' id='word_1_396' title='bbox 1240 2742 1398 2788; x_wconf 86' lang='lat' dir='ltr'><strong>arripere</strong></span> <span class='ocrx_word' id='word_1_397' title='bbox 1425 2746 1631 2787; x_wconf 85' lang='lat' dir='ltr'><strong>coegerunt.</strong></span> <span class='ocrx_word' id='word_1_398' title='bbox 1661 2739 1707 2773; x_wconf 80' lang='lat' dir='ltr'><strong>ad</strong></span> <span class='ocrx_word' id='word_1_399' title='bbox 1744 2747 1759 2762; x_wconf 70' lang='lat'><strong>-&#39;</strong></span> 
     </span>
     <span class='ocr_line' id='line_1_45' title="bbox 231 2789 1706 2840; baseline -0.005 -13"><span class='ocrx_word' id='word_1_400' title='bbox 231 2794 414 2828; x_wconf 86' lang='lat' dir='ltr'><strong>ulterioris</strong></span> <span class='ocrx_word' id='word_1_401' title='bbox 451 2795 575 2840; x_wconf 83' lang='lat' dir='ltr'><strong>itaque</strong></span> <span class='ocrx_word' id='word_1_402' title='bbox 613 2792 699 2827; x_wconf 85' lang='lat' dir='ltr'><strong>freti</strong></span> <span class='ocrx_word' id='word_1_403' title='bbox 740 2792 854 2838; x_wconf 83' lang='lat' dir='ltr'><strong>ripam</strong></span> <span class='ocrx_word' id='word_1_404' title='bbox 886 2791 1065 2828; x_wconf 83' lang='lat' dir='ltr'><strong>nonnulla</strong></span> <span class='ocrx_word' id='word_1_405' title='bbox 1101 2790 1272 2826; x_wconf 82' lang='lat' dir='ltr'><strong>libertate</strong></span> <span class='ocrx_word' id='word_1_406' title='bbox 1308 2801 1489 2832; x_wconf 80' lang='lat' dir='ltr'><strong>concessa,</strong></span> <span class='ocrx_word' id='word_1_407' title='bbox 1518 2789 1706 2825; x_wconf 83' lang='lat' dir='ltr'><strong>naviculae</strong></span> 
     </span>
    </p>
   </div>
  </div>
 </body>
</html>
