1786 3204
258 140 372 197 256
823 165 1173 209 THEOPHANIS

248 261 469 305 Ἀππίωνα
497 261 566 306 τὸν
596 267 830 321 πατρίκιον,
860 266 909 311 ὃν
939 269 983 311 ἐν
1012 270 1176 326 Νικαία
1205 262 1494 323 πρεσβύτερον
1516 266 1590 324 βίᾳ
1619 267 1732 321 ἐχει-

253 328 508 385 ροτόνησαν·
585 328 632 374 ὃν
680 329 701 372 ὃ
741 333 946 387 βασιλεὺς
996 333 1054 385 ὥς
1094 336 1329 391 ἐχέφρονα
1355 334 1551 388 ἐποίησεν
1591 329 1730 387 ὕπαρ-

249 412 327 450 χον
362 398 447 440 τῶν
479 399 779 454 πραιτωρίων,
820 399 895 442 καί
935 398 1212 456 Διογενιανὸν
1245 402 1320 456 τῆς
1359 401 1565 455 α’νατολῆς
1603 417 1731 456 στρα-

249 465 448 520 τηλοέτην.

367 534 439 592 Τῷ
469 534 506 576 δ’
533 533 652 592 αὐτῷ’
694 530 776 576 ἔτει
816 534 954 591 ἐφάνη
986 534 1119 591 οἷστὴρ
1151 537 1197 577 ἐν
1236 536 1286 594 τῇ
1331 531 1518 592 ἀνατολῇ
1546 535 1768 592 φοβερὸς5

248 600 454 657 κομήτης,
484 597 528 650 ὃς
574 597 688 655 εἶχεν
717 603 864 644 α’κτῖιά
895 604 1197 656 ἐκπέμπουσαν
1226 602 1298 646 ε’πί
1320 601 1371 645 τὰ
1402 601 1532 656 κάτω,
1562 600 1610 644 ὃν
1638 599 1729 645 ἕλε-

249 684 323 723 γον
353 668 392 711 οἱ
422 669 679 725 α’στρονόμοι
714 670 936 724 πωγωνίαν
965 667 1073 713 εἶναι
1103 671 1199 728 [καί
1227 671 1503 728 ἑφοβοῧντο].

35 748 131 782 Α.Μ.
143 748 237 782 6012
361 735 620 791 Ἀντιοχείας
648 735 880 781 ἐπισκόπου
912 738 1100 782 Παύλου
1129 736 1223 789 ἔτος
1251 737 1307 781 α’.

204 798 231 832 C
366 802 510 863 Τούτῳ
550 807 609 862 τῷ
656 804 740 848 ε”τει
781 806 1042 856 Βιταλιανὸς
1072 807 1367 863 ἐδολοφονήθη
1402 805 1486 848 ὑπὸ
1518 808 1603 849 τῶν
1635 809 1728 849 Βυ-

243 874 426 924 ζαντίων
453 873 700 928 μηνιώντων
729 873 850 931 αὐτῷ
878 871 950 916 διά
982 876 1027 916 τό
1054 873 1233 924 πολλοὺς
1265 875 1521 933 α’νῃρηκέναι
1548 875 1724 932 τῷκαι-
1746 893 1786 920 ιο

246 943 308 998 ριιό
335 941 407 994 τῆς
438 937 761 991 ἐπαναστάσεως
793 941 930 984 αὐτοῦ
957 940 1064 984 κατοὶ
1095 944 1388 984 Ἀναστασίου.
1447 941 1647 984 Ἰωάννου
1681 943 1730 983 δὲ

243 1008 317 1050 τοῦ
348 1006 640 1057 Καππάδοκος
669 1005 895 1051 ἐπισκόπου
921 1010 1418 1058 Κωνσταντινουπόλεως
1446 1007 1727 1064 τελευτήσαν-

243 1090 328 1124 τος,
355 1073 599 1131 Έπιφάνιος
626 1075 911 1131 πρεσβύτερος
936 1079 1013 1132 τῆς
1043 1077 1175 1132 αὐτῆς
1204 1074 1426 1132 ἐκκλησίας
1454 1079 1530 1120 καί
1553 1074 1729 1132 ου’γκελ-

244 1147 315 1192 λος
345 1143 649 1203 ἐχειροτονήθη
677 1147 783 1199 μηνί
812 1146 1097 1204 Φεβρουαρίῳ
1125 1144 1193 1187 κε’.
1228 1140 1394 1201 ’,ὅμοίως
1422 1145 1494 1188 καί
1518 1145 1728 1201 Ὁρμίσὸά

244 1211 320 1266 τῆς
341 1209 508 1266 Ῥώμης
537 1214 810 1266 κοιμηθέντος
837 1210 1036 1268 Ἰωάννης
1074 1210 1149 1267 την
1182 1212 1413 1267 ἐπισκοπὴν
1445 1214 1672 1264 διεδέξατο.
1746 1216 1786 1256 15

363 1279 431 1335 Τῷ
464 1280 507 1320 ‹5’
545 1278 664 1337 αὕτῷ
703 1277 786 1321 ἔτει
828 1278 1172 1336 ἐδημοκράτησεν
1208 1278 1256 1322 τὸ
1298 1282 1477 1323 Βένετον
1515 1284 1656 1336 μέρος,
1683 1283 1729 1323 ἐν

201 1343 404 1396 Βποῖσαις
444 1352 539 1396 ταῖς
587 1345 736 1388 πόλεσι
774 1346 971 1401 ταραχάς
1016 1349 1252 1403 ἐγείραντες
1286 1347 1362 1391 καί
1388 1346 1628 1402 λιθασμούς
1657 1351 1732 1391 καί

242 1414 402 1470 φόνους
445 1413 629 1465 πολλοὺς
676 1413 1027 1470 ἀπεργαζόμενοι.
1094 1415 1327 1470 ὲπήρχοντο
1360 1417 1407 1459 δὲ
1436 1417 1621 1467 καὶτοῖς
1650 1412 1727 1471 ἄρ-

237 1496 403 1536 χουσιν.
463 1480 546 1523 α’πὸ
577 1482 626 1526 δὲ
655 1482 918 1538 Ἀντιοχείας
947 1477 1063 1539 ἤχθη
1093 1481 1137 1525 τὸ
1169 1482 1299 1526 κακὰν
1328 1485 1404 1540 τῆς
1432 1484 1620 1536 ἀταξίας,
1654 1486 1728 1527 καί

338 1650 368 1671 1.
394 1635 610 1686 πατρίκιον]
651 1638 906 1686 πρεσβύτερον
941 1637 964 1671 b
1002 1649 1033 1671 e.
1186 1637 1447 1687 πρεσβύτερον
1478 1638 1565 1674 add.
1606 1651 1649 1673 ex
1683 1640 1723 1674 A.

332 1685 624 1733 ἐχειροτόνησαν
651 1698 683 1728 a,
710 1687 995 1735 ἐχειροτόνησεν
1020 1685 1117 1730 vulg.
1247 1690 1280 1723 3.
1307 1690 1384 1724 τῶν
1410 1691 1659 1735 πραιτωρίων
1684 1690 1724 1730 Α,

334 1735 387 1782 τῷ
410 1737 634 1782 πραιτωρίῳ
662 1735 759 1781 vulg.
890 1736 925 1769 6.
953 1736 1224 1781 ἐκπέμπουσαν
1247 1736 1275 1769 Α
1300 1746 1333 1778 e,
1369 1739 1599 1785 πέμπουσαν
1623 1737 1722 1781 vulg.

333 1794 366 1828 7.
401 1784 439 1817 οἱ
466 1782 548 1816 add.
587 1794 630 1816 ex
661 1783 701 1816 A.
846 1785 911 1817 καὶ
937 1782 1146 1829 ἐφοβοῦντο
1176 1795 1246 1817 om.
1277 1783 1305 1817 A
1333 1784 1359 1817 f.
1486 1796 1539 1820 ιο.
1564 1786 1725 1832 μηνιόν-

330 1844 407 1867 των
431 1831 471 1865 Α.
603 1829 833 1878 ἀνῃρηκέναι
857 1833 898 1873 Α,
927 1829 1185 1876 ἀναιρεθῆναι
1210 1831 1305 1876 vulg.
1411 1832 1462 1875 ¹4-
1493 1831 1635 1881 ὁμοίως
1660 1835 1725 1868 καὶ

332 1881 374 1922 A,
401 1878 544 1928 ὁμοίως
569 1877 610 1915 δὲ
633 1879 730 1923 vulg.
839 1890 893 1925 ¹9·
921 1882 986 1914 καὶ
1010 1878 1127 1918 οὕτως
1154 1900 1201 1906 ——
1227 1901 1275 1907 —-
1301 1881 1557 1928 ἐπεκράτησεν
1583 1893 1653 1916 om.
1682 1885 1723 1916 A.

237 2023 444 2069 Appionem
469 2023 508 2056 in
531 2023 656 2069 primis
684 2023 890 2069 patricium,
910 2035 1017 2070 quem
1043 2024 1195 2058 invitum
1214 2024 1371 2058 Nicaeae
1396 2025 1550 2059 iusserat
1572 2025 1637 2059 ille
1664 2038 1724 2060 or-

238 2071 373 2105 dinari:
402 2070 501 2104 hunc
525 2083 611 2105 vero
638 2073 799 2106 Iustinus
824 2072 926 2105 velut
951 2072 1169 2118 prudentem
1198 2078 1234 2106 et
1260 2073 1448 2106 cordatum
1473 2073 1589 2107 virum
1614 2085 1722 2119 prae-

238 2119 336 2152 torio
380 2119 607 2164 praefectum
649 2125 687 2153 et
738 2120 1007 2165 Diogenianum
1051 2121 1206 2154 militiae
1251 2121 1461 2166 magistrum
1499 2121 1539 2154 in
1579 2123 1721 2156 oriente

238 2167 385 2201 creavit.

334 2215 414 2248 Hoc
448 2215 555 2248 etiam
601 2225 698 2249 anno
742 2215 850 2249 stella
883 2215 1054 2262 apparuit
1081 2215 1120 2248 in
1145 2214 1306 2256 oriente,
1341 2214 1524 2250 terribilis
1547 2218 1720 2251 nimirum

239 2268 392 2303 cometa,
421 2273 440 2296 e
469 2274 541 2308 quo
572 2263 662 2296 radii
689 2263 841 2296 inferius
867 2262 1016 2297 demissi
1041 2261 1373 2309 protendebantur:
1398 2263 1592 2300 barbatum
1619 2265 1721 2300 dice-

238 2311 331 2346 bant
354 2311 567 2351 astronomi,
596 2316 634 2344 et
649 2310 694 2344 ab
722 2322 766 2344 eo
791 2312 929 2345 cunctis
955 2310 1182 2346 metuebant.

50 2369 226 2409 &0512
334 2358 550 2393 Antiochiae
579 2359 744 2405 episcopi
761 2359 866 2392 Pauli
891 2371 1006 2393 annus
1032 2359 1181 2405 primus.

301 2423 305 2429 ‚
330 2407 409 2440 Hoc
433 2418 529 2439 anno
553 2406 760 2441 Vitalianus
783 2408 1021 2450 aByzantinis
1046 2406 1133 2440 dolo
1153 2407 1366 2440 interfectus
1391 2412 1467 2442 est:
1493 2409 1595 2455 quod
1621 2410 1719 2443 enim

239 2454 453 2489 rebellionis
481 2455 561 2488 eius
586 2455 625 2487 in
650 2454 881 2489 Anastasium
908 2461 1073 2501 tempore
1098 2455 1277 2500 plurimae
1304 2455 1432 2490 caedes
1460 2456 1616 2491 fuissent
1641 2457 1720 2492 edi-

238 2508 310 2544 tae,
338 2503 494 2548 graviter
519 2503 552 2535 ei
581 2502 854 2536 succensebant.
906 2503 1045 2538 Ioanne
1070 2514 1178 2548 porro
1206 2503 1423 2549 Cappadoce
1453 2505 1611 2551 Cpoleos
1638 2507 1718 2551 epi-

238 2563 350 2598 scopo
377 2551 576 2591 defuncto,
607 2550 834 2597 Epiphanius
859 2550 1023 2584 eiusdem
1049 2551 1222 2585 ecclesiae
1251 2552 1441 2597 presbyter
1465 2559 1503 2587 et
1536 2555 1719 2597 syncellus

237 2600 371 2634 mensis
398 2598 585 2632 Februarii
605 2598 665 2632 die
688 2599 862 2643 vigesimo
889 2599 1018 2646 quinto
1049 2598 1120 2634 suit
1145 2599 1355 2634 ordinatus:
1389 2606 1426 2635 et
1443 2601 1633 2636 Hormisda
1650 2614 1720 2649 pa·-

240 2649 329 2682 riter
347 2648 422 2681 leto
448 2647 672 2694 quiescente,
704 2647 860 2680 Ioannes
887 2648 1018 2680 Romae
1045 2648 1292 2693 episcopatum
1320 2650 1477 2695 excepit.
1518 2678 1521 2682 ,

334 2696 413 2729 Hoc
436 2695 544 2729 etiam
568 2706 663 2728 anno
678 2694 819 2729 Veneta
844 2695 965 2737 factio,
991 2695 1099 2729 variis
1115 2707 1181 2742 per
1206 2708 1332 2730 omnes
1360 2697 1526 2731 civitates
1549 2697 1718 2731 tumulti-

239 2743 308 2777 bus
325 2743 506 2785 excitatis,
529 2743 683 2790 plurima
700 2744 792 2777 saxis
813 2742 907 2777 facta
933 2743 1173 2790 lapidatione,
1193 2745 1391 2792 multisque
1416 2745 1590 2779 caedibus
1609 2745 1716 2779 editis

239 2803 307 2836 per
329 2791 494 2827 civitates
520 2802 655 2834 omnes,
673 2791 857 2839 reliquum
883 2791 954 2826 sibi
969 2792 1149 2839 populum
1175 2792 1331 2839 subegit,
1357 2799 1394 2827 et
1417 2793 1457 2828 in
1483 2794 1715 2839 magistratus
