1768 3106
290 137 325 204 [ι
339 157 357 193 1
375 159 400 192 2
856 159 1205 203 THEOPHANJS

290 275 375 300 ται.
435 260 631 316 Χοσρόης
670 262 717 303 δὲ
748 260 824 317 τὴν
854 262 1107 319 ὃολοφονίαν
1150 262 1360 319 δεδοικώς,
1407 262 1545 320 ἐζήτει
1574 264 1754 320 Μαυρί-

290 342 379 368 κιον
403 330 572 382 χιλίους
594 325 840 382 “Ρωμαιὀυς
869 331 930 378 εἰς
951 329 1142 386 φυλακὴν
1162 331 1297 372 αιῖτοῦ
1314 329 1449 385 ἔχειν·
1506 329 1528 374 ὃ
1557 333 1603 374 δὲ
1624 335 1756 375 ,Μαυ-

289 394 421 448 ρίκιος
446 394 612 452 α’γοίπην
652 395 810 452 πολλὴν
848 395 956 452 πρὸς
998 395 1071 439 τὸν
1102 395 1321 454 βάρβαρον
1346 400 1599 456 κεκτημένος,
1628 398 1757 454 ἐπλή-

247 476 365 517 Βρου
398 461 445 504 τὸ
483 462 642 520 αἴτημα
672 463 822 508 αὐτοῦ.
880 466 954 507 καί
980 462 1115 515 οὕτως
1141 465 1163 506 ὁ
1181 463 1397 521 Περσικὸς
1423 469 1504 509 τῶν
1525 466 1757 521 ιΡωμαιίιιν

287 531 576 573 κατεπέπαυτο
608 531 800 583 πόλεμος.

78 607 274 662 A.M.(5082
405 595 543 656 Τούτῳ
576 599 634 655 τῷ
663 595 748 640 ἔτει
774 599 880 654 μηνί
898 600 1084 657 Μαρτίῳ
1112 597 1184 654 κς’,
1202 601 1427 643 ἰνδικτιῶνι
1455 599 1505 657 η’,
1535 603 1587 659 τῇ
1616 600 1756 660 ἡμέρᾳ

288 667 365 707 τοῦ
393 665 515 719 ἁγίου
545 662 692 719 πάσχα
719 666 887 721 χρόνων
915 663 1132 721 τεσσάρων
1158 663 1292 722 ἥμισυ
1321 668 1508 725 ἐστὲφθη
1531 666 1756 726 Θεοδόσιος

247 731 310 775 06
345 731 434 782 υἱὸς
467 732 718 787 ΠῙαυρικίου
748 735 824 776 τοῦ
867 733 1174 789 αὐτοκράτορος
1206 734 1289 776 ὑπὸ
1321 734 1512 779 Ἰωάννου
1543 738 1755 794 πατριάρ-

284 816 365 856 χου
399 800 898 851 Κωνσταντινουπόλεως.

403 869 470 926 Τῷ
496 868 532 909 δ’
562 869 680 926 αὐτῷ
705 866 788 910 ἔτει
818 867 841 910 ὅ
872 867 1145 924 αὐτοκράτωρ
1169 872 1414 925 Μαυρίκιος
1441 871 1515 927 τήν
1534 872 1756 928 ἐκκλησίαν

283 937 367 978 τῶν
394 933 524 990 ἁγίων
553 933 878 993 τεσσαράκοντα,
907 933 960 991 ἢν
986 935 1199 992 α’πὴρξατο
1236 938 1391 991 κτίζειν
1425 941 1630 996 Τιβέριος,
1659 940 1755 982 α’νε-

285 1002 506 1058 πλήρωσεν
535 1003 580 1045 ἐν
608 1004 657 1060 τῇ
683 1005 791 1061 μέσῃ
821 998 967 1060 οὖσαν,
998 999 1124 1059 ὅνπερ
1157 1002 1286 1048 τόπον
1304 1006 1450 1061 πρώην
1476 1004 1618 1061 ἔλεγον
1646 1002 1756 1048 εἶναι

286 1070 560 1126 πραιτώριον.
618 1069 782 1127 εἰρήνης
806 1072 859 1128 ,δὲ
877 1069 1058 1125 βαθείας
1084 1070 1160 1125 τὴν
1191 1070 1399 1128 α’νατολὴν
1426 1073 1757 1130 καταλαβούσης,

289 1135 328 1195 [ὃ
372 1141 634 1194 ΙΙἸαυρίκιος]
683 1141 755 1181 ἐπὶ
793 1139 870 1193 τὴν
911 1138 1125 1197 Εὐρώπην
1165 1141 1393 1194 ἐκύμαινεν
1433 1138 1625 1194 πόλεμος.
1682 1139 1755 1183 διὰ

285 1208 408 1250 τοῦτο
436 1203 456 1246 ὃ
493 1206 764 1262 αὐτοκράτωρ
797 1208 1042 1263 Μαυρίκιος
1084 1205 1161 1257 τὰς
1190 1208 1395 1264 δυνάμεις
1433 1207 1516 1251 α’πὸ
1550 1211 1756 1266 α’νατολῆς

289 1273 360 1317 ἐπὶ
386 1270 461 1328 τὴν
497 1270 667 1332 Θρᾴκην
702 1271 950 1330 μετήγαγεν.

79 1349 277 1384 A.M.6083
407 1341 551 1399 Τούτῳ
578 1343 636 1398 τῷ
659 1339 742 1383 ἔτει
773 1342 1014 1396 α’ρχομὲνου
1045 1343 1124 1384 τοῦ
1153 1340 1292 1397 ἔαρος,
1321 1342 1397 1385 καὶ
1422 1345 1507 1387 τῶν
1534 1341 1757 1400 ταγμάτων

247 1407 364 1464 Βτὴν
393 1408 564 1466 Θρᾴκην
595 1408 942 1466 καταλαβόντων,
971 1410 1147 1466 ἐξῆλθεν
1175 1409 1256 1453 σύν
1288 1410 1431 1461 αὐτοῖς
1458 1410 1480 1454 ὁ
1508 1413 1757 1468 Μαυρίκιος

289 1479 397 1522 ἰδεῖν
423 1477 475 1520 τὰ
510 1474 594 1519 ὑπὸ
617 1479 698 1521 τῶν
723 1479 958 1534 βαρβάρων
986 1481 1347 1533 κατεστραμμένα.
1405 1477 1432 1534 ἢ
1464 1480 1511 1522 δὲ
1539 1479 1753 1534 αὕγοῧστα

380 1661 417 1694 6.
440 1657 687 1706 Ὀκτωβρίωει
692 1684 699 1691 .
806 1660 838 1694 8.
871 1658 890 1695 ὅ
917 1658 998 1693 add.
1028 1671 1070 1693 ex
1094 1660 1135 1694 A.
1254 1661 1322 1696 τοῦ
1340 1660 1491 1721 αὖτοκρ.
1517 1673 1587 1694 οιιι.
1603 1662 1644 1703 A,
1669 1667 1754 1697 ante

380 1707 470 1741 haec
505 1707 615 1742 verba
648 1707 775 1754 χρόνῳ
795 1707 961 1766 τετάρτω
997 1707 1080 1741 add
1111 1709 1314 1755 f.14.
1341 1708 1361 1746 ὅ
1386 1713 1601 1766 Εϊαυρίκιος
1626 1710 1754 1744 delen-

382 1755 468 1789 dum
503 1755 657 1789 videtur.
752 1755 918 1814 πόλεμος
940 1758 980 1797 Α,
1006 1756 1174 1805 πόλεμον
1199 1757 1296 1803 vulg.
1428 1758 1479 1792 15.
1509 1752 1586 1794 ἀπὸ
1612 1757 1753 1795 ἄνατο-

379 1804 443 1848 λῆς
468 1805 509 1846 A,
536 1800 612 1840 ἀπὸ
641 1817 707 1848 την
739 1800 925 1848 &umal-qv
950 1806 1045 1850 vulg.

283 1966 373 1995 nant
399 1960 564 1994 Romani.
615 1959 791 1994 Chosrocs
807 1971 915 2006 porro
942 1970 1068 1994 necem
1096 1953 1190 1994 dolis
1215 1960 1467 1994 intentandum
1492 1961 1651 2002 veritus,
1677 1962 1750 1994 Ro-

282 2019 407 2042 manos
446 2008 549 2041 mille
582 2007 627 2041 ad
653 2008 708 2041 sui
734 2008 935 2042 custodiam
977 2014 1013 2042 et
1037 2008 1248 2042 satellitium
1275 2008 1504 2054 deputandos
1529 2020 1549 2041 a
1574 2009 1750 2042 Mauricio

284 2056 451 2102 expetiit.
499 2055 693 2090 Mauricius
716 2067 800 2090 vero
828 2057 943 2089 multa
967 2055 1193 2089 humanitate
1223 2067 1305 2100 erga
1338 2056 1528 2090 barbarum
1555 2069 1651 2099 usus,
1680 2069 1752 2103 po-

283 2105 426 2138 stulatis
464 2104 540 2138 eius
579 2104 667 2138 fecit
705 2104 812 2138 satis:
847 2104 1017 2150 huncque
1054 2103 1200 2138 tandem
1240 2104 1376 2138 exitum
1403 2104 1543 2138 bellum
1570 2104 1752 2138 Persicum

282 2151 455 2187 obtinuit.

101 2211 270 2248 34:532
378 2200 456 2232 Hoc
496 2210 591 2232 anno
626 2200 760 2233 mensis
792 2199 913 2234 Martii
939 2199 999 2233 die
1027 2204 1130 2233 sexto
1166 2209 1273 2243 supra
1299 2198 1520 2242 vigesimum,
1550 2199 1751 2234 indictione

143 2255 148 2260 '
283 2252 421 2288 octava,
446 2246 677 2281 Theodosius
703 2248 870 2281 Mauricii
894 2247 1120 2293 imperatoris
1160 2246 1318 2291 supremi
1344 2246 1452 2288 filius,
1480 2247 1540 2281 die
1570 2247 1750 2293 paschatis

283 2301 430 2336 sancto,
458 2305 478 2327 a
503 2296 639 2328 Ioanne
679 2295 904 2341 patriarcha,
935 2301 1091 2341 quatuor
1125 2294 1215 2328 solis
1251 2294 1357 2328 annis
1393 2306 1472 2328 cum
1498 2296 1619 2329 medio
1644 2301 1751 2330 uatus

284 2354 453 2379 coronam
479 2342 622 2388 imperii
650 2344 801 2389 accepit.

379 2389 514 2425 Eodem
539 2401 635 2423 anno
649 2390 842 2424 Mauricius
858 2402 1042 2436 supremus
1067 2389 1261 2434 imperator
1284 2394 1487 2424 sanctorum
1515 2389 1751 2436 quadraginta

283 2446 478 2484 martyrum
516 2438 727 2479 ecclesiam,
759 2449 779 2470 a
813 2438 963 2472 Tiberio
990 2437 1216 2471 exaedificari
1239 2443 1415 2483 coeptam,
1437 2443 1474 2472 et
1498 2438 1568 2471 iam
1593 2437 1638 2471 ad
1661 2449 1751 2483 opus

284 2487 445 2523 medinm
472 2485 616 2520 ductam
641 2485 807 2519 absolvit.
857 2487 1078 2531 praetorium
1108 2496 1150 2519 eo
1187 2486 1266 2519 loco
1295 2485 1478 2531 quondam
1506 2491 1751 2519 constructum

286 2540 444 2570 narrant.
492 2532 674 2580 profunda
696 2544 781 2566 vero
808 2544 895 2578 pace
920 2538 1036 2567 totum
1063 2533 1237 2566 orientem
1265 2539 1476 2579 occupante,
1503 2534 1645 2580 Europa
1667 2533 1751 2567 bel-

287 2586 406 2622 lorum
427 2582 599 2629 procellis
623 2581 847 2626 agitabatur:
878 2586 1072 2626 eapropter
1096 2581 1174 2627 ipse
1201 2593 1388 2627 supremus
1413 2581 1609 2628 imperator
1632 2582 1750 2627 impe-

289 2633 334 2666 rii
357 2633 451 2665 vires
476 2641 599 2665 omnes
623 2629 669 2662 ab
697 2630 837 2663 oriente
866 2629 904 2663 in
931 2627 1120 2663 Thraciam
1145 2629 1413 2675 transportavit

103 2690 273 2725 A‚0,583
383 2680 460 2713 Hoc
483 2690 577 2712 anno
603 2678 753 2711 ineunte
780 2688 877 2718 vere,
911 2682 948 2710 et
967 2676 1079 2721 copiis
1107 2677 1144 2710 in
1170 2676 1324 2711 'lhracia
1354 2677 1424 2710 iam
1449 2677 1623 2717 collectis,
1643 2675 1750 2709 Mau-

287 2728 395 2762 ricius
421 2738 501 2760 cum
527 2726 579 2760 eis
601 2736 764 2770 egressus
788 2725 909 2758 ruinas
935 2737 955 2758 a
971 2724 1133 2758 barbaris
1159 2725 1329 2759 excitatas
1351 2725 1467 2760 visum
1485 2724 1657 2772 perrexit.
1684 2735 1750 2756 au-

288 2782 390 2822 gusta
413 2785 519 2816 vero,
549 2772 762 2821 patriarcha,
789 2779 825 2808 et
851 2773 1036 2808 universus
1061 2778 1219 2815 senatus,
1247 2784 1293 2807 ne
1320 2773 1465 2820 propria
1491 2784 1602 2820 opera
1627 2783 1750 2806 inove-
