1768 3106
243 141 360 210 448
804 160 1152 203 THEOPHAle

240 259 430 316 ὕβρισεν.
447 258 486 302 οἶ
503 261 551 303 δὲ
566 261 740 303 Βένετοι
757 259 1095 318 ἀγανακτοῦντες,
1117 260 1309 318 ἔκραζον·
1326 258 1478 318 ὕπαγε·
1502 261 1619 318 μάθε
1639 263 1717 320 τήν

240 327 511 385 κατάστασιν,
544 328 566 368 ὁ
595 330 844 384 .Μαυρίκιος
870 331 948 371 οὐκ
975 326 1203 372 ἀπέθανεν.
1261 327 1284 371 ὃ
1314 329 1362 372 δὲ
1389 319 1592 387 τύραννος
1619 334 1716 375 τού-

238 413 324 439 των
350 394 541 452 ἀκηκοώς
578 399 660 438 ταῖν
690 397 857 453 φωνῶν,
902 395 974 439 ἐπὶ
1001 394 1073 440 τὸν
1102 399 1181 439 τοῦ
1207 399 1460 452 Μαυρικίου
1491 397 1623 456 φόνον
1652 416 1714 441 κι-

237 469 400 507 νεῖται·
460 465 536 505 καί
562 460 815 512 ἀποστείλας
843 464 1119 522 στρατιώτας,
1147 460 1301 521 ἤγαγεν
1328 464 1486 516 αὐτοὺς
1515 467 1560 509 ἐν
1589 469 1712 509 Χαλ-

235 530 385 587 κηδόνι
415 529 477 581 εἰς
512 528 585 572 τὸν
626 531 853 585 Εὐρωπίου
901 533 1095 585 λιμένα.Α
1139 533 1214 573 καί
1246 535 1608 588 προαναιροῦνται
1636 537 1752 588 τοῦ5

235 600 445 652 βασιλέως
486 597 526 639 οἱ
565 599 716 647 παῖδες
762 596 800 640 οἱ
831 593 1006 653 ἄρρενες
1031 601 1099 642 ἐπ’
1130 594 1284 654 ι’)’ψεσιν
1312 599 1448 642 αὐτοῦ
1477 603 1615 655 πέντε,
1644 604 1712 644 ἐν-

191 667 388 708 ntea-‘m
418 663 690 721 προκολάζων
718 664 793 707 τὸν
819 667 1001 719 βασιλέα
1029 668 1084 724 τῇ
1098 669 1181 709 τῶν
1205 668 1370 709 παίδων
1397 670 1556 725 σφαγῇ·
1613 667 1636 710 ὅ
1666 671 1714 711 δὲ

234 732 481 788 Μαυρίκιος
511 734 761 790 φιλοσοφῶν
789 735 849 792 τῷ
879 731 1186 790 δυστυχήματι,
1216 731 1290 776 τόν
1319 733 1390 777 ἐπὶ
1416 734 1584 778 πάντων
1616 737 1714 778 ἐπε-

233 805 402 842 καλεῖτο
428 797 549 842 θεὸν·
607 803 682 843 καί
707 801 877 850 πυκνῶς
897 801 1150 857 ἐφθέγγετο·
1210 803 1371 852 δίκαιος
1398 797 1449 857 εἶ,
1477 801 1612 859 κύριε,
1641 805 1715 845 καί

234 870 404 911 εὐθεῖαι
433 865 479 909 αἱ
505 866 668 922 κρίσεις
709 884 802 911 σου.
867 869 1029 924 γίνεται
1055 870 1194 911 τοίνυν
1222 870 1307 911 τῶν
1335 870 1500 912 παίδων
1524 869 1546 911 ὅ
1576 871 1713 913 θοίνα-
1733 898 1768 923 ,ς

95 944 135 979 V.
156 943 219 991 τρῖ,
233 952 301 987 τος
330 938 406 978 τοῦ
434 933 595 989 πατρὸς
634 936 860 993 ἐπιτάφιον
895 937 1328 990 προσεπιδειξαμένου
1368 935 1447 992 τὴν
1489 936 1638 993 ἇρετὴν
1668 940 1713 980 ἐν

231 1007 291 1062 τῷ
317 1006 487 1058 μεγέθει
509 1005 591 1045 τῶν
616 1006 868 1059 συμφορῶν.
925 1004 1000 1058 τῆς
1019 1002 1102 1059 γάρ
1131 1004 1307 1059 τιθηνῆς
1334 1005 1469 1046 αὔτοῧ
1493 1003 1712 1061 κλεψάσης

229 1071 303 1114 ἕνα
333 1074 413 1114 τῶν
439 1072 669 1125 βασιλικῶν
706 1072 962 1127 μειρακίων,
1001 1072 1074 1112 καί
1111 1069 1220 1126 πρὸς
1260 1069 1432 1128 σφαγὴν
1472 1070 1519 1114 τὸ
1556 1069 1711 1127 ἑαυτῆς

229 1137 471 1195 ἐπιδούσης,
501 1137 522 1180 ὃ
552 1140 800 1192 ΙΙΙαυρίκιος
832 1139 886 1180 ου’
915 1139 1176 1195 κατεδέξατο,
1208 1137 1313 1180 α’λλὰ
1345 1138 1393 1181 τὸ
1424 1137 1534 1182 ἴδιον
1561 1138 1712 1194 ἐπεζή-

227 1222 374 1262 τησεν·
446 1204 560 1262 φασὶ
595 1207 643 1248 δέ
671 1221 804 1259 τινες,
834 1202 899 1248 ὅτι
931 1203 1081 1248 τούτου
1121 1207 1374 1262 σφαγέντος,
1403 1205 1512 1262 γάλα
1542 1205 1623 1250 σὺν
1651 1209 1710 1264 τῷ
1729 1219 1768 1258 ,ᾗ

230 1275 378 1328 αἵματι
405 1272 617 1330 ἔρρευσεν,
649 1268 755 1314 ὥστε
776 1271 939 1322 πάντας
956 1271 1056 1323 τούς
1080 1271 1270 1330 ὁρῶντας
1299 1276 1513 1330 θρηνῆσαι
1541 1275 1707 1324 δειναῖς.

96 1347 132 1382 P.
148 1338 339 1393 24401‘1'100
368 1343 447 1397 μὲν
478 1336 556 1382 οὖν
585 1338 605 1382 ὃ
633 1340 836 1395 βασιλεύς
874 1341 948 1383 καί
972 1340 1100 1393 μόνος
1140 1338 1313 1397 φύσεως
1341 1340 1609 1398 ὑψηλότερος
1642 1358 1711 1397 γε-

228 1408 361 1465 γονώς
389 1407 650 1451 ὑπαλλάττει
670 1407 744 1450 τὸν
769 1409 879 1461 βίον.
940 1409 994 1450 ου’
1024 1410 1185 1451 διέλιπε
1214 1410 1260 1452 δὲ
1277 1408 1353 1465 τήν
1376 1410 1601 1464 Ῥωμαίων
1628 1413 1710 1464 βα-

325 1581 357 1614 3.
386 1582 462 1616 τῶν
487 1578 631 1627 φωνῶν
658 1591 727 1612 om.
756 1582 796 1614 A.
923 1581 957 1614 3.
990 1581 1040 1626 τῷ
1073 1579 1325 1629 δυστυχὴιιιατι
1350 1582 1391 1623 Α,
1419 1579 1462 1617 τὸ
1488 1581 1707 1629 δυστύχηιιια

323 1628 421 1674 vulg.
535 1640 585 1662 10.
613 1625 736 1667 εὗθεῖς
760 1628 869 1673 vulg.x
985 1639 1035 1661 12.
1063 1628 1126 1672 τῆς
1155 1629 1364 1677 συμφορᾶς
1388 1631 1427 1663 Δ.
1568 1630 1706 1675 κλεψά-

328 1687 394 1720 σης
419 1677 459 1718 Α,
486 1675 848 1722 σκεπασιίσηςηνιιίςς.
953 1675 1005 1709 13.
1036 1671 1136 1723 πρὸς
1161 1675 1317 1724 σφαγὴν
1330 1675 1370 1713 τὸ
1396 1677 1528 1721 ἑαυτῆς
1552 1677 1706 1714 ξηιδοὺ-

326 1735 391 1768 σης
411 1726 449 1766 Α,
473 1721 569 1772 πρὸς
594 1719 722 1772 φυγὴν
747 1718 886 1767 ἑαυτὴν
920 1723 1153 1768 ἐπιδοσιὶσης
1178 1726 1273 1771 vulg.
1387 1729 1436 1762 16.
1463 1727 1642 1772 ἔρρευσεν
1669 1728 1707 1767 Α,

325 1772 482 1819 ἐρεῦσαι
507 1773 603 1817 vulg.
782 1785 832 1818 ¹7·
859 1771 979 1819 μόνος
1004 1774 1045 1814 Α,
1070 1774 1192 1820 νόμον
1216 1786 1248 1816 a,
1273 1772 1395 1822 νόμου
1423 1774 1446 1815 s,
1471 1774 1578 1822 νόμῳ
1607 1775 1703 1818 vulg.

330 1825 383 1856 18.
411 1820 635 1857 ὑπαλλάττει
661 1821 702 1863 Α,
730 1819 938 1855 διαλλάττει
968 1820 1063 1866 vulg.

231 1971 454 2005 contumelia
477 1977 723 2020 prosequutus
762 1977 835 2005 est:
875 1971 974 2017 quod
1000 1972 1141 2016 gravius
1169 1971 1327 2006 ferentes
1365 1971 1522 2014 Veneti,
1549 1970 1707 2015 discede,

234 2019 446 2061 exclamant,
471 2019 569 2054 disce
597 2020 760 2065 modeste
786 2031 912 2064 agere:
949 2019 1111 2053 nondum
1139 2020 1337 2053 Mauricius
1362 2020 1483 2065 periit.
1532 2024 1707 2063 tyrannus

231 2066 382 2101 vocibus
408 2068 487 2101 istis
515 2067 662 2111 auditis,
691 2067 736 2101 de
764 2067 939 2102 Mauricio
971 2068 1188 2114 quantocius
1225 2079 1244 2100 e
1270 2068 1390 2102 medio
1425 2067 1592 2101 tollendo
1617 2079 1706 2102 con-

233 2114 356 2148 silium
385 2115 473 2149 init:
509 2117 791 2163 summissosque
822 2114 1090 2149 Chalcedonem
1127 2116 1262 2149 milites
1302 2115 1349 2149 ad
1385 2115 1535 2161 Europii
1559 2121 1708 2161 portum

233 2162 479 2206 descendere,
506 2163 634 2210 ibique
661 2164 904 2198 Mauricianae
929 2164 1088 2197 familiae
1115 2170 1268 2208 stragem
1296 2163 1404 2197 edere
1431 2164 1599 2209 imperat.
1638 2164 1706 2197 sub

233 2211 462 2257 imperatoris
487 2211 599 2256 igitur
620 2213 734 2258 ipsius
760 2212 883 2245 oculos
901 2211 1008 2245 liberi
1033 2213 1109 2245 eius
1133 2211 1284 2246 masculi
1308 2212 1471 2257 quinque
1495 2211 1612 2257 primo
1636 2223 1705 2246 ne-

233 2264 382 2293 cantur:
409 2259 636 2305 imperatoris
672 2260 807 2306 quippe
834 2259 1052 2305 supplicium
1089 2271 1110 2292 a
1137 2259 1290 2293 filiorum
1323 2270 1412 2293 nece
1439 2265 1614 2303 tyrannus
1639 2271 1706 2293 au-

233 2306 448 2353 spicabatur.
499 2307 693 2341 Mauricius
720 2319 798 2340 eam
827 2307 1068 2341 calamitatem
1094 2307 1178 2340 forti
1212 2307 1332 2341 animo
1370 2308 1565 2349 sustinens,
1596 2306 1704 2342 deum

233 2366 352 2389 rerum
378 2355 536 2388 omnium
567 2355 768 2401 praesidem
795 2355 1022 2400 frequentius
1048 2356 1230 2397 invocans,
1255 2354 1595 2401 philosophabatur,
1625 2367 1705 2389 cre-

231 2403 374 2450 broque
401 2402 605 2449 repetebat:
633 2404 752 2437 Iustus
779 2414 827 2443 es,
848 2402 1019 2445 domine,
1056 2409 1093 2437 et
1118 2409 1214 2437 recta
1239 2403 1373 2437 iudicia
1397 2409 1472 2437 tua.
1522 2403 1608 2437 filiis
1632 2405 1704 2438 ita-

233 2463 305 2498 que
329 2462 424 2485 mors
448 2451 563 2493 illata,
589 2450 853 2497 sepulchralem
877 2449 1053 2485 honorem
1082 2457 1185 2497 patre
1215 2452 1444 2499 auspicante:
1484 2452 1547 2498 qui
1571 2451 1705 2486 videli-

232 2505 290 2534 cet
315 2500 353 2534 in
375 2499 520 2533 summis
547 2499 728 2533 aerumnis
755 2509 913 2532 summae
937 2499 1080 2533 virtutis
1105 2499 1262 2545 speciem
1286 2499 1462 2534 exhibuit.
1500 2510 1580 2534 cum
1606 2500 1705 2535 enim

135 2566 186 2601 Χ
233 2548 358 2582 nutrix
382 2559 493 2582 unum
519 2559 563 2582 ex
588 2547 814 2593 imperatoris
840 2546 924 2579 filiis
944 2549 1115 2581 suffurata
1145 2549 1329 2594 proprium
1357 2548 1433 2582 eius
1458 2547 1539 2582 loco
1565 2547 1703 2582 substi-

233 2596 375 2638 tuisset,
402 2607 476 2630 non
501 2601 556 2630 est
577 2594 647 2629 hoc
666 2606 792 2641 passus
818 2594 1024 2636 Mauricius,
1061 2594 1125 2629 sed
1149 2608 1251 2629 suum
1278 2596 1478 2643 requisivit.
1530 2606 1574 2629 ex
1594 2596 1704 2641 iugu-

234 2644 300 2678 lati
326 2644 431 2690 pueri
455 2643 669 2690 corpusculo
701 2643 758 2676 lac
782 2653 979 2684 emanasse,
1017 2642 1163 2689 quidam
1199 2644 1338 2678 feruntt
1363 2643 1462 2691 quod
1490 2644 1704 2689 spectatori-

232 2692 301 2726 bus
326 2691 493 2729 omnibus
519 2691 768 2726 acerbissimas
793 2690 958 2724 lacrimas
985 2693 1152 2725 excussit.
1220 2693 1344 2739 sicque
1377 2689 1525 2726 tandem
1546 2693 1705 2737 impera-

234 2745 303 2781 tor,
329 2752 409 2774 cum
434 2740 514 2786 lege
537 2744 687 2775 naturae
712 2739 935 2785 superiorem
960 2749 998 2772 se
1024 2740 1146 2784 gessit,
1180 2740 1292 2775 vitam
1318 2745 1432 2774 morte
1457 2740 1703 2774 commutavit.

234 2798 279 2822 ex
303 2787 369 2823 illo
394 2788 538 2823 demum
563 2794 724 2835 tempore
747 2787 972 2822 calamitates
999 2787 1118 2823 variae
1143 2788 1385 2835 ingentesque
1413 2788 1610 2822 Romanum
1632 2788 1702 2821 im·-
