<?xml version="1.0" encoding="UTF-8"?>
<!DOCTYPE html PUBLIC "-//W3C//DTD XHTML 1.0 Transitional//EN"
    "http://www.w3.org/TR/xhtml1/DTD/xhtml1-transitional.dtd">
<html xmlns="http://www.w3.org/1999/xhtml" xml:lang="en" lang="en">
 <head>
  <title>
</title>
<meta http-equiv="Content-Type" content="text/html;charset=utf-8" />
  <meta name='ocr-system' content='tesseract 3.04.00' />
  <meta name='ocr-capabilities' content='ocr_page ocr_carea ocr_par ocr_line ocrx_word'/>
</head>
<body>
  <div class='ocr_page' id='page_1' title='image "./corpusscriptorum46niebuoft_0446.png"; bbox 0 0 1768 3106; ppageno 0'>
   <div class='ocr_carea' id='block_1_1' title="bbox 287 131 1196 191">
    <p class='ocr_par' dir='ltr' id='par_1_1' title="bbox 287 131 1196 191">
     <span class='ocr_line' id='line_1_1' title="bbox 287 131 1196 191; baseline 0.004 -4"><span class='ocrx_word' id='word_1_1' title='bbox 287 131 405 188; x_wconf 84' lang='grc'><em>386</em></span> <span class='ocrx_word' id='word_1_2' title='bbox 830 181 833 189; x_wconf 18' lang='lat' dir='ltr'><strong>t</strong></span> <span class='ocrx_word' id='word_1_3' title='bbox 848 148 1196 191; x_wconf 80' lang='lat' dir='ltr'>THEOPHANIS</span> 
     </span>
    </p>
   </div>
   <div class='ocr_carea' id='block_1_2' title="bbox 73 246 1768 1594">
    <p class='ocr_par' dir='ltr' id='par_1_2' title="bbox 73 246 1759 441">
     <span class='ocr_line' id='line_1_2' title="bbox 73 246 1759 309; baseline 0.002 -20"><span class='ocrx_word' id='word_1_4' title='bbox 73 256 269 304; x_wconf 77' lang='lat' dir='ltr'>A.M.6073</span> <span class='ocrx_word' id='word_1_5' title='bbox 400 249 546 309; x_wconf 73' lang='grc' dir='ltr'><em>Τούτῳ</em></span> <span class='ocrx_word' id='word_1_6' title='bbox 592 252 652 309; x_wconf 70' lang='grc' dir='ltr'><em>τῷ</em></span> <span class='ocrx_word' id='word_1_7' title='bbox 679 246 766 293; x_wconf 81' lang='grc' dir='ltr'><em>ἔτει</em></span> <span class='ocrx_word' id='word_1_8' title='bbox 796 248 819 292; x_wconf 81' lang='grc' dir='ltr'>ὅ</span> <span class='ocrx_word' id='word_1_9' title='bbox 859 252 943 292; x_wconf 75' lang='grc' dir='ltr'><em>τῶν</em></span> <span class='ocrx_word' id='word_1_10' title='bbox 976 254 1162 306; x_wconf 80' lang='grc' dir='ltr'><em>Περσῶν</em></span> <span class='ocrx_word' id='word_1_11' title='bbox 1192 249 1397 304; x_wconf 72' lang='grc' dir='ltr'><em>βασιλεύς</em></span> <span class='ocrx_word' id='word_1_12' title='bbox 1425 250 1653 305; x_wconf 79' lang='grc' dir='ltr'><em>α’ναλαβών</em></span> <span class='ocrx_word' id='word_1_13' title='bbox 1683 250 1759 302; x_wconf 81' lang='grc' dir='ltr'><em>τὰς</em></span> 
     </span>
     <span class='ocr_line' id='line_1_3' title="bbox 141 312 1759 374; baseline 0.004 -19"><span class='ocrx_word' id='word_1_14' title='bbox 141 321 184 355; x_wconf 89' lang='lat' dir='ltr'><em>V.</em></span> <span class='ocrx_word' id='word_1_15' title='bbox 204 317 439 369; x_wconf 75' lang='grc' dir='ltr'><em>ι69ἓαυτοῦ</em></span> <span class='ocrx_word' id='word_1_16' title='bbox 473 318 676 371; x_wconf 69' lang='grc' dir='ltr'><em>δυνάμεις</em></span> <span class='ocrx_word' id='word_1_17' title='bbox 713 318 786 360; x_wconf 82' lang='grc' dir='ltr'><em>έπί</em></span> <span class='ocrx_word' id='word_1_18' title='bbox 822 316 901 372; x_wconf 71' lang='grc' dir='ltr'><em>τὴν</em></span> <span class='ocrx_word' id='word_1_19' title='bbox 933 312 1165 370; x_wconf 75' lang='grc' dir='ltr'><em>Ἀρμενίαν</em></span> <span class='ocrx_word' id='word_1_20' title='bbox 1205 322 1353 372; x_wconf 82' lang='grc' dir='ltr'><em>χωρεῖ’.</em></span> <span class='ocrx_word' id='word_1_21' title='bbox 1423 318 1611 374; x_wconf 76' lang='grc' dir='ltr'><em>ἀκηκοώς</em></span> <span class='ocrx_word' id='word_1_22' title='bbox 1649 320 1698 361; x_wconf 79' lang='grc' dir='ltr'><em>δὲ</em></span> <span class='ocrx_word' id='word_1_23' title='bbox 1735 315 1759 360; x_wconf 80' lang='grc' dir='ltr'>ὅ</span> 
     </span>
     <span class='ocr_line' id='line_1_4' title="bbox 277 382 1759 441; baseline -0.002 -10"><span class='ocrx_word' id='word_1_24' title='bbox 277 390 361 431; x_wconf 77' lang='grc' dir='ltr'><em>τῶν</em></span> <span class='ocrx_word' id='word_1_25' title='bbox 391 386 617 440; x_wconf 86' lang='grc' dir='ltr'><em>Ῥωμαίων</em></span> <span class='ocrx_word' id='word_1_26' title='bbox 655 382 892 440; x_wconf 83' lang='grc' dir='ltr'><em>στρατηγὸς</em></span> <span class='ocrx_word' id='word_1_27' title='bbox 922 383 1004 428; x_wconf 74' lang='grc' dir='ltr'><em>τὸν</em></span> <span class='ocrx_word' id='word_1_28' title='bbox 1043 387 1128 428; x_wconf 75' lang='grc' dir='ltr'><em>τῶν</em></span> <span class='ocrx_word' id='word_1_29' title='bbox 1159 387 1347 441; x_wconf 78' lang='grc' dir='ltr'><em>Περσῶν</em></span> <span class='ocrx_word' id='word_1_30' title='bbox 1383 384 1564 441; x_wconf 82' lang='grc' dir='ltr'><strong><em>βασιλέα</em></strong></span> <span class='ocrx_word' id='word_1_31' title='bbox 1585 387 1759 440; x_wconf 77' lang='grc' dir='ltr'><em>μέλλειν</em></span> 
     </span>
    </p>

    <p class='ocr_par' dir='ltr' id='par_1_3' title="bbox 277 450 1759 509">
     <span class='ocr_line' id='line_1_5' title="bbox 277 450 1759 509; baseline -0.003 -10"><span class='ocrx_word' id='word_1_32' title='bbox 277 454 353 499; x_wconf 84' lang='grc' dir='ltr'><em>τὸν</em></span> <span class='ocrx_word' id='word_1_33' title='bbox 375 454 557 507; x_wconf 85' lang='grc' dir='ltr'><em>πόλεμον</em></span> <span class='ocrx_word' id='word_1_34' title='bbox 587 453 850 509; x_wconf 76' lang='grc' dir='ltr'><em>αυ’τουργει”ν,</em></span> <span class='ocrx_word' id='word_1_35' title='bbox 880 450 1052 502; x_wconf 81' lang='grc' dir='ltr'><em>ἔκλυτος</em></span> <span class='ocrx_word' id='word_1_36' title='bbox 1081 455 1266 508; x_wconf 85' lang='grc' dir='ltr'><em>γέγονεν·</em></span> <span class='ocrx_word' id='word_1_37' title='bbox 1325 454 1418 504; x_wconf 75' lang='grc' dir='ltr'><em>δέος</em></span> <span class='ocrx_word' id='word_1_38' title='bbox 1449 451 1532 509; x_wconf 74' lang='grc' dir='ltr'><em>γάρ</em></span> <span class='ocrx_word' id='word_1_39' title='bbox 1561 453 1759 509; x_wconf 72' lang='grc' dir='ltr'><em>εἰσῆλθεν</em></span> 
     </span>
    </p>

    <p class='ocr_par' dir='ltr' id='par_1_4' title="bbox 237 516 1757 713">
     <span class='ocr_line' id='line_1_6' title="bbox 237 516 1757 576; baseline -0.003 -10"><span class='ocrx_word' id='word_1_40' title='bbox 237 525 338 573; x_wconf 79' lang='grc' dir='ltr'><em>Βείς</em></span> <span class='ocrx_word' id='word_1_41' title='bbox 368 520 444 565; x_wconf 84' lang='grc' dir='ltr'><em>τὸν</em></span> <span class='ocrx_word' id='word_1_42' title='bbox 473 519 578 563; x_wconf 89' lang='grc' dir='ltr'><em>λαόν</em></span> <span class='ocrx_word' id='word_1_43' title='bbox 616 521 701 562; x_wconf 80' lang='grc' dir='ltr'><em>τῶν</em></span> <span class='ocrx_word' id='word_1_44' title='bbox 722 519 961 573; x_wconf 84' lang='grc' dir='ltr'><em>Ῥωμαίων.</em></span> <span class='ocrx_word' id='word_1_45' title='bbox 1038 518 1110 563; x_wconf 75' lang='grc' dir='ltr'><em>διὰ</em></span> <span class='ocrx_word' id='word_1_46' title='bbox 1144 522 1265 563; x_wconf 83' lang='grc' dir='ltr'><em>τοῦτο</em></span> <span class='ocrx_word' id='word_1_47' title='bbox 1296 518 1438 576; x_wconf 84' lang='grc' dir='ltr'><em>λόγοις</em></span> <span class='ocrx_word' id='word_1_48' title='bbox 1461 516 1757 571; x_wconf 84' lang='grc' dir='ltr'><em>Ἰουστινιανός</em></span> 
     </span>
     <span class='ocr_line' id='line_1_7' title="bbox 274 585 1754 645; baseline -0.002 -12"><span class='ocrx_word' id='word_1_49' title='bbox 274 588 384 645; x_wconf 85' lang='grc' dir='ltr'><em>πρὸς</em></span> <span class='ocrx_word' id='word_1_50' title='bbox 423 587 500 638; x_wconf 77' lang='grc' dir='ltr'><em>τὰς</em></span> <span class='ocrx_word' id='word_1_51' title='bbox 530 586 735 641; x_wconf 72' lang='grc' dir='ltr'><em>δυνάμεις</em></span> <span class='ocrx_word' id='word_1_52' title='bbox 774 585 1070 645; x_wconf 77' lang='grc' dir='ltr'><em>χρησάμενος,</em></span> <span class='ocrx_word' id='word_1_53' title='bbox 1114 585 1364 632; x_wconf 75' lang='grc' dir='ltr'><strong><em>ἀπέπαυσεν</em></strong></span> <span class='ocrx_word' id='word_1_54' title='bbox 1402 591 1478 644; x_wconf 84' lang='grc' dir='ltr'><em>τῆς</em></span> <span class='ocrx_word' id='word_1_55' title='bbox 1509 587 1671 638; x_wconf 75' lang='grc' dir='ltr'><em>δειλίας</em></span> <span class='ocrx_word' id='word_1_56' title='bbox 1706 587 1754 631; x_wconf 82' lang='grc' dir='ltr'><em>τὸ</em></span> 
     </span>
     <span class='ocr_line' id='line_1_8' title="bbox 269 657 1756 713; baseline -0.003 -11"><span class='ocrx_word' id='word_1_57' title='bbox 269 657 479 713; x_wconf 83' lang='grc' dir='ltr'><em>μάχιμον.</em></span> <span class='ocrx_word' id='word_1_58' title='bbox 540 657 730 709; x_wconf 87' lang='grc' dir='ltr'><em>πολέμου</em></span> <span class='ocrx_word' id='word_1_59' title='bbox 751 657 798 698; x_wconf 82' lang='grc' dir='ltr'><em>δὲ</em></span> <span class='ocrx_word' id='word_1_60' title='bbox 825 658 1115 713; x_wconf 77' lang='grc' dir='ltr'><em>κροτηθέντος,</em></span> <span class='ocrx_word' id='word_1_61' title='bbox 1147 658 1310 711; x_wconf 73' lang='grc' dir='ltr'><em>καὶτῆς</em></span> <span class='ocrx_word' id='word_1_62' title='bbox 1330 658 1492 708; x_wconf 76' lang='grc' dir='ltr'><em>τοξείας</em></span> <span class='ocrx_word' id='word_1_63' title='bbox 1520 657 1606 699; x_wconf 76' lang='grc' dir='ltr'><em>τῶν</em></span> <span class='ocrx_word' id='word_1_64' title='bbox 1633 658 1756 710; x_wconf 84' lang='grc' dir='ltr'><em>Περ-</em></span> 
     </span>
    </p>

    <p class='ocr_par' dir='ltr' id='par_1_5' title="bbox 269 721 1753 780">
     <span class='ocr_line' id='line_1_9' title="bbox 269 721 1753 780; baseline -0.003 -10"><span class='ocrx_word' id='word_1_65' title='bbox 269 728 357 770; x_wconf 75' lang='grc' dir='ltr'><em>σαῖν</em></span> <span class='ocrx_word' id='word_1_66' title='bbox 387 726 544 779; x_wconf 81' lang='grc' dir='ltr'><em>πολλῆς</em></span> <span class='ocrx_word' id='word_1_67' title='bbox 570 724 803 779; x_wconf 84' lang='grc' dir='ltr'><em>γεγονυίας,</em></span> <span class='ocrx_word' id='word_1_68' title='bbox 828 722 888 773; x_wconf 78' lang='grc' dir='ltr'><em>ὥς</em></span> <span class='ocrx_word' id='word_1_69' title='bbox 919 725 996 766; x_wconf 79' lang='grc' dir='ltr'><em>καί</em></span> <span class='ocrx_word' id='word_1_70' title='bbox 1023 721 1095 774; x_wconf 76' lang='grc' dir='ltr'><em>τιὲς</em></span> <span class='ocrx_word' id='word_1_71' title='bbox 1119 722 1301 780; x_wconf 75' lang='grc' dir='ltr'><em>ἡλιακὰς</em></span> <span class='ocrx_word' id='word_1_72' title='bbox 1329 721 1611 779; x_wconf 81' lang='grc' dir='ltr'><em>α’ποκρύπτειν</em></span> <span class='ocrx_word' id='word_1_73' title='bbox 1638 724 1753 766; x_wconf 76' lang='grc' dir='ltr'><em>α’κτῖ-</em></span> 
     </span>
    </p>

    <p class='ocr_par' dir='ltr' id='par_1_6' title="bbox 263 788 1752 1119">
     <span class='ocr_line' id='line_1_10' title="bbox 267 788 1752 850; baseline -0.002 -13"><span class='ocrx_word' id='word_1_74' title='bbox 267 809 353 850; x_wconf 79' lang='grc' dir='ltr'><em>νας,</em></span> <span class='ocrx_word' id='word_1_75' title='bbox 379 791 586 846; x_wconf 85' lang='grc' dir='ltr'><em>Ῥωμαῖοι</em></span> <span class='ocrx_word' id='word_1_76' title='bbox 628 796 722 841; x_wconf 84' lang='grc' dir='ltr'><em>ταῖς</em></span> <span class='ocrx_word' id='word_1_77' title='bbox 763 790 915 834; x_wconf 74' lang='grc' dir='ltr'><em>ἀσπίσι</em></span> <span class='ocrx_word' id='word_1_78' title='bbox 945 791 1021 841; x_wconf 82' lang='grc' dir='ltr'><em>τοὶς</em></span> <span class='ocrx_word' id='word_1_79' title='bbox 1065 793 1112 834; x_wconf 86' lang='grc' dir='ltr'><em>έκ</em></span> <span class='ocrx_word' id='word_1_80' title='bbox 1142 792 1227 835; x_wconf 75' lang='grc' dir='ltr'><em>τῶν</em></span> <span class='ocrx_word' id='word_1_81' title='bbox 1255 791 1388 843; x_wconf 79' lang='grc' dir='ltr'><em>τόξων</em></span> <span class='ocrx_word' id='word_1_82' title='bbox 1413 788 1542 846; x_wconf 71' lang='grc' dir='ltr'><em>βολὰς</em></span> <span class='ocrx_word' id='word_1_83' title='bbox 1573 791 1752 848; x_wconf 81' lang='grc' dir='ltr'><em>α’πορρι-</em></span> 
     </span>
     <span class='ocr_line' id='line_1_11' title="bbox 265 856 1750 917; baseline -0.001 -14"><span class='ocrx_word' id='word_1_84' title='bbox 265 862 466 917; x_wconf 79' lang='grc' dir='ltr'><em>ψάμενοι,</em></span> <span class='ocrx_word' id='word_1_85' title='bbox 496 862 568 916; x_wconf 83' lang='grc' dir='ltr'><em>τῆς</em></span> <span class='ocrx_word' id='word_1_86' title='bbox 596 857 704 902; x_wconf 75' lang='grc' dir='ltr'><em>κατὰ</em></span> <span class='ocrx_word' id='word_1_87' title='bbox 737 857 955 915; x_wconf 77' lang='grc' dir='ltr'><em>συστάδην</em></span> <span class='ocrx_word' id='word_1_88' title='bbox 983 858 1125 915; x_wconf 81' lang='grc' dir='ltr'><em>μάχης</em></span> <span class='ocrx_word' id='word_1_89' title='bbox 1152 856 1421 915; x_wconf 70' lang='grc' dir='ltr'><em>ἀπήρχοντο·</em></span> <span class='ocrx_word' id='word_1_90' title='bbox 1474 860 1676 914; x_wconf 77' lang='grc' dir='ltr'><em>βαθείας</em></span> <span class='ocrx_word' id='word_1_91' title='bbox 1703 860 1750 902; x_wconf 82' lang='grc' dir='ltr'><em>δὲ</em></span> 
     </span>
     <span class='ocr_line' id='line_1_12' title="bbox 263 921 1751 984; baseline -0.001 -13"><span class='ocrx_word' id='word_1_92' title='bbox 263 927 538 984; x_wconf 72' lang='grc' dir='ltr'><em>καθεστώσης</em></span> <span class='ocrx_word' id='word_1_93' title='bbox 564 929 638 983; x_wconf 88' lang='grc' dir='ltr'><em>τῆς</em></span> <span class='ocrx_word' id='word_1_94' title='bbox 661 928 747 969; x_wconf 74' lang='grc' dir='ltr'><em>τῶν</em></span> <span class='ocrx_word' id='word_1_95' title='bbox 769 925 992 979; x_wconf 86' lang='grc' dir='ltr'><em>Ῥωμαίων</em></span> <span class='ocrx_word' id='word_1_96' title='bbox 1027 925 1246 983; x_wconf 79' lang='grc' dir='ltr'><em>έκτάξεως,</em></span> <span class='ocrx_word' id='word_1_97' title='bbox 1278 928 1427 984; x_wconf 85' lang='grc' dir='ltr'><em>φέρειν</em></span> <span class='ocrx_word' id='word_1_98' title='bbox 1456 925 1533 969; x_wconf 75' lang='grc' dir='ltr'><em>οὐκ</em></span> <span class='ocrx_word' id='word_1_99' title='bbox 1557 921 1679 981; x_wconf 74' lang='grc' dir='ltr'><em>εἶχον</em></span> <span class='ocrx_word' id='word_1_100' title='bbox 1710 926 1751 970; x_wconf 87' lang='grc' dir='ltr'><em>οἱ</em></span> 
     </span>
     <span class='ocr_line' id='line_1_13' title="bbox 263 989 1752 1051; baseline -0.002 -12"><span class='ocrx_word' id='word_1_101' title='bbox 263 998 439 1051; x_wconf 79' lang='grc' dir='ltr'><em>Πέρσαι</em></span> <span class='ocrx_word' id='word_1_102' title='bbox 456 1011 469 1024; x_wconf 91' lang='grc'><em>·</em></span> <span class='ocrx_word' id='word_1_103' title='bbox 503 996 578 1036; x_wconf 82' lang='grc' dir='ltr'><em>καί</em></span> <span class='ocrx_word' id='word_1_104' title='bbox 603 997 801 1049; x_wconf 82' lang='grc' dir='ltr'><em>τρέπεται</em></span> <span class='ocrx_word' id='word_1_105' title='bbox 829 993 855 1050; x_wconf 82' lang='grc' dir='ltr'><em>ἦ</em></span> <span class='ocrx_word' id='word_1_106' title='bbox 884 995 968 1036; x_wconf 75' lang='grc' dir='ltr'><em>τῶν</em></span> <span class='ocrx_word' id='word_1_107' title='bbox 996 996 1290 1048; x_wconf 85' lang='grc' dir='ltr'><em>Βαβυλωνίων</em></span> <span class='ocrx_word' id='word_1_108' title='bbox 1318 993 1499 1051; x_wconf 68' lang='grc' dir='ltr'><em>πληθύς,</em></span> <span class='ocrx_word' id='word_1_109' title='bbox 1524 995 1600 1036; x_wconf 81' lang='grc' dir='ltr'><em>καί</em></span> <span class='ocrx_word' id='word_1_110' title='bbox 1628 989 1752 1036; x_wconf 74' lang='grc' dir='ltr'><em>ἄναι-</em></span> 
     </span>
     <span class='ocr_line' id='line_1_14' title="bbox 263 1059 1751 1119; baseline -0.001 -15"><span class='ocrx_word' id='word_1_111' title='bbox 263 1065 437 1118; x_wconf 84' lang='grc' dir='ltr'><em>ροῦνται</em></span> <span class='ocrx_word' id='word_1_112' title='bbox 467 1059 612 1119; x_wconf 72' lang='grc' dir='ltr'><em>πλήθη</em></span> <span class='ocrx_word' id='word_1_113' title='bbox 643 1060 791 1104; x_wconf 79' lang='grc' dir='ltr'><em>πολλά.</em></span> <span class='ocrx_word' id='word_1_114' title='bbox 851 1063 1245 1117; x_wconf 80' lang='grc' dir='ltr'><em>παραλαμβάνουσι</em></span> <span class='ocrx_word' id='word_1_115' title='bbox 1274 1064 1322 1105; x_wconf 85' lang='grc' dir='ltr'><em>δὲ</em></span> <span class='ocrx_word' id='word_1_116' title='bbox 1349 1064 1424 1105; x_wconf 82' lang='grc' dir='ltr'><strong><em>καί</em></strong></span> <span class='ocrx_word' id='word_1_117' title='bbox 1442 1059 1490 1105; x_wconf 83' lang='grc' dir='ltr'><em>τὸ</em></span> <span class='ocrx_word' id='word_1_118' title='bbox 1520 1063 1606 1105; x_wconf 72' lang='grc' dir='ltr'><em>τῶν</em></span> <span class='ocrx_word' id='word_1_119' title='bbox 1627 1065 1751 1116; x_wconf 87' lang='grc' dir='ltr'><em>Περ-</em></span> 
     </span>
    </p>

    <p class='ocr_par' dir='ltr' id='par_1_7' title="bbox 220 1128 1768 1255">
     <span class='ocr_line' id='line_1_15' title="bbox 261 1128 1748 1186; baseline 0 -14"><span class='ocrx_word' id='word_1_120' title='bbox 261 1131 349 1172; x_wconf 78' lang='grc' dir='ltr'><em>σῶν</em></span> <span class='ocrx_word' id='word_1_121' title='bbox 387 1131 567 1173; x_wconf 76' lang='grc' dir='ltr'><em>τοῦλδον</em></span> <span class='ocrx_word' id='word_1_122' title='bbox 613 1131 688 1172; x_wconf 85' lang='grc' dir='ltr'><strong><em>καί</em></strong></span> <span class='ocrx_word' id='word_1_123' title='bbox 726 1128 771 1173; x_wconf 84' lang='grc' dir='ltr'>τὸ</span> <span class='ocrx_word' id='word_1_124' title='bbox 805 1129 1028 1183; x_wconf 84' lang='grc' dir='ltr'><em>βασιλικὸν</em></span> <span class='ocrx_word' id='word_1_125' title='bbox 1067 1128 1366 1186; x_wconf 82' lang='grc' dir='ltr'><em>σκηνοπήγιον,</em></span> <span class='ocrx_word' id='word_1_126' title='bbox 1395 1131 1470 1172; x_wconf 74' lang='grc' dir='ltr'><em>καὶ</em></span> <span class='ocrx_word' id='word_1_127' title='bbox 1498 1132 1641 1173; x_wconf 77' lang='grc' dir='ltr'><em>πᾶσαν</em></span> <span class='ocrx_word' id='word_1_128' title='bbox 1668 1128 1748 1186; x_wconf 76' lang='grc' dir='ltr'><em>τὴν</em></span> 
     </span>
     <span class='ocr_line' id='line_1_16' title="bbox 220 1192 1768 1255; baseline 0.001 -15"><span class='ocrx_word' id='word_1_129' title='bbox 220 1195 508 1252; x_wconf 70' lang='grc' dir='ltr'><em>(Ῑοῖποσκευὴν</em></span> <span class='ocrx_word' id='word_1_130' title='bbox 537 1198 731 1249; x_wconf 75' lang='grc' dir='ltr'><em>ἐπίδοξον</em></span> <span class='ocrx_word' id='word_1_131' title='bbox 763 1192 911 1240; x_wconf 74' lang='grc' dir='ltr'><em>οὖσαν.</em></span> <span class='ocrx_word' id='word_1_132' title='bbox 971 1198 1177 1252; x_wconf 81' lang='grc' dir='ltr'><em>κρατοῦσι</em></span> <span class='ocrx_word' id='word_1_133' title='bbox 1215 1198 1264 1239; x_wconf 74' lang='grc' dir='ltr'><em>δὲ</em></span> <span class='ocrx_word' id='word_1_134' title='bbox 1293 1195 1367 1239; x_wconf 86' lang='grc' dir='ltr'>καί</span> <span class='ocrx_word' id='word_1_135' title='bbox 1393 1198 1478 1240; x_wconf 76' lang='grc' dir='ltr'><em>ταῖν</em></span> <span class='ocrx_word' id='word_1_136' title='bbox 1505 1196 1768 1255; x_wconf 74' lang='grc' dir='ltr'><em>ἐλεφάντων]</em></span> 
     </span>
    </p>

    <p class='ocr_par' dir='ltr' id='par_1_8' title="bbox 260 1262 1747 1321">
     <span class='ocr_line' id='line_1_17' title="bbox 260 1262 1747 1321; baseline 0.001 -16"><span class='ocrx_word' id='word_1_137' title='bbox 260 1264 300 1307; x_wconf 90' lang='grc' dir='ltr'><em>οὶ</em></span> <span class='ocrx_word' id='word_1_138' title='bbox 327 1265 547 1321; x_wconf 81' lang='grc' dir='ltr'><em>Ῥωμαῖοι,</em></span> <span class='ocrx_word' id='word_1_139' title='bbox 575 1265 650 1307; x_wconf 84' lang='grc' dir='ltr'><em>καί</em></span> <span class='ocrx_word' id='word_1_140' title='bbox 677 1262 781 1321; x_wconf 85' lang='grc' dir='ltr'><em>πρὸς</em></span> <span class='ocrx_word' id='word_1_141' title='bbox 814 1265 1011 1320; x_wconf 79' lang='grc' dir='ltr'><em>Τιβέριον</em></span> <span class='ocrx_word' id='word_1_142' title='bbox 1052 1265 1267 1319; x_wconf 84' lang='grc' dir='ltr'><em>πέμπουσι</em></span> <span class='ocrx_word' id='word_1_143' title='bbox 1297 1263 1350 1306; x_wconf 83' lang='grc' dir='ltr'><em>τοὶ</em></span> <span class='ocrx_word' id='word_1_144' title='bbox 1385 1266 1574 1321; x_wconf 80' lang='grc' dir='ltr'><em>ἐπίσημα</em></span> <span class='ocrx_word' id='word_1_145' title='bbox 1607 1265 1747 1308; x_wconf 78' lang='grc' dir='ltr'><em>ἐκεῖνα</em></span> 
     </span>
    </p>

    <p class='ocr_par' dir='ltr' id='par_1_9' title="bbox 256 1329 1747 1458">
     <span class='ocr_line' id='line_1_18' title="bbox 258 1329 1747 1390; baseline -0.001 -16"><span class='ocrx_word' id='word_1_146' title='bbox 258 1334 333 1375; x_wconf 82' lang='grc' dir='ltr'><em>καί</em></span> <span class='ocrx_word' id='word_1_147' title='bbox 359 1331 564 1387; x_wconf 78' lang='grc' dir='ltr'><em>βασιλικοὶ</em></span> <span class='ocrx_word' id='word_1_148' title='bbox 597 1331 788 1390; x_wconf 81' lang='grc' dir='ltr'><em>λάφυρα.</em></span> <span class='ocrx_word' id='word_1_149' title='bbox 847 1335 1077 1386; x_wconf 74' lang='grc' dir='ltr'><em>νομοθετεῖ</em></span> <span class='ocrx_word' id='word_1_150' title='bbox 1107 1336 1248 1375; x_wconf 88' lang='grc' dir='ltr'><em>τοίνυν</em></span> <span class='ocrx_word' id='word_1_151' title='bbox 1278 1329 1300 1373; x_wconf 82' lang='grc' dir='ltr'>ὅ</span> <span class='ocrx_word' id='word_1_152' title='bbox 1332 1334 1416 1375; x_wconf 75' lang='grc' dir='ltr'><em>τῶν</em></span> <span class='ocrx_word' id='word_1_153' title='bbox 1447 1334 1635 1387; x_wconf 74' lang='grc' dir='ltr'><em>Περσῶν</em></span> <span class='ocrx_word' id='word_1_154' title='bbox 1663 1336 1747 1387; x_wconf 84' lang='grc' dir='ltr'><em>βα..</em></span> 
     </span>
     <span class='ocr_line' id='line_1_19' title="bbox 256 1399 1746 1458; baseline 0 -15"><span class='ocrx_word' id='word_1_155' title='bbox 256 1399 405 1450; x_wconf 77' lang='grc' dir='ltr'><em>σιλεὺς</em></span> <span class='ocrx_word' id='word_1_156' title='bbox 433 1399 512 1455; x_wconf 73' lang='grc' dir='ltr'><em>τὴν</em></span> <span class='ocrx_word' id='word_1_157' title='bbox 541 1400 750 1457; x_wconf 80' lang='grc' dir='ltr'><em>αἰσχύνην</em></span> <span class='ocrx_word' id='word_1_158' title='bbox 783 1399 843 1456; x_wconf 79' lang='grc' dir='ltr'><em>μὴ</em></span> <span class='ocrx_word' id='word_1_159' title='bbox 877 1400 1033 1458; x_wconf 80' lang='grc' dir='ltr'><em>φέρων,</em></span> <span class='ocrx_word' id='word_1_160' title='bbox 1063 1402 1212 1455; x_wconf 83' lang='grc' dir='ltr'><em>μηκέτι</em></span> <span class='ocrx_word' id='word_1_161' title='bbox 1239 1401 1421 1454; x_wconf 83' lang='grc' dir='ltr'><em>βασιλέα</em></span> <span class='ocrx_word' id='word_1_162' title='bbox 1447 1401 1530 1444; x_wconf 77' lang='grc' dir='ltr'><em>τῶν</em></span> <span class='ocrx_word' id='word_1_163' title='bbox 1557 1401 1746 1454; x_wconf 75' lang='grc' dir='ltr'><em>Περσῶν</em></span> 
     </span>
    </p>

    <p class='ocr_par' dir='ltr' id='par_1_10' title="bbox 255 1465 1768 1594">
     <span class='ocr_line' id='line_1_20' title="bbox 255 1465 1743 1523; baseline 0 -13"><span class='ocrx_word' id='word_1_164' title='bbox 255 1469 316 1518; x_wconf 88' lang='grc' dir='ltr'><em>εἰς</em></span> <span class='ocrx_word' id='word_1_165' title='bbox 346 1465 533 1522; x_wconf 85' lang='grc' dir='ltr'><em>πόλεμον</em></span> <span class='ocrx_word' id='word_1_166' title='bbox 573 1469 841 1523; x_wconf 74' lang='grc' dir='ltr'><em>ἐξέρχεσθαι.</em></span> <span class='ocrx_word' id='word_1_167' title='bbox 919 1466 941 1510; x_wconf 77' lang='grc' dir='ltr'>ὁ</span> <span class='ocrx_word' id='word_1_168' title='bbox 972 1468 1020 1510; x_wconf 72' lang='grc' dir='ltr'><em>δὲ</em></span> <span class='ocrx_word' id='word_1_169' title='bbox 1043 1467 1291 1520; x_wconf 72' lang='grc' dir='ltr'><em>ζΡωμαϊκός</em></span> <span class='ocrx_word' id='word_1_170' title='bbox 1319 1466 1503 1523; x_wconf 84' lang='grc' dir='ltr'><em>στρατὸς</em></span> <span class='ocrx_word' id='word_1_171' title='bbox 1529 1468 1743 1510; x_wconf 73' lang='grc' dir='ltr'><em>ἐπετίθετο</em></span> 
     </span>
     <span class='ocr_line' id='line_1_21' title="bbox 255 1533 1768 1594; baseline 0 -16"><span class='ocrx_word' id='word_1_172' title='bbox 255 1540 350 1586; x_wconf 79' lang='grc' dir='ltr'><em>ταῖς</em></span> <span class='ocrx_word' id='word_1_173' title='bbox 381 1538 624 1593; x_wconf 82' lang='grc' dir='ltr'><em>Περσικαῖς</em></span> <span class='ocrx_word' id='word_1_174' title='bbox 660 1542 935 1594; x_wconf 79' lang='grc' dir='ltr'><em>συμφοραῖς,</em></span> <span class='ocrx_word' id='word_1_175' title='bbox 967 1536 1043 1579; x_wconf 81' lang='grc' dir='ltr'><strong><em>καί</em></strong></span> <span class='ocrx_word' id='word_1_176' title='bbox 1068 1533 1177 1593; x_wconf 85' lang='grc' dir='ltr'><em>πρὸς</em></span> <span class='ocrx_word' id='word_1_177' title='bbox 1205 1533 1258 1578; x_wconf 73' lang='grc' dir='ltr'><em>τά</em></span> <span class='ocrx_word' id='word_1_178' title='bbox 1291 1533 1488 1593; x_wconf 75' lang='grc' dir='ltr'><em>ένδότερα</em></span> <span class='ocrx_word' id='word_1_179' title='bbox 1511 1535 1596 1592; x_wconf 77' lang='grc' dir='ltr'><em>’τῆς</em></span> <span class='ocrx_word' id='word_1_180' title='bbox 1621 1539 1768 1592; x_wconf 67' lang='grc' dir='ltr'><em>Περ-ο</em></span> 
     </span>
    </p>
   </div>
   <div class='ocr_carea' id='block_1_3' title="bbox 62 1686 1740 1971">
    <p class='ocr_par' dir='ltr' id='par_1_11' title="bbox 345 1686 1740 1829">
     <span class='ocr_line' id='line_1_22' title="bbox 349 1686 1740 1736; baseline 0 -12"><span class='ocrx_word' id='word_1_181' title='bbox 349 1699 382 1724; x_wconf 79' lang='lat'><em>2.</em></span> <span class='ocrx_word' id='word_1_182' title='bbox 408 1686 512 1734; x_wconf 78' lang='grc' dir='ltr'><em>ἇκηκ.</em></span> <span class='ocrx_word' id='word_1_183' title='bbox 539 1688 580 1725; x_wconf 75' lang='grc' dir='ltr'><em>δὲ</em></span> <span class='ocrx_word' id='word_1_184' title='bbox 607 1687 626 1726; x_wconf 84' lang='grc' dir='ltr'><em>ὅ</em></span> <span class='ocrx_word' id='word_1_185' title='bbox 656 1690 698 1731; x_wconf 91' lang='grc' dir='ltr'><em>Α,</em></span> <span class='ocrx_word' id='word_1_186' title='bbox 727 1690 830 1733; x_wconf 60' lang='lat' dir='ltr'>dame.</span> <span class='ocrx_word' id='word_1_187' title='bbox 857 1689 876 1726; x_wconf 85' lang='grc' dir='ltr'><em>ὅ</em></span> <span class='ocrx_word' id='word_1_188' title='bbox 903 1691 998 1736; x_wconf 83' lang='lat' dir='ltr'>vulg.</span> <span class='ocrx_word' id='word_1_189' title='bbox 1136 1702 1187 1723; x_wconf 86' lang='grc' dir='ltr'><em>ιι.</em></span> <span class='ocrx_word' id='word_1_190' title='bbox 1211 1689 1390 1731; x_wconf 74' lang='grc' dir='ltr'><em>ἐκτάξεως</em></span> <span class='ocrx_word' id='word_1_191' title='bbox 1412 1689 1443 1724; x_wconf 89' lang='grc' dir='ltr'><strong>Α</strong></span> <span class='ocrx_word' id='word_1_192' title='bbox 1463 1687 1500 1730; x_wconf 87' lang='lat' dir='ltr'><em>b,</em></span> <span class='ocrx_word' id='word_1_193' title='bbox 1539 1686 1740 1736; x_wconf 73' lang='grc' dir='ltr'><em>φάλαγγος</em></span> 
     </span>
     <span class='ocr_line' id='line_1_23' title="bbox 346 1733 1737 1786; baseline 0.001 -16"><span class='ocrx_word' id='word_1_194' title='bbox 346 1738 443 1783; x_wconf 86' lang='lat' dir='ltr'>vulg.</span> <span class='ocrx_word' id='word_1_195' title='bbox 581 1740 620 1774; x_wconf 89' lang='grc' dir='ltr'><em>οἱ</em></span> <span class='ocrx_word' id='word_1_196' title='bbox 647 1738 731 1773; x_wconf 82' lang='lat' dir='ltr'><strong>add.</strong></span> <span class='ocrx_word' id='word_1_197' title='bbox 759 1751 804 1773; x_wconf 81' lang='lat' dir='ltr'><em>ex</em></span> <span class='ocrx_word' id='word_1_198' title='bbox 828 1740 870 1773; x_wconf 88' lang='lat' dir='ltr'><em>A.</em></span> <span class='ocrx_word' id='word_1_199' title='bbox 1006 1751 1057 1786; x_wconf 82' lang='lat'><em>¹9·</em></span> <span class='ocrx_word' id='word_1_200' title='bbox 1089 1739 1262 1774; x_wconf 62' lang='grc' dir='ltr'><em>ἐπείθετο</em></span> <span class='ocrx_word' id='word_1_201' title='bbox 1286 1740 1328 1772; x_wconf 86' lang='grc' dir='ltr'><em>Α.</em></span> <span class='ocrx_word' id='word_1_202' title='bbox 1469 1747 1529 1771; x_wconf 85' lang='lat'><em>20.</em></span> <span class='ocrx_word' id='word_1_203' title='bbox 1557 1733 1602 1772; x_wconf 81' lang='grc' dir='ltr'><em>τὰ</em></span> <span class='ocrx_word' id='word_1_204' title='bbox 1628 1737 1737 1774; x_wconf 75' lang='grc' dir='ltr'><em>ἐνδό-</em></span> 
     </span>
     <span class='ocr_line' id='line_1_24' title="bbox 345 1786 507 1829; baseline 0 -9"><span class='ocrx_word' id='word_1_205' title='bbox 345 1797 438 1821; x_wconf 77' lang='grc' dir='ltr'><em>τατα</em></span> <span class='ocrx_word' id='word_1_206' title='bbox 465 1786 507 1829; x_wconf 84' lang='grc' dir='ltr'><em>Α.</em></span> 
     </span>
    </p>

    <p class='ocr_par' dir='ltr' id='par_1_12' title="bbox 62 1917 1737 1971">
     <span class='ocr_line' id='line_1_25' title="bbox 62 1917 1737 1971; baseline -0.002 -19"><span class='ocrx_word' id='word_1_207' title='bbox 62 1921 238 1971; x_wconf 73' lang='lat' dir='ltr'><strong>A.C‚553</strong></span> <span class='ocrx_word' id='word_1_208' title='bbox 346 1917 424 1952; x_wconf 86' lang='lat' dir='ltr'><em>Hoc</em></span> <span class='ocrx_word' id='word_1_209' title='bbox 450 1929 546 1952; x_wconf 82' lang='lat' dir='ltr'><strong>anno</strong></span> <span class='ocrx_word' id='word_1_210' title='bbox 573 1919 759 1954; x_wconf 81' lang='lat' dir='ltr'><strong>Persarum</strong></span> <span class='ocrx_word' id='word_1_211' title='bbox 789 1930 850 1953; x_wconf 87' lang='lat' dir='ltr'><em>rex</em></span> <span class='ocrx_word' id='word_1_212' title='bbox 887 1919 1030 1954; x_wconf 83' lang='lat' dir='ltr'><strong>eductis</strong></span> <span class='ocrx_word' id='word_1_213' title='bbox 1067 1919 1288 1954; x_wconf 81' lang='lat' dir='ltr'><strong>exercitibus</strong></span> <span class='ocrx_word' id='word_1_214' title='bbox 1325 1919 1362 1952; x_wconf 90' lang='lat' dir='ltr'><em>in</em></span> <span class='ocrx_word' id='word_1_215' title='bbox 1389 1917 1592 1952; x_wconf 81' lang='lat' dir='ltr'><strong>Armeniam</strong></span> <span class='ocrx_word' id='word_1_216' title='bbox 1621 1917 1737 1963; x_wconf 81' lang='lat' dir='ltr'>profi-</span> 
     </span>
    </p>
   </div>
   <div class='ocr_carea' id='block_1_4' title="bbox 246 1965 1736 2827">
    <p class='ocr_par' dir='ltr' id='par_1_13' title="bbox 246 1965 1736 2827">
     <span class='ocr_line' id='line_1_26' title="bbox 253 1965 1736 2011; baseline 0 -13"><span class='ocrx_word' id='word_1_217' title='bbox 253 1965 413 2000; x_wconf 88' lang='lat' dir='ltr'>ciscitur.</span> <span class='ocrx_word' id='word_1_218' title='bbox 475 1968 714 2002; x_wconf 82' lang='lat' dir='ltr'>Romanorum</span> <span class='ocrx_word' id='word_1_219' title='bbox 751 1980 836 2002; x_wconf 84' lang='lat' dir='ltr'>vero</span> <span class='ocrx_word' id='word_1_220' title='bbox 863 1968 938 2001; x_wconf 79' lang='lat' dir='ltr'>dux</span> <span class='ocrx_word' id='word_1_221' title='bbox 973 1968 1126 2002; x_wconf 78' lang='lat' dir='ltr'><strong>audiens</strong></span> <span class='ocrx_word' id='word_1_222' title='bbox 1160 1969 1346 2001; x_wconf 76' lang='lat' dir='ltr'><strong>Persarum</strong></span> <span class='ocrx_word' id='word_1_223' title='bbox 1375 1977 1494 2011; x_wconf 85' lang='lat' dir='ltr'>regem</span> <span class='ocrx_word' id='word_1_224' title='bbox 1520 1965 1568 1999; x_wconf 85' lang='lat' dir='ltr'><em>ad</em></span> <span class='ocrx_word' id='word_1_225' title='bbox 1596 1965 1736 1999; x_wconf 87' lang='lat' dir='ltr'><strong>bellum</strong></span> 
     </span>
     <span class='ocr_line' id='line_1_27' title="bbox 253 2014 1736 2062; baseline 0.001 -16"><span class='ocrx_word' id='word_1_226' title='bbox 253 2014 495 2047; x_wconf 79' lang='lat' dir='ltr'>revocandum</span> <span class='ocrx_word' id='word_1_227' title='bbox 526 2017 674 2061; x_wconf 83' lang='lat' dir='ltr'>propria</span> <span class='ocrx_word' id='word_1_228' title='bbox 716 2022 847 2061; x_wconf 87' lang='lat' dir='ltr'><strong>sponte</strong></span> <span class='ocrx_word' id='word_1_229' title='bbox 876 2016 1094 2062; x_wconf 83' lang='lat' dir='ltr'>procedere,</span> <span class='ocrx_word' id='word_1_230' title='bbox 1131 2017 1250 2049; x_wconf 83' lang='lat' dir='ltr'><strong>animo</strong></span> <span class='ocrx_word' id='word_1_231' title='bbox 1278 2015 1458 2049; x_wconf 84' lang='lat' dir='ltr'>concidit:</span> <span class='ocrx_word' id='word_1_232' title='bbox 1484 2015 1612 2058; x_wconf 86' lang='lat' dir='ltr'><strong>ingens</strong></span> <span class='ocrx_word' id='word_1_233' title='bbox 1638 2014 1736 2047; x_wconf 79' lang='lat' dir='ltr'><strong>enim</strong></span> 
     </span>
     <span class='ocr_line' id='line_1_28' title="bbox 251 2060 1736 2111; baseline 0.001 -18"><span class='ocrx_word' id='word_1_234' title='bbox 251 2062 360 2094; x_wconf 86' lang='lat' dir='ltr'>timor</span> <span class='ocrx_word' id='word_1_235' title='bbox 387 2064 628 2096; x_wconf 81' lang='lat' dir='ltr'>Romanorum</span> <span class='ocrx_word' id='word_1_236' title='bbox 678 2066 816 2098; x_wconf 84' lang='lat' dir='ltr'><strong>animos</strong></span> <span class='ocrx_word' id='word_1_237' title='bbox 857 2065 1002 2099; x_wconf 79' lang='lat' dir='ltr'><strong>invasit.</strong></span> <span class='ocrx_word' id='word_1_238' title='bbox 1072 2069 1293 2111; x_wconf 84' lang='lat' dir='ltr'>quapropter</span> <span class='ocrx_word' id='word_1_239' title='bbox 1332 2062 1460 2096; x_wconf 83' lang='lat' dir='ltr'><strong>habita</strong></span> <span class='ocrx_word' id='word_1_240' title='bbox 1507 2060 1554 2094; x_wconf 81' lang='lat' dir='ltr'><em>ad</em></span> <span class='ocrx_word' id='word_1_241' title='bbox 1595 2062 1736 2094; x_wconf 78' lang='lat' dir='ltr'>exerci-</span> 
     </span>
     <span class='ocr_line' id='line_1_29' title="bbox 252 2109 1736 2152; baseline 0.001 -10"><span class='ocrx_word' id='word_1_242' title='bbox 252 2114 327 2142; x_wconf 85' lang='lat' dir='ltr'><em>tum</em></span> <span class='ocrx_word' id='word_1_243' title='bbox 373 2110 620 2152; x_wconf 80' lang='lat' dir='ltr'>allocutione,</span> <span class='ocrx_word' id='word_1_244' title='bbox 669 2113 841 2146; x_wconf 84' lang='lat' dir='ltr'><strong>militiam</strong></span> <span class='ocrx_word' id='word_1_245' title='bbox 886 2125 1028 2146; x_wconf 87' lang='lat' dir='ltr'><strong>omnem</strong></span> <span class='ocrx_word' id='word_1_246' title='bbox 1081 2118 1181 2146; x_wconf 88' lang='lat' dir='ltr'><strong>metu</strong></span> <span class='ocrx_word' id='word_1_247' title='bbox 1237 2111 1452 2145; x_wconf 78' lang='lat' dir='ltr'>dissolutam</span> <span class='ocrx_word' id='word_1_248' title='bbox 1512 2109 1736 2143; x_wconf 70' lang='lat' dir='ltr'><strong>lastinianus</strong></span> 
     </span>
     <span class='ocr_line' id='line_1_30' title="bbox 251 2157 1735 2205; baseline 0 -15"><span class='ocrx_word' id='word_1_249' title='bbox 251 2158 445 2198; x_wconf 75' lang='lat' dir='ltr'><strong>animavit,</strong></span> <span class='ocrx_word' id='word_1_250' title='bbox 489 2164 526 2192; x_wconf 84' lang='lat' dir='ltr'><em>et</em></span> <span class='ocrx_word' id='word_1_251' title='bbox 559 2158 605 2191; x_wconf 86' lang='lat' dir='ltr'><em>ad</em></span> <span class='ocrx_word' id='word_1_252' title='bbox 640 2161 833 2205; x_wconf 83' lang='lat' dir='ltr'>pristinum</span> <span class='ocrx_word' id='word_1_253' title='bbox 872 2161 985 2194; x_wconf 85' lang='lat' dir='ltr'>robur</span> <span class='ocrx_word' id='word_1_254' title='bbox 1023 2161 1212 2194; x_wconf 83' lang='lat' dir='ltr'>revocavit.</span> <span class='ocrx_word' id='word_1_255' title='bbox 1273 2164 1440 2192; x_wconf 83' lang='lat' dir='ltr'><em>conserto</em></span> <span class='ocrx_word' id='word_1_256' title='bbox 1478 2157 1591 2202; x_wconf 84' lang='lat' dir='ltr'>igitur</span> <span class='ocrx_word' id='word_1_257' title='bbox 1629 2169 1735 2203; x_wconf 80' lang='lat' dir='ltr'>prae-</span> 
     </span>
     <span class='ocr_line' id='line_1_31' title="bbox 251 2205 1733 2254; baseline 0 -16"><span class='ocrx_word' id='word_1_258' title='bbox 251 2205 315 2246; x_wconf 85' lang='lat' dir='ltr'><strong>lio,</strong></span> <span class='ocrx_word' id='word_1_259' title='bbox 342 2211 521 2252; x_wconf 77' lang='lat' dir='ltr'><strong>tantaque</strong></span> <span class='ocrx_word' id='word_1_260' title='bbox 549 2218 567 2239; x_wconf 85' lang='lat' dir='ltr'>a</span> <span class='ocrx_word' id='word_1_261' title='bbox 595 2207 708 2241; x_wconf 82' lang='lat' dir='ltr'>Persis</span> <span class='ocrx_word' id='word_1_262' title='bbox 735 2209 863 2242; x_wconf 78' lang='lat' dir='ltr'><strong>emissa</strong></span> <span class='ocrx_word' id='word_1_263' title='bbox 889 2210 1096 2254; x_wconf 79' lang='lat' dir='ltr'>sagittarum</span> <span class='ocrx_word' id='word_1_264' title='bbox 1125 2208 1249 2252; x_wconf 81' lang='lat' dir='ltr'>copia,</span> <span class='ocrx_word' id='word_1_265' title='bbox 1277 2217 1372 2252; x_wconf 85' lang='lat' dir='ltr'>quae</span> <span class='ocrx_word' id='word_1_266' title='bbox 1406 2206 1492 2239; x_wconf 87' lang='lat' dir='ltr'><strong>solis</strong></span> <span class='ocrx_word' id='word_1_267' title='bbox 1518 2205 1638 2238; x_wconf 82' lang='lat' dir='ltr'>radios</span> <span class='ocrx_word' id='word_1_268' title='bbox 1664 2205 1733 2238; x_wconf 90' lang='lat' dir='ltr'><em>ob-</em></span> 
     </span>
     <span class='ocr_line' id='line_1_32' title="bbox 250 2253 1733 2301; baseline 0.001 -15"><span class='ocrx_word' id='word_1_269' title='bbox 250 2259 436 2295; x_wconf 81' lang='lat' dir='ltr'>scuraret,</span> <span class='ocrx_word' id='word_1_270' title='bbox 467 2255 617 2287; x_wconf 80' lang='lat' dir='ltr'><strong>Romani</strong></span> <span class='ocrx_word' id='word_1_271' title='bbox 654 2255 806 2301; x_wconf 84' lang='lat' dir='ltr'><strong>depulso</strong></span> <span class='ocrx_word' id='word_1_272' title='bbox 836 2258 1049 2300; x_wconf 70' lang='lat' dir='ltr'>sagittarum</span> <span class='ocrx_word' id='word_1_273' title='bbox 1083 2256 1201 2295; x_wconf 86' lang='lat' dir='ltr'>iactu,</span> <span class='ocrx_word' id='word_1_274' title='bbox 1231 2254 1276 2287; x_wconf 83' lang='lat' dir='ltr'><em>ad</em></span> <span class='ocrx_word' id='word_1_275' title='bbox 1305 2265 1460 2299; x_wconf 82' lang='lat' dir='ltr'><strong>pugnam</strong></span> <span class='ocrx_word' id='word_1_276' title='bbox 1487 2253 1649 2287; x_wconf 86' lang='lat' dir='ltr'><strong>corninus</strong></span> <span class='ocrx_word' id='word_1_277' title='bbox 1674 2254 1733 2288; x_wconf 85' lang='lat' dir='ltr'><em>in-</em></span> 
     </span>
     <span class='ocr_line' id='line_1_33' title="bbox 251 2301 1732 2347; baseline 0 -13"><span class='ocrx_word' id='word_1_278' title='bbox 251 2301 409 2335; x_wconf 80' lang='lat' dir='ltr'><strong>eundam</strong></span> <span class='ocrx_word' id='word_1_279' title='bbox 443 2309 708 2347; x_wconf 78' lang='lat' dir='ltr'>processerunt.</span> <span class='ocrx_word' id='word_1_280' title='bbox 767 2303 815 2337; x_wconf 84' lang='lat' dir='ltr'><em>ad</em></span> <span class='ocrx_word' id='word_1_281' title='bbox 851 2304 943 2338; x_wconf 80' lang='lat' dir='ltr'>haec</span> <span class='ocrx_word' id='word_1_282' title='bbox 983 2306 1220 2338; x_wconf 84' lang='lat' dir='ltr'>Romanorum</span> <span class='ocrx_word' id='word_1_283' title='bbox 1255 2302 1416 2347; x_wconf 76' lang='lat' dir='ltr'>phalanx</span> <span class='ocrx_word' id='word_1_284' title='bbox 1456 2301 1620 2335; x_wconf 79' lang='lat' dir='ltr'><em>conferta</em></span> <span class='ocrx_word' id='word_1_285' title='bbox 1649 2313 1732 2335; x_wconf 87' lang='lat' dir='ltr'>cum</span> 
     </span>
     <span class='ocr_line' id='line_1_34' title="bbox 251 2350 1731 2396; baseline -0.001 -13"><span class='ocrx_word' id='word_1_286' title='bbox 251 2355 358 2392; x_wconf 81' lang='lat' dir='ltr'><strong>esset,</strong></span> <span class='ocrx_word' id='word_1_287' title='bbox 388 2355 426 2383; x_wconf 84' lang='lat' dir='ltr'><em>et</em></span> <span class='ocrx_word' id='word_1_288' title='bbox 451 2361 516 2395; x_wconf 88' lang='lat' dir='ltr'><em>per</em></span> <span class='ocrx_word' id='word_1_289' title='bbox 538 2362 660 2383; x_wconf 84' lang='lat' dir='ltr'><strong>omnes</strong></span> <span class='ocrx_word' id='word_1_290' title='bbox 690 2358 810 2396; x_wconf 78' lang='lat' dir='ltr'>partes</span> <span class='ocrx_word' id='word_1_291' title='bbox 838 2352 884 2384; x_wconf 84' lang='lat' dir='ltr'><em>ad</em></span> <span class='ocrx_word' id='word_1_292' title='bbox 911 2353 1067 2386; x_wconf 81' lang='lat' dir='ltr'><strong>invicem</strong></span> <span class='ocrx_word' id='word_1_293' title='bbox 1100 2351 1194 2384; x_wconf 86' lang='lat' dir='ltr'><strong>bene</strong></span> <span class='ocrx_word' id='word_1_294' title='bbox 1221 2357 1420 2396; x_wconf 75' lang='lat' dir='ltr'>compacta,</span> <span class='ocrx_word' id='word_1_295' title='bbox 1445 2361 1525 2384; x_wconf 80' lang='lat' dir='ltr'><em>eam</em></span> <span class='ocrx_word' id='word_1_296' title='bbox 1549 2350 1731 2383; x_wconf 80' lang='lat' dir='ltr'><strong>sustinere</strong></span> 
     </span>
     <span class='ocr_line' id='line_1_35' title="bbox 250 2398 1732 2444; baseline 0.001 -13"><span class='ocrx_word' id='word_1_297' title='bbox 250 2409 327 2431; x_wconf 87' lang='lat' dir='ltr'><em>non</em></span> <span class='ocrx_word' id='word_1_298' title='bbox 351 2398 545 2431; x_wconf 85' lang='lat' dir='ltr'>valuerunt</span> <span class='ocrx_word' id='word_1_299' title='bbox 565 2399 712 2441; x_wconf 72' lang='lat' dir='ltr'>Persae3</span> <span class='ocrx_word' id='word_1_300' title='bbox 738 2400 787 2432; x_wconf 84' lang='lat' dir='ltr'><strong>ita</strong></span> <span class='ocrx_word' id='word_1_301' title='bbox 807 2400 1087 2443; x_wconf 75' lang='lat' dir='ltr'><strong>Babyloniorum</strong></span> <span class='ocrx_word' id='word_1_302' title='bbox 1113 2399 1242 2444; x_wconf 82' lang='lat' dir='ltr'>copiae</span> <span class='ocrx_word' id='word_1_303' title='bbox 1265 2405 1455 2432; x_wconf 85' lang='lat' dir='ltr'>vertuntur</span> <span class='ocrx_word' id='word_1_304' title='bbox 1477 2398 1516 2431; x_wconf 88' lang='lat' dir='ltr'><em>in</em></span> <span class='ocrx_word' id='word_1_305' title='bbox 1542 2398 1674 2442; x_wconf 77' lang='lat' dir='ltr'>fugam,</span> <span class='ocrx_word' id='word_1_306' title='bbox 1694 2403 1732 2432; x_wconf 81' lang='lat' dir='ltr'><em>et</em></span> 
     </span>
     <span class='ocr_line' id='line_1_36' title="bbox 252 2447 1730 2492; baseline 0.001 -14"><span class='ocrx_word' id='word_1_307' title='bbox 252 2457 297 2478; x_wconf 85' lang='lat' dir='ltr'><em>ex</em></span> <span class='ocrx_word' id='word_1_308' title='bbox 321 2447 372 2478; x_wconf 86' lang='lat' dir='ltr'><strong>eis</strong></span> <span class='ocrx_word' id='word_1_309' title='bbox 405 2457 577 2479; x_wconf 84' lang='lat' dir='ltr'>numerus</span> <span class='ocrx_word' id='word_1_310' title='bbox 605 2457 718 2492; x_wconf 85' lang='lat' dir='ltr'>prope</span> <span class='ocrx_word' id='word_1_311' title='bbox 743 2448 937 2481; x_wconf 88' lang='lat' dir='ltr'><strong>immensus</strong></span> <span class='ocrx_word' id='word_1_312' title='bbox 967 2447 1137 2481; x_wconf 83' lang='lat' dir='ltr'><strong>concidit.</strong></span> <span class='ocrx_word' id='word_1_313' title='bbox 1204 2449 1254 2480; x_wconf 81' lang='lat' dir='ltr'><strong>ita</strong></span> <span class='ocrx_word' id='word_1_314' title='bbox 1279 2447 1423 2480; x_wconf 88' lang='lat' dir='ltr'>demum</span> <span class='ocrx_word' id='word_1_315' title='bbox 1449 2447 1632 2480; x_wconf 80' lang='lat' dir='ltr'>Persarum</span> <span class='ocrx_word' id='word_1_316' title='bbox 1663 2457 1730 2491; x_wconf 81' lang='lat' dir='ltr'><em>ap-</em></span> 
     </span>
     <span class='ocr_line' id='line_1_37' title="bbox 250 2494 1728 2541; baseline 0 -15"><span class='ocrx_word' id='word_1_317' title='bbox 250 2500 399 2539; x_wconf 81' lang='lat' dir='ltr'>paratus</span> <span class='ocrx_word' id='word_1_318' title='bbox 415 2494 704 2540; x_wconf 80' lang='lat' dir='ltr'>sarcinarumque</span> <span class='ocrx_word' id='word_1_319' title='bbox 722 2496 883 2528; x_wconf 85' lang='lat' dir='ltr'><strong>omnium</strong></span> <span class='ocrx_word' id='word_1_320' title='bbox 901 2496 1062 2541; x_wconf 85' lang='lat' dir='ltr'>potiores</span> <span class='ocrx_word' id='word_1_321' title='bbox 1082 2496 1175 2529; x_wconf 85' lang='lat' dir='ltr'><strong>fiunt</strong></span> <span class='ocrx_word' id='word_1_322' title='bbox 1186 2497 1350 2536; x_wconf 78' lang='lat' dir='ltr'><strong>Romani,</strong></span> <span class='ocrx_word' id='word_1_323' title='bbox 1373 2495 1565 2541; x_wconf 86' lang='lat' dir='ltr'>ipsumque</span> <span class='ocrx_word' id='word_1_324' title='bbox 1592 2494 1728 2538; x_wconf 85' lang='lat' dir='ltr'>regium</span> 
     </span>
     <span class='ocr_line' id='line_1_38' title="bbox 250 2542 1730 2590; baseline -0.001 -15"><span class='ocrx_word' id='word_1_325' title='bbox 250 2543 448 2575; x_wconf 81' lang='lat' dir='ltr'>tentorium</span> <span class='ocrx_word' id='word_1_326' title='bbox 473 2542 662 2583; x_wconf 76' lang='lat' dir='ltr'><strong>invadunt,</strong></span> <span class='ocrx_word' id='word_1_327' title='bbox 688 2549 724 2576; x_wconf 86' lang='lat' dir='ltr'><em>et</em></span> <span class='ocrx_word' id='word_1_328' title='bbox 752 2555 896 2576; x_wconf 85' lang='lat' dir='ltr'><strong>omnem</strong></span> <span class='ocrx_word' id='word_1_329' title='bbox 923 2544 1190 2589; x_wconf 85' lang='lat' dir='ltr'><strong>supellectilem</strong></span> <span class='ocrx_word' id='word_1_330' title='bbox 1219 2544 1414 2590; x_wconf 80' lang='lat' dir='ltr'><em>pretiosam</em></span> <span class='ocrx_word' id='word_1_331' title='bbox 1432 2547 1529 2576; x_wconf 81' lang='lat' dir='ltr'>certe</span> <span class='ocrx_word' id='word_1_332' title='bbox 1559 2546 1597 2575; x_wconf 76' lang='lat' dir='ltr'><em>et</em></span> <span class='ocrx_word' id='word_1_333' title='bbox 1623 2542 1730 2575; x_wconf 89' lang='lat' dir='ltr'>lucu-</span> 
     </span>
     <span class='ocr_line' id='line_1_39' title="bbox 249 2589 1729 2638; baseline -0.001 -15"><span class='ocrx_word' id='word_1_334' title='bbox 249 2590 385 2623; x_wconf 77' lang='lat' dir='ltr'><strong>lentam</strong></span> <span class='ocrx_word' id='word_1_335' title='bbox 413 2589 612 2636; x_wconf 84' lang='lat' dir='ltr'>diripiunt:</span> <span class='ocrx_word' id='word_1_336' title='bbox 639 2590 854 2636; x_wconf 86' lang='lat' dir='ltr'><em>elephantos</em></span> <span class='ocrx_word' id='word_1_337' title='bbox 883 2590 1065 2637; x_wconf 88' lang='lat' dir='ltr'><strong>denique,</strong></span> <span class='ocrx_word' id='word_1_338' title='bbox 1095 2604 1188 2638; x_wconf 80' lang='lat' dir='ltr'>quae</span> <span class='ocrx_word' id='word_1_339' title='bbox 1217 2592 1416 2636; x_wconf 78' lang='lat' dir='ltr'><strong>insigniora</strong></span> <span class='ocrx_word' id='word_1_340' title='bbox 1441 2596 1479 2624; x_wconf 84' lang='lat' dir='ltr'><em>et</em></span> <span class='ocrx_word' id='word_1_341' title='bbox 1505 2590 1601 2634; x_wconf 83' lang='lat' dir='ltr'>regia</span> <span class='ocrx_word' id='word_1_342' title='bbox 1618 2589 1729 2635; x_wconf 83' lang='lat' dir='ltr'><strong>plane</strong></span> 
     </span>
     <span class='ocr_line' id='line_1_40' title="bbox 249 2637 1728 2685; baseline 0.001 -15"><span class='ocrx_word' id='word_1_343' title='bbox 249 2638 382 2682; x_wconf 73' lang='lat' dir='ltr'><strong>spolia,</strong></span> <span class='ocrx_word' id='word_1_344' title='bbox 407 2638 508 2672; x_wconf 86' lang='lat' dir='ltr'><strong>bello</strong></span> <span class='ocrx_word' id='word_1_345' title='bbox 535 2639 600 2673; x_wconf 90' lang='lat' dir='ltr'><strong>illo</strong></span> <span class='ocrx_word' id='word_1_346' title='bbox 641 2644 764 2684; x_wconf 82' lang='lat' dir='ltr'><strong>captos</strong></span> <span class='ocrx_word' id='word_1_347' title='bbox 799 2640 948 2673; x_wconf 80' lang='lat' dir='ltr'><strong>Romani</strong></span> <span class='ocrx_word' id='word_1_348' title='bbox 980 2639 1026 2672; x_wconf 84' lang='lat' dir='ltr'><em>ad</em></span> <span class='ocrx_word' id='word_1_349' title='bbox 1061 2640 1248 2673; x_wconf 85' lang='lat' dir='ltr'><em>Tiberium</em></span> <span class='ocrx_word' id='word_1_350' title='bbox 1287 2639 1430 2685; x_wconf 80' lang='lat' dir='ltr'><strong>Cpolim</strong></span> <span class='ocrx_word' id='word_1_351' title='bbox 1466 2637 1728 2672; x_wconf 76' lang='lat' dir='ltr'><strong>transmittunt.</strong></span> 
     </span>
     <span class='ocr_line' id='line_1_41' title="bbox 250 2685 1727 2733; baseline 0 -15"><span class='ocrx_word' id='word_1_352' title='bbox 250 2697 294 2719; x_wconf 83' lang='lat' dir='ltr'><em>ex</em></span> <span class='ocrx_word' id='word_1_353' title='bbox 320 2697 391 2731; x_wconf 88' lang='lat' dir='ltr'>quo</span> <span class='ocrx_word' id='word_1_354' title='bbox 418 2687 603 2720; x_wconf 82' lang='lat' dir='ltr'><em>Persarum</em></span> <span class='ocrx_word' id='word_1_355' title='bbox 631 2698 692 2721; x_wconf 75' lang='lat' dir='ltr'><em>rex</em></span> <span class='ocrx_word' id='word_1_356' title='bbox 721 2689 813 2721; x_wconf 82' lang='lat' dir='ltr'><strong>tanti</strong></span> <span class='ocrx_word' id='word_1_357' title='bbox 837 2687 1025 2720; x_wconf 86' lang='lat' dir='ltr'>dedecoris</span> <span class='ocrx_word' id='word_1_358' title='bbox 1051 2689 1244 2733; x_wconf 82' lang='lat' dir='ltr'><strong>impatiens</strong></span> <span class='ocrx_word' id='word_1_359' title='bbox 1271 2688 1350 2732; x_wconf 85' lang='lat' dir='ltr'><strong>lege</strong></span> <span class='ocrx_word' id='word_1_360' title='bbox 1376 2685 1512 2720; x_wconf 81' lang='lat' dir='ltr'><strong>sancita</strong></span> <span class='ocrx_word' id='word_1_361' title='bbox 1541 2686 1655 2725; x_wconf 85' lang='lat' dir='ltr'>cavit,</span> <span class='ocrx_word' id='word_1_362' title='bbox 1681 2696 1727 2719; x_wconf 85' lang='lat' dir='ltr'><strong>ne</strong></span> 
     </span>
     <span class='ocr_line' id='line_1_42' title="bbox 249 2733 1727 2781; baseline -0.001 -15"><span class='ocrx_word' id='word_1_363' title='bbox 249 2733 436 2768; x_wconf 82' lang='lat' dir='ltr'>Persarum</span> <span class='ocrx_word' id='word_1_364' title='bbox 465 2735 632 2780; x_wconf 83' lang='lat' dir='ltr'>princeps</span> <span class='ocrx_word' id='word_1_365' title='bbox 658 2737 796 2780; x_wconf 78' lang='lat' dir='ltr'><strong>uspiam</strong></span> <span class='ocrx_word' id='word_1_366' title='bbox 827 2735 871 2768; x_wconf 86' lang='lat' dir='ltr'><em>ad</em></span> <span class='ocrx_word' id='word_1_367' title='bbox 899 2735 1034 2769; x_wconf 85' lang='lat' dir='ltr'><strong>bellum</strong></span> <span class='ocrx_word' id='word_1_368' title='bbox 1063 2737 1101 2769; x_wconf 93' lang='lat' dir='ltr'><em>in</em></span> <span class='ocrx_word' id='word_1_369' title='bbox 1130 2743 1314 2781; x_wconf 78' lang='lat' dir='ltr'>posterum</span> <span class='ocrx_word' id='word_1_370' title='bbox 1343 2733 1631 2781; x_wconf 85' lang='lat' dir='ltr'>progrederetur.</span> <span class='ocrx_word' id='word_1_371' title='bbox 1655 2733 1727 2766; x_wconf 82' lang='lat' dir='ltr'><em>Ro-</em></span> 
     </span>
     <span class='ocr_line' id='line_1_43' title="bbox 246 2781 1726 2827; baseline -0.001 -12"><span class='ocrx_word' id='word_1_372' title='bbox 246 2793 374 2816; x_wconf 81' lang='lat' dir='ltr'><strong>manus</strong></span> <span class='ocrx_word' id='word_1_373' title='bbox 398 2788 520 2817; x_wconf 80' lang='lat' dir='ltr'>autem</span> <span class='ocrx_word' id='word_1_374' title='bbox 546 2784 722 2817; x_wconf 72' lang='lat' dir='ltr'>exercitus</span> <span class='ocrx_word' id='word_1_375' title='bbox 751 2784 900 2818; x_wconf 82' lang='lat' dir='ltr'>Persicis</span> <span class='ocrx_word' id='word_1_376' title='bbox 933 2784 1201 2819; x_wconf 71' lang='lat' dir='ltr'><strong>calamitatibus</strong></span> <span class='ocrx_word' id='word_1_377' title='bbox 1239 2784 1391 2819; x_wconf 85' lang='lat' dir='ltr'>ulterius</span> <span class='ocrx_word' id='word_1_378' title='bbox 1424 2781 1536 2816; x_wconf 74' lang='lat' dir='ltr'><strong>dabat</strong></span> <span class='ocrx_word' id='word_1_379' title='bbox 1565 2791 1726 2827; x_wconf 81' lang='lat' dir='ltr'>operam,</span> 
     </span>
    </p>
   </div>
  </div>
 </body>
</html>
