1768 3106
281 114 395 171 682
849 132 1197 176 THEOPHANJS

279 233 356 276 καί
382 233 596 291 ὁρῶντος,
641 233 1005 290 ὖπανεγινιόσκετο
1050 232 1072 276 ὖ
1102 233 1260 290 χάρτης
1292 235 1352 284 εἷς
1391 233 1576 289 ὑπήκοον
1605 235 1764 285 παντὸς

276 303 354 343 τοῦ
381 303 504 344 λαοῦ.
531 303 607 344 καί
634 304 732 344 καθ’
760 300 936 345 ἕκαστον
973 301 1208 359 κεφάλαιον
1227 300 1372 344 ἔπαιεν
1400 301 1534 345 αὐτοῦ
1562 302 1609 344 τὸ
1631 302 1763 358 πρόσ-

277 385 392 411 ωπον
421 365 443 411 ὃ
481 369 712 426 α’σηκρῆτις
746 371 822 411 τοῦ
847 368 1119 424 πατριάρχου
1151 367 1338 425 Νικήτου
1367 371 1414 413 ἑν
1455 372 1514 427 τῷ
1542 369 1763 427 συνθρόνῳ

276 438 567 491 καθεζομένου
601 435 675 478 καί
708 438 988 493 θεωροῦντος.
1045 434 1156 490 μετὰ
1190 438 1238 478 δὲ
1267 438 1392 480 τοῦτο
1424 436 1765 492 ἀναβιβάσαντες

277 502 413 546 αὐτὸν
458 504 503 547 ἐν
541 505 600 563 τῷ
628 498 798 558 ἄμβωνι
842 505 917 546 καί
943 502 1175 560 στήσαντες
1204 495 1364 560 ὄρθιον,
1395 502 1546 558 ἔλαβεν
1573 502 1765 559 Νικήτας

274 571 350 613 τὸν
377 569 562 627 χάρτην,
604 573 678 614 καί
706 570 962 620 ἀποστείλας
1006 571 1273 627 ἐπισκόπους,
1300 573 1374 614 καί
1401 570 1547 627 λαβών
1572 570 1620 614 τὸ
1652 571 1766 624 ὠμο-

276 637 431 695 φόριον
460 639 598 681 αὐτοῦ
621 637 926 694 α’νεθεμάτισεν
953 640 1100 695 αὐτόν,
1129 639 1202 681 καί
1226 636 1567 693 ἐπονομάσαντες
1596 639 1767 682 §noud-

277 717 356 760 ψιν
388 707 574 757 ἐξέωσαν
601 705 734 749 αὐτὸν
763 707 1071 764 σ’πὲσθοφανῶς
1101 709 1172 762 τῆς
1202 709 1435 764 ἐκκλησίας.
1493 710 1568 763 τῆς
1597 709 1646 750 δὲ
1671 705 1768 762 ἑξῆς

141 782 178 819 Ρ.
195 783 263 828 372
279 772 417 832 ἡμέρᾳ
436 771 725 831 ἱπποδρομίας
757 769 888 831 οὔσης
916 773 1138 829 ἐψίλωσαν
1160 775 1294 817 αὐτοῦ
1321 774 1401 831 τὴν
1419 770 1537 831 ὄψιν,
1563 777 1638 818 καί
1664 772 1766 830 ἐγύ-

275 858 453 894 μνωσαν
484 843 622 884 αὐτοῦ
651 840 731 898 τὴν
758 841 958 897 γενειάδα
987 841 1062 885 καί
1087 841 1164 893 τὰς
1191 843 1266 899 τῆς
1294 843 1486 899 κεφαλῆς
1514 845 1668 898 τρίχας
1694 842 1767 885 καί

277 910 362 952 τῶν
390 907 582 966 ὄφρύων.
639 911 715 952 καί
753 907 1005 961 ἐνδύσαντες
1037 908 1165 952 αὐτὸν
1193 909 1369 966 σηρικύν
1398 912 1473 952 καί
1500 911 1768 964 ἀμανίκωτον

278 975 423 1020 κοντὸν
451 975 661 1020 ἐκάθισαν
687 976 820 1020 αὐτὸν
859 979 945 1020 ἐπὶ.
969 972 1070 1020 ὄνου
1100 980 1440 1033 σαγματωμένου
1469 976 1766 1035 ἑξανάστροφα

279 1047 517 1101 κρατοῦντα
548 1044 625 1101 τὴν
657 1043 794 1100 οὐράν
825 1044 977 1089 αὐτοῦ.
1012 1048 1085 1088 καί
1111 1043 1334 1102 ἐξήνεγκαν
1363 1044 1437 1088 διά
1467 1047 1545 1088 τοῦ
1574 1047 1766 1088 διϊππιόυ

279 1112 340 1162 εἰς
366 1109 415 1154 τὸ
446 1110 742 1169 ἱπποδρόμιον,
770 1116 850 1155 τοῦ
875 1115 985 1157 λαοῦ
1017 1112 1173 1164 παντὸς
1203 1115 1278 1156 καί
1305 1116 1384 1156 τοῦ
1411 1113 1550 1169 δήμου
1580 1111 1767 1156 α’νασκά-

276 1196 450 1230 πτοντος
479 1181 554 1222 καί
593 1178 852 1234 ἑμπτύοντος
895 1180 1041 1224 αὐτόν.
1075 1180 1205 1239 ἔσυρε
1235 1182 1282 1224 δὲ
1306 1180 1375 1225 τὸν
1406 1175 1502 1225 ὄνον
1531 1183 1764 1224 Κωνσταν-

276 1254 388 1300 τΐνος
419 1247 441 1290 ὃ
475 1246 653 1303 α’νεψιὸς
684 1249 823 1292 αΰτοῦ
849 1246 1194 1306 ῥινοκοπημένος.
1253 1248 1448 1300 ἐλθόντος
1479 1250 1526 1291 δὲ
1556 1249 1690 1292 αὐτοῦ
1721 1250 1766 1291 ἐν

278 1321 365 1366 τοῖς
409 1313 585 1371 δήμοις,
626 1319 840 1373 κατῆλθον
883 1319 958 1360 καί
985 1319 1245 1374 ἐνέπτυσαν,
1275 1319 1349 1360 καί
1376 1316 1489 1360 κόνιν
1517 1317 1768 1373 ἐπέρριπτον

238 1384 343 1425 Βὲπ’
372 1381 519 1426 αὕτόν.
577 1385 816 1439 ἐνέγκαντες
845 1386 893 1427 δὲ
921 1383 1054 1428 αὐτὸν
1075 1386 1136 1435 εἷς
1163 1383 1211 1428 τό
1241 1382 1396 1441 στάμα,
1418 1382 1607 1441 ἔρριψαν
1636 1383 1768 1426 αὐτὸν

276 1452 325 1493 ἐκ
351 1453 430 1494 τοῦ
458 1446 583 1508 ὄνου,
632 1455 709 1494 καί
735 1450 948 1510 ἑπάτησαν
983 1450 1057 1496 τόν
1082 1452 1296 1510 τράχηλον
1324 1454 1484 1496 αιῖτοῦ·
1542 1454 1616 1496 καί
1641 1453 1766 1495 καθί-

274 1533 429 1568 σαντες
459 1517 593 1561 αὖτόν
620 1520 825 1562 α’πέναντι
851 1522 938 1562 τῶν
969 1518 1128 1576 δήμων,
1159 1516 1313 1576 ἤκουεν
1346 1521 1447 1575 παρ’
1478 1521 1620 1563 αὐτῶν
1650 1536 1765 1562 σκω-

275 1584 454 1637 πτικούς
484 1583 645 1644 λόγους,
675 1585 755 1637 ἕως
784 1587 859 1643 τῆς
887 1587 1136 1638 α’πολύσεως
1166 1588 1245 1630 τοῦ
1279 1585 1470 1630 ἱππικοῦ.
1543 1588 1618 1630 καί
1646 1590 1699 1644 τῇ
1725 1603 1761 1628 ιε

372 1738 407 1762 2.
434 1729 521 1764 καθ’
547 1728 709 1766 ἕκαστον
738 1730 781 1772 Α,
806 1731 893 1765 καθ’
917 1729 960 1767 ’ἐν
986 1730 1083 1776 vulg.
1253 1731 1387 1766 ἔπαιεν
1411 1730 1453 1773 A,
1481 1730 1640 1766 ἔπαισεν
1665 1729 1762 1773 vulg.

370 1778 406 1821 4.
432 1781 674 1824 θεωροῦντος
699 1780 740 1819 Α,
769 1778 938 1825 ὁρῶντος
963 1779 1059 1823 vulg.
1175 1779 1208 1814 5.
1240 1774 1356 1815 αὐτὸν
1381 1778 1465 1811 add.
1493 1789 1537 1811 ex
1561 1778 1603 1811 A.
1708 1789 1758 1811 12.

372 1820 515 1863 κονδὸν
539 1826 582 1861 A.
712 1827 764 1861 13.
792 1821 856 1862 διὰ
882 1826 947 1863 τοῦ
971 1828 1108 1864 ἱππίου
1132 1826 1173 1860 A.
1299 1828 1352 1861 16.
1382 1825 1402 1863 ὁ
1429 1825 1513 1860 add.
1542 1837 1587 1860 ex
1613 1827 1656 1859 A.

275 1954 316 1987 in
341 1953 501 1987 omnium
531 1953 658 1988 auditu
684 1953 835 1988 libellus
860 1954 925 1988 ille
950 1954 1100 2000 publice
1137 1953 1371 1996 recitabatur,
1398 1959 1436 1988 et
1459 1953 1505 1987 ad
1532 1953 1674 1998 singula
1702 1964 1761 1986 ca-

276 2002 354 2047 pita
386 2001 517 2036 faciem
544 2004 621 2036 eius
665 2003 835 2037 asecretis
870 2002 1127 2049 percutiebat,
1162 2002 1366 2050 patriarcha
1391 2002 1518 2036 Niceta
1561 2003 1600 2035 in
1639 2001 1761 2035 throni

274 2060 447 2083 consessu
472 2050 622 2085 sedente
644 2062 685 2084 ac
725 2051 847 2084 omnia
866 2052 1125 2096 prospiciente.
1176 2063 1219 2085 eo
1247 2051 1381 2085 deinde
1402 2051 1440 2083 in
1467 2050 1648 2083 amboneu
1675 2061 1760 2083 eve-

274 2102 348 2139 cto,
374 2104 411 2132 et
439 2104 537 2133 recto
561 2098 602 2132 in
627 2098 741 2144 pedes
775 2100 988 2141 constituto,
1017 2100 1186 2133 libellum
1225 2099 1360 2145 accipit
1384 2099 1544 2139 Nicetas,
1571 2109 1655 2131 mox
1681 2098 1761 2143 epi·

271 2156 385 2190 scopo
411 2145 458 2178 ad
484 2158 567 2180 eum
591 2148 715 2188 misso,
741 2153 779 2181 et
802 2147 1036 2181 anathemate
1065 2148 1105 2181 in
1130 2159 1211 2181 eum
1236 2147 1491 2193 pronunciato,
1520 2146 1672 2192 pallium
1699 2158 1762 2179 su-

274 2194 471 2235 stulerunt,
501 2195 794 2241 Seotiopsimque
819 2195 964 2241 saepius
988 2196 1185 2230 vocitatum
1205 2193 1413 2239 retrogrado
1438 2206 1544 2240 passu
1570 2194 1615 2227 ab
1642 2195 1760 2227 eccle-

270 2242 327 2274 sia
354 2242 540 2276 iusserunt
568 2243 759 2276 excedere.
819 2243 989 2290 sequenti
1017 2255 1104 2278 vero
1129 2243 1211 2277 luce
1238 2242 1336 2276 ludis
1361 2243 1399 2275 in
1428 2243 1522 2276 circo
1550 2241 1758 2283 celebratis,

274 2290 478 2323 universam
521 2290 600 2324 eius
631 2291 761 2324 faciem
799 2291 1018 2338 depilantes,
1046 2291 1208 2335 barbam,
1244 2290 1438 2337 supercilia
1465 2297 1576 2336 atque
1614 2291 1761 2336 capilli-

274 2338 367 2371 tium
396 2338 578 2379 abl-asere,
608 2344 646 2372 et
671 2339 786 2372 serico
815 2340 915 2374 brevi
945 2346 982 2374 et
1011 2341 1090 2374 sine
1114 2339 1263 2373 manicis
1284 2340 1500 2373 vestimento
1526 2338 1695 2372 indutum
1720 2339 1757 2371 in

271 2386 415 2420 asinum
445 2387 596 2420 clitellis
636 2387 867 2430 instructum,
891 2387 984 2421 facie
1028 2394 1125 2422 retro
1150 2398 1264 2428 versa,
1299 2387 1390 2421 adeo
1416 2393 1457 2420 ut
1479 2387 1647 2420 manibus
1672 2399 1760 2420 cau-

272 2434 354 2467 dam
390 2440 545 2476 teneret,
587 2435 814 2480 imposuere,
848 2441 960 2481 atque
995 2447 1060 2481 per
1096 2435 1275 2481 diippium
1306 2436 1344 2468 in
1380 2436 1513 2469 circum
1539 2435 1758 2480 produxere,

270 2482 382 2529 plebe
408 2483 576 2517 universa
602 2483 767 2529 ipsisque
791 2483 1013 2517 factionibus
1037 2495 1118 2517 eum
1144 2483 1319 2517 conviciis
1345 2489 1455 2530 atque
1483 2483 1599 2529 sputis
1630 2494 1756 2528 prose-

273 2530 488 2576 quentibus.
555 2531 816 2565 Constantinus
841 2542 927 2566 vero
965 2532 1042 2565 eius
1069 2543 1185 2577 nepos
1210 2532 1380 2577 praecisis
1407 2531 1556 2566 naribus
1582 2530 1760 2564 deformis

273 2580 415 2612 asinum
441 2578 620 2614 trahebat.
647 2590 728 2613 cum
748 2585 869 2613 autem
895 2579 942 2612 ad
960 2579 1165 2613 factionum
1194 2580 1314 2613 locum
1339 2579 1499 2622 devenit,
1526 2585 1602 2613 tum
1631 2590 1760 2613 omnes

273 2628 393 2672 sputis
417 2638 500 2661 eum
526 2628 648 2662 denuo
676 2639 881 2673 respergere
907 2632 946 2661 et
971 2628 1159 2673 pulverem
1176 2628 1214 2662 in
1239 2640 1320 2662 eum
1346 2629 1535 2674 proiicere.
1563 2627 1609 2660 ad
1637 2627 1758 2660 locum

274 2674 408 2709 deinde
437 2687 509 2722 quo
544 2677 750 2710 consistunt
785 2677 872 2722 equi
900 2675 1112 2717 adductum,
1147 2677 1247 2710 asino
1275 2677 1510 2722 praecipitem
1538 2674 1755 2709 deturbave-

275 2729 380 2764 runt,
409 2724 562 2770 eiusque
590 2724 733 2758 demum
761 2725 856 2758 collo
885 2724 1038 2770 pedibus
1064 2726 1298 2766 conculcato,
1334 2736 1354 2758 e
1380 2724 1576 2758 factionum
1609 2723 1758 2767 regione

276 2771 525 2809 considentem
549 2773 654 2816 sales,
679 2773 801 2817 iocos,
841 2772 1003 2809 ludibria
1037 2773 1076 2808 in
1104 2785 1142 2809 se
1179 2772 1420 2815 deblaterata,
1444 2771 1562 2807 donec
1587 2771 1756 2806 absolve-
