1786 3204
241 164 313 220 70
796 146 1145 194 TiissopuAms

234 263 453 308 σταντι’νου
484 261 543 309 εἰς
572 257 644 301 τὸν
675 253 795 310 ἅγιον
821 253 1020 296 ’Antinum
1065 248 1148 292 α’πὸ
1180 248 1262 289 τῶν
1283 242 1414 299 ἁγίων
1443 238 1714 297 ἀποστόλων,

234 334 394 374 πτῶσιν
432 312 802 383 προφασιζόιιιενος
844 324 924 363 τοῦ
952 320 1069 362 ναοῦ.
1142 317 1221 359 τοῦ
1263 315 1310 355 δὲ
1339 310 1447 354 λαοῦ
1475 307 1713 359 κωλύοντος

234 398 363 455 φόνος
390 399 531 451 γέγονε
561 390 703 443 πολύς,
741 389 848 431 ὥστε
878 386 1154 443 πληρωθῆναι
1181 380 1227 423 τὸ
1259 381 1399 437 φρέαρ
1428 379 1503 421 καί
1527 375 1604 433 τὴν
1634 379 1714 419 αύ-

234 465 312 520 λὴν
343 465 418 507 τοῦ
447 455 687 515 μαρτυρίου
720 456 910 510 αἱμάτων
939 453 1012 495 καί
1051 450 1130 500 τοὶς
1158 450 1457 506 περικειμένας
1480 446 1709 496 πλατείας·

235 532 336 588 ὅπερ
366 530 487 587 γνοὺς
515 528 537 571 ὅ
572 525 876 576 Κωνστοὶντιος,
902 519 1163 578 ἠγανάκτησε
1193 516 1301 558 κατὰ
1325 514 1612 570 ΖΠακεδονιόυ,
1641 511 1715 555 καί
1727 522 1751 563 5

233 601 385 642 τοῦτον
433 597 746 652 καθαιρεθῆναι
799 589 1018 645 κελεύσας,
1074 582 1278 637 Εὖδόξιον
1336 578 1712 638 ἀντικατέστησεν,

232 669 396 722 μείζονι
422 664 536 723 κακῷ
561 664 670 717 μέγα
698 659 826 702 κακὸν
856 656 1165 711 ἀμειψάμενος.

351 733 496 790 Τούτῳ
534 730 593 789 τῷ
630 727 713 771 ἔτει
753 728 926 784 Πέρσαι
969 723 1189 776 Βεδζακδί
1227 718 1490 773 καλούμενον
1530 715 1714 773 κάστρον

234 804 501 858 παρέλαβον·
561 793 852 843 Κωνστάντιος
883 795 928 836 δὲ
958 788 1160 848 α’κηκοώς,
1190 788 1249 838 ὥς
1276 783 1507 836 Ἰουλιανὸς
1536 786 1582 828 έν
1598 787 1640 828 Γ
1639 788 1713 827 αλ-

125 877 162 910 Ρ.
176 873 346 921 39λιάις
388 870 433 910 έν
476 866 673 919 πολέμοις
707 858 994 916 εὐδοκιμήσας
1033 856 1117 900 ὑπὸ
1158 858 1241 908 ,τοῦ
1279 857 1469 913 στρατοῦ
1507 850 1780 909 βασιλεύςιο

233 934 510 993 ἀνηγορεύθη,
540 934 584 976 ἐν
612 933 848 987 Ἀντιοχειζι
880 927 1035 983 διάγων
1065 925 1137 969 διὰ
1166 923 1236 968 τὸν
1263 921 1485 981 Περσικὸν
1513 921 1713 978 πόλεμον,

232 1006 450 1060 ἐξώρμησε
473 999 578 1044 κατὰ
606 996 842 1044 Ἰουλιανοῦ
870 998 948 1039 τοῦ
975 995 1185 1050 τυράννου
1202 1011 1211 1021 ·
1269 992 1344 1035 καί
1373 989 1514 1035 ἐλθών
1541 992 1586 1034 ἐν
1607 988 1714 1032 Μά-

229 1083 318 1126 ψου
353 1069 537 1126 κρήναις,
568 1070 613 1110 ἐν
639 1064 781 1124 πρώτῃ
810 1067 920 1122 μονῇ
962 1063 1044 1106 dmi
1082 1062 1256 1119 Ταρσοῦ
1284 1062 1360 1116 τῆς
1390 1061 1592 1109 Κιλικίας
1624 1060 1714 1102 ἑτε-

231 1138 429 1195 λεύτησεν
455 1135 556 1192 μηνὶ
585 1133 676 1193 Δίῳ
704 1131 752 1189 γ’.
822 1130 957 1175 πολλοὶ
987 1131 1058 1187 τῆς
1098 1127 1256 1172 ἑαυτοῦ
1287 1130 1435 1178 α’νοιάς
1462 1124 1713 1183 «καταγνούς.

232 1207 470 1261 ἐβαπτίσθη
494 1205 540 1246 δὲ
565 1201 654 1246 τότε
677 1203 739 1251 εἰς
758 1197 1027 1255 Ἀντιόχειαν
1045 1197 1128 1240 ὖπό
1146 1199 1343 1250 Ειῖζωΐου
1372 1198 1450 1238 τοῦ
1475 1195 1714 1253 Ἀρειανοῦ,
1735 1199 1781 1241 15

231 1275 309 1315 τοῦ
338 1272 569 1314 καθολικοῦ
587 1268 748 1323 κόσμου
780 1267 895 1318 ἔτους
930 1267 1072 1331 Ιεωνβᾏ
1100 1268 1174 1322 τῆς
1198 1267 1246 1307 δὲ
1276 1262 1331 1307 ια’
1363 1263 1566 1322 περιόδου
1597 1263 1712 1320 φλβ.

237 1341 490 1398 [ἀρχομένης
517 1341 590 1394 τῆς
618 1334 719 1394 ιβ’.].
780 1334 1013 1385 Ἰουλιανὸς
1061 1335 1108 1377 δὲ
1144 1331 1424 1390 μονοκράτωρ
1464 1329 1715 1387 γενόμενος,

235 1409 424 1458 ἀναιδῶς
464 1404 675 1464 ἑλλήνιζεν
693 1442 704 1463 ,
745 1406 895 1460 αἵματι
924 1404 1092 1447 θυσιῶν
1120 1399 1168 1445 τὸ
1205 1398 1328 1457 ἅγιον
1356 1400 1579 1456 βάπτισμα
1609 1398 1716 1441 ἄπο-

330 1558 363 1579 2.
389 1544 532 1581 πτώσει
555 1544 592 1578 b.
687 1544 721 1586 4.
750 1543 1015 1590 περικειμένας
1033 1542 1074 1584 Α,
1098 1551 1307 1588 παρακειμ.
1334 1539 1432 1584 vulg.
1557 1539 1592 1572 8.
1620 1536 1718 1573 Βεδ-

331 1594 438 1636 cumn
459 1593 501 1635 A,
525 1586 715 1637 Βεδζαβδῆ
744 1592 781 1636 b,
804 1589 994 1634 Βεδζάκδη
1021 1602 1051 1632 c,
1092 1588 1295 1632 Βεδζάκιδι
1322 1600 1353 1630 e,
1381 1586 1593 1633 Βεδζαηχδὶ
1617 1587 1714 1631 vulg.

328 1653 364 1687 9.
394 1641 446 1681 ὦς
469 1643 509 1682 Α,
534 1639 594 1675 ὅτι
619 1642 716 1685 vulg.
842 1652 895 1673 ιο.
922 1639 989 1674 τοῦ
1013 1651 1083 1673 om.
1109 1641 1149 1672 A.
1303 1648 1354 1670 ιι.
1381 1635 1552 1684 πόλεμον
1578 1646 1649 1669 om.
1675 1637 1717 1668 Α.

334 1701 386 1724 12.
412 1689 478 1725 τοῦ
503 1689 585 1722 add.
606 1700 650 1723 ex
674 1689 716 1722 A.
835 1686 983 1734 Μάψου
1007 1687 1166 1735 κρήναις
1189 1687 1231 1729 A,
1256 1684 1437 1734 Μάμψου
1460 1683 1619 1732 κρήναις
1645 1694 1666 1716 a
1691 1682 1716 1716 b

328 1750 347 1772 e
372 1737 394 1771 d
421 1739 457 1779 f,
484 1740 738 1784 Μουψουκρίᾳ
765 1736 860 1781 vulg.
974 1737 1026 1770 13.
1054 1737 1095 1772 ἐν
1121 1741 1207 1770 ante
1235 1734 1364 1783 πρώτῃ
1393 1745 1464 1767 om.
1492 1734 1534 1768 A.
1664 1731 1717 1775 14.

331 1789 394 1829 τῆς
417 1785 553 1821 ἑαυτοῦ
581 1784 712 1825 ἀνοίας
728 1785 768 1826 Α,
793 1785 857 1827 τῆς
880 1782 1017 1824 ἀνοίας
1042 1782 1160 1819 αὐτοῦ
1185 1784 1283 1829 vulg.
1389 1783 1441 1816 16.
1465 1780 1655 1829 κοσμικοῦ
1678 1779 1716 1813 b.

329 1835 391 1878 τῆς
429 1834 469 1869 δὲ
497 1833 560 1868 ια’.
597 1833 778 1878 περιόδου
818 1833 901 1880 (ρλβ’
926 1833 956 1867 Α
983 1839 1020 1867 et
1038 1833 1127 1875 alii,
1164 1832 1229 1875 τῆς
1265 1831 1306 1867 δὲ
1333 1831 1366 1866 α’
1391 1842 1476 1878 περ.
1504 1828 1591 1879 φλγ’
1618 1828 1716 1873 vulg.

338 1895 389 1926 ¹7·
410 1881 621 1930 ἀρχομένης
644 1883 706 1925 τῆς
739 1881 781 1926 ιβ’
808 1894 878 1915 om.
906 1882 936 1916 A
963 1882 988 1915 f.
1158 1877 1364 1921 Ἰουλιανὸς
1390 1879 1431 1916 δὲ
1458 1879 1503 1924 A,
1526 1878 1609 1915 τότε
1636 1878 1720 1913 λοι-

331 1924 406 1968 πὸν
424 1926 627 1970 Ἰουλιανὸς
651 1931 747 1975 vulg.
876 1927 1151 1978 κοσμοκράτωρ
1176 1930 1252 1963 alii.

239 2068 335 2102 nimii
361 2067 592 2113 prohibente,
617 2079 743 2114 magna
770 2068 862 2102 adeo
882 2068 1011 2103 caedes
1038 2069 1139 2104 edita
1159 2074 1226 2112 est,
1251 2074 1293 2103 ut
1320 2072 1455 2115 puteus
1481 2070 1520 2101 et
1534 2063 1719 2110 martyrici

241 2117 367 2161 templi
401 2128 481 2149 area
507 2115 788 2163 adiacentesque
828 2118 970 2162 plateae
1007 2129 1193 2152 caesorum
1231 2117 1409 2162 sanguine
1433 2115 1718 2161 complerentur.

240 2164 487 2204 Constantius,
511 2176 553 2197 eo
578 2166 724 2209 cognito
740 2192 748 2207 ,
782 2165 821 2198 in
851 2165 1108 2200 Macedonium
1132 2167 1246 2200 iratus
1264 2192 1273 2207 ‚
1298 2166 1415 2199 virum
1441 2163 1554 2209 gradu
1581 2161 1718 2208 deponi

239 2212 363 2246 iubet:
391 2218 429 2246 et
466 2213 592 2256 ingens
630 2213 764 2246 malum
791 2214 918 2247 maiori
953 2214 1158 2249 calamitate
1183 2220 1422 2256 commutans,
1445 2211 1654 2246 Eudoxium
1679 2210 1720 2244 in

240 2260 319 2294 eius
343 2260 463 2293 locum
490 2260 689 2294 substituit.

359 2308 436 2340 Hoc
463 2314 747 2346 annocastrum
766 2335 774 2350 ,
811 2310 869 2342 cui
903 2321 1039 2344 nomen
1062 2310 1263 2353 Bedzacdi,
1298 2310 1429 2344 Persae
1467 2307 1720 2342 obtinuerunt.

241 2356 474 2390 Constantius
501 2362 623 2390 autem
646 2357 796 2390 audiens
825 2358 1004 2391 lulianum
1027 2359 1161 2393 bellica
1176 2359 1286 2393 laude
1316 2358 1558 2403 conspicuum
1583 2355 1629 2389 ab
1655 2366 1721 2388 ex-

240 2404 358 2437 ercitu
382 2405 636 2449 imperatorem
673 2405 711 2437 in
740 2405 868 2440 Galliis
904 2408 1180 2450 renunciatum,
1218 2408 1298 2453 ipse
1331 2418 1468 2440 moram
1504 2402 1722 2439 Antiochiae

238 2451 386 2486 trahens
422 2458 459 2486 et
493 2452 652 2486 Persicae
681 2453 907 2498 expeditioni
934 2456 1109 2498 intentus,
1134 2457 1173 2490 in
1201 2456 1384 2489 Iulianum
1411 2460 1609 2499 tyrannum
1634 2463 1723 2497 pro-

240 2501 438 2534 sectionem
477 2501 650 2545 suscepit.
713 2512 868 2548 cumque
907 2503 1162 2548 Mapsocrenas
1198 2505 1351 2550 primam
1377 2514 1398 2536 a
1424 2503 1540 2536 Tarso
1568 2500 1722 2535 Ciliciae

239 2549 434 2582 stationem
458 2549 654 2593 attigisset,
680 2550 790 2583 tertio
818 2550 876 2582 Dii
903 2552 1035 2584 mensis
1077 2551 1137 2585 die
1158 2578 1166 2593 ,
1191 2553 1342 2598 propria
1366 2551 1526 2596 longiori
1554 2559 1722 2583 sermone

237 2596 407 2630 damnata
432 2597 532 2642 prius
557 2596 727 2631 vecordia
758 2597 950 2631 defunctus
976 2605 1041 2633 est.
1092 2600 1137 2633 ab
1163 2601 1298 2634 Euzoio
1325 2600 1461 2634 Ariane
1496 2598 1723 2644 baptismum

236 2645 379 2691 accepit
405 2644 636 2686 Antiochiae,
662 2651 851 2680 numerato
875 2651 962 2679 tunc
984 2650 1157 2694 temporis
1177 2649 1336 2683 universi
1361 2648 1459 2682 orbis
1486 2658 1584 2680 anno
1615 2646 1722 2680 5852.

235 2692 468 2734 duodecima,
502 2698 588 2740 post
622 2693 851 2727 undecimam
881 2701 1062 2737 exactam,
1102 2708 1281 2731 annorum
1325 2697 1406 2732 532.
1446 2695 1625 2729 redeunte
1655 2704 1724 2738 pe-

236 2741 353 2775 riodo.
414 2741 513 2775 solus
554 2742 680 2787 itaque
717 2742 878 2777 Iulianus
920 2744 1262 2791 imperio-potitus,
1291 2745 1516 2790 impurorum
1545 2742 1724 2787 sanguine

236 2789 493 2825 sacrificiorum
529 2795 654 2824 sancto
683 2789 901 2837 baptismate
936 2791 1099 2838 polluto,
1136 2793 1244 2828 idolis
1275 2792 1521 2828 inverecunde
1547 2790 1726 2826 caerimo-
