1768 3106
258 126 331 184 33
348 149 369 182 2
828 150 1174 194 THEOPHANIS

1717 252 1729 267 t

257 248 376 307 βάνη,
407 249 582 307 πάρεστι
624 252 742 313 μόνῳ
784 254 830 296 τὸ
862 257 1122 309 Βελισαριόυ
1157 253 1456 311 ἀναδήσασθαι
1487 252 1650 304 κάλλος.
1709 271 1730 296 ο

255 320 337 370 μὲν
365 316 447 374 γὰρ
493 320 697 376 στρατιάν
724 337 767 364 τε
807 323 879 365 καί
907 321 1110 377 χρήματα
1154 320 1320 378 μεγάλα
1363 320 1479 378 παρὰ
1522 323 1730 377 βασιλέως

255 384 400 441 λαβών
430 385 502 429 καὶ
529 383 740 443 ἄρχοντας
771 390 1108 444 συνεπομένους,
1139 388 1213 431 καί
1238 387 1387 433 στόλον
1414 385 1502 433 οἷον
1529 390 1732 432 ου’δέποτέ

253 468 316 502 τις
342 454 526 510 ἠκηκόει,
571 453 682 514 πόνῳ
713 458 853 514 πολλῷ
885 462 971 505 τοῖς
1001 456 1236 509 “Ρωμαιὀις
1265 456 1339 513 τὴν
1368 457 1541 514 Λιβύην
1566 454 1730 514 ὑπόψο-

256 535 331 575 ρον
361 521 668 577 κατεστήσατο·
727 526 803 566 νῦν
835 525 894 577 δέ,
929 523 984 574 ὥς
1009 525 1053 576 ἐξ
1083 524 1220 580 ἀρχῆς
1249 525 1374 567 πάλιν
1399 526 1566 581 γέγονεν
1592 527 1652 573 εἰς
1681 523 1768 571 τὸ5

121 596 157 630 Ρ.
178 589 436 644 ιὸιᾶρχαῖον
462 587 610 646 Λιβύη
643 591 940 647 α’ποστήσασα,
972 592 1017 633 ἐν
1055 594 1124 634 σοι’
1149 590 1267 651 μόνῳ
1298 598 1432 635 κεῖται
1461 589 1620 648 ταύτην
1650 589 1731 633 πά-

253 659 319 698 λιν
352 658 410 714 τῷ
437 659 614 710 βασιλεῖ’
635 665 937 713 προσενεγκεῖν,
968 658 1042 701 καί
1077 659 1127 701 τὰ
1156 658 1384 715 πράγματα
1416 658 1729 702 διασώσασθαι.

253 721 421 778 λογίζου
453 726 500 766 δὲ
527 722 578 767 τὰ
596 727 676 767 σοῦ
702 727 830 780 γένος,
857 722 923 768 ὅτι
953 727 1205 783 Ἀρσακι’δης
1226 729 1446 781 α’νέκαθεν,
1473 728 1546 769 καί
1565 722 1632 769 δ’τι
1661 721 1733 769 εὖ-

252 788 375 846 γενής
403 785 899 848 ὦν,ἰἰνδραγαθι’ζεσθαι
928 794 998 836 αἐἰ
1025 797 1212 849 πρέπεις,
1242 797 1314 837 καί
1341 793 1474 837 πολλοὶ
1490 792 1592 850 ἔργα
1620 793 1730 849 ὑπὲρ

254 856 408 913 α’ρετῆς
434 857 727 904 ἐπιδεικνύειν.
755 863 852 904 νέου
868 860 949 918 γάρ
971 863 1050 904 σοῦ
1078 857 1207 915 ὄντος,
1235 861 1501 919 ἐνθυμήθητι
1523 861 1580 913 ὥς
1605 859 1763 906 'Am-1

253 941 343 968 κιον
369 925 438 968 τὸν
465 927 690 983 Ἀρμένιον
723 923 922 984 ἄρχοντα,
955 929 1030 971 καί
1048 931 1226 982 Τζίτζαν
1242 928 1315 972 τὸν
1337 929 1572 984 ζΡωμαίων
1601 945 1733 985 στρα-

253 992 380 1050 τηγὸν
409 996 454 1036 ἑν
485 996 682 1049 πολέμοις
712 994 912 1052 ἔκτεινας,
943 999 1118 1055 Χοσρόῃ
1148 1013 1194 1039 τε
1227 998 1283 1056 τῷ
1309 1001 1484 1052 βασιλεῖ’
1506 998 1592 1040 τῶν
1608 1000 1732 1052 Περ-

251 1065 339 1104 σῶν
368 1062 712 1119 συνεστράτευες.
741 1066 927 1115 τοιοῦτος
955 1065 1001 1107 δὲ
1032 1062 1091 1107 (ὂν
1120 1064 1180 1121 μη
1212 1067 1406 1123 περιῖδῃς
1436 1063 1514 1121 τήν
1537 1063 1732 1116 ‘Fumat'-

253 1145 312 1171 ων
350 1129 491 1185 ἀρχὴν
534 1127 626 1172 timi
659 1130 781 1183 κυνὸς
822 1131 1057 1186 μεθύοντος
1094 1136 1398 1189 κατεχομένην.
1468 1131 1549 1187 ἐγώ
1593 1133 1641 1174 δέ
1664 1146 1733 1174 σοι

253 1196 326 1238 καί
351 1196 632 1253 Ἀρτασήριος
669 1196 750 1242 ὅσα
793 1200 854 1249 εἰς
887 1199 1070 1254 δύναμιν
1098 1197 1363 1243 ἐπιτάττοντι
1393 1198 1763 1254 ὕπουργησομεν·ι

214 1266 292 1306 ΒΓ
291 1262 469 1320 όγθαρις
512 1266 558 1308 δὲ
586 1265 661 1309 τὸν
689 1266 949 1324 Ἀρταβάνην
985 1266 1192 1324 ἡγεῖσθαι
1231 1270 1308 1310 τοῦ
1351 1268 1556 1323 στρατοῦ,
1588 1265 1666 1309 ἐπί
1687 1282 1732 1308 τε

247 1331 456 1376 Ἀνταλᾶν
484 1332 558 1376 καί
572 1337 889 1390 Μαυρουσίους
915 1334 1012 1385 τούς
1042 1337 1087 1379 ἑν
1107 1334 1311 1394 Βυζακίῳ
1339 1336 1535 1378 ἐκέλευσε
1561 1338 1733 1389 χωρεῖν.

251 1403 384 1457 συνῆν
414 1402 462 1443 δὲ
491 1402 608 1459 αὐτῷ
635 1405 708 1445 καί
733 1402 752 1446 ὅ
782 1401 974 1460 Ἰωάννης
1004 1402 1025 1445 ὃ
1066 1406 1151 1447 τῶν
1179 1404 1445 1446 στασιαστῶν
1472 1397 1631 1458 ἅρχων,
1661 1402 1735 1442 καὶ

255 1465 492 1520 Οὗλίσθεος
524 1469 544 1513 ὃ
588 1467 852 1528 δορυφόρος·
919 1471 1084 1514 εἵποντο
1114 1473 1161 1514 δὲ
1187 1470 1302 1529 αὐτῷ
1330 1472 1403 1512 καί
1435 1468 1732 1525 Μαυρούσιοι,

251 1531 312 1580 ὧν
338 1539 602 1591 Κουντζίνας
632 1532 770 1595 ἦρχεν.
800 1537 1032 1594 συμβαλών
1061 1540 1108 1581 δὲ
1136 1540 1193 1597 τῷ
1219 1538 1402 1595 Ἀνταλᾷ
1431 1539 1506 1580 καί
1521 1542 1609 1587 τοῖς
1626 1539 1767 1592 βαρ-α

345 1698 378 1720 2.
412 1687 596 1735 στρατιάν
622 1699 660 1723 ἰε
687 1689 738 1730 A,
767 1691 968 1735 στρατείαν
995 1700 1034 1724 τε
1056 1689 1151 1733 vulg.
1270 1687 1303 1731 4.
1328 1686 1474 1731 ἠκηκόει
1505 1686 1554 1726 Α,
1581 1685 1733 1729 ἀκηκόει

346 1735 444 1780 vulg.
593 1747 627 1780 9.
656 1740 794 1784 πρέπει
815 1738 846 1771 A
875 1736 920 1777 b,
946 1737 1029 1771 fort.
1065 1741 1176 1770 recte.
1333 1747 1383 1768 io.
1414 1733 1485 1770 σοῦ’
1508 1733 1594 1768 add.
1618 1745 1662 1767 ex
1677 1734 1730 1781 ⁹A.

348 1782 400 1842 ώὲ
424 1784 478 1866 ιζ,
494 1782 590 1864 ἱόσα
614 1784 710 1829 vulg.
864 1785 916 1818 13.
942 1781 1010 1829 την
1030 1784 1073 1819 Ῥ.
1105 1786 1154 1826 A,
1180 1784 1257 1819 τῶν
1278 1780 1320 1817 Ῥ.
1347 1783 1444 1828 vulg.
1577 1793 1634 1816 20.
1663 1781 1731 1829 ὡν]

352 1843 416 1872 ους
511 1857 519 1864 .

254 1961 453 2002 gentesque
495 1955 664 1997 divitias,
690 1955 907 2002 nobilesque
939 1955 1035 1989 viros
1060 1955 1285 1995 comitantes,
1322 1953 1558 1998 classemque,
1585 1951 1731 1997 qualem

254 2004 373 2038 adhuc
397 2004 522 2037 nullus
548 2004 738 2037 audiverat
754 2030 764 2046 ‚
803 2003 848 2036 ab
889 2004 1108 2049 imperatore
1143 2002 1213 2036 sibi
1254 2001 1424 2035 traditam
1450 2000 1647 2045 accipiens,
1670 2000 1731 2032 vix

252 2052 370 2086 multo
396 2052 522 2085 labore
549 2052 698 2096 Libyam
726 2053 893 2086 Romanis
914 2052 1129 2097 vectigalem
1165 2049 1337 2083 reddidit.
1399 2059 1494 2081 nunc
1524 2059 1610 2081 vero
1651 2059 1732 2080 cum

252 2101 344 2134 haec.
382 2100 568 2144 provincia
598 2100 779 2133 rebellans
815 2101 853 2133 in
895 2100 1088 2146 pristinum
1127 2103 1260 2132 statum
1287 2097 1409 2130 denuo
1437 2095 1627 2135 reciderit,
1654 2106 1732 2128 eam

253 2148 300 2182 ad
324 2148 554 2193 imperatoris
583 2147 801 2194 obsequium
823 2147 1006 2188 reducere,
1036 2157 1164 2193 resque
1184 2156 1308 2179 omnes
1335 2156 1354 2178 e
1382 2145 1575 2178 manifesto
1601 2143 1732 2176 discri-

251 2197 349 2230 mine
375 2207 528 2235 servare,
557 2196 597 2229 in
627 2201 664 2229 te
692 2196 803 2230 situm
834 2201 897 2229 est.
948 2207 1060 2241 genus
1088 2201 1191 2228 tuum
1219 2198 1340 2226 mente
1367 2198 1506 2238 reputa:
1536 2198 1577 2225 ut
1602 2203 1645 2224 ex
1662 2190 1732 2225 Ar-

254 2243 419 2279 sacidum
445 2243 597 2290 antiqua
621 2244 791 2289 prosapia
818 2249 924 2277 natus
962 2255 1047 2289 prae
1072 2248 1109 2277 te
1129 2242 1313 2286 sanguinis
1334 2241 1404 2274 fers
1424 2239 1668 2280 nobilitatem,
1696 2243 1735 2272 et

255 2293 399 2326 fortiter
423 2292 562 2337 ubique
578 2296 614 2324 te
640 2302 774 2336 gerere,
806 2297 843 2325 et
865 2292 1010 2325 virtutis
1036 2290 1220 2336 praeclara
1245 2290 1404 2322 facinora
1421 2289 1550 2334 passim
1576 2287 1733 2334 prodere

254 2347 290 2375 te
316 2339 431 2374 decet.
480 2350 681 2372 memorare
706 2339 928 2373 iuvenilibus
952 2339 1055 2372 annis
1073 2338 1239 2372 Acacium
1255 2338 1445 2371 Armeniae
1471 2336 1733 2382 magistratum,

255 2395 293 2423 et
318 2388 480 2422 Tzitzam
507 2389 751 2421 Romanorum
791 2387 921 2421 <lucem
946 2388 1123 2421 consertis
1158 2386 1197 2420 in
1225 2385 1324 2419 bello
1357 2384 1521 2418 manibus
1547 2391 1588 2418 te
1610 2388 1734 2417 sustu-

255 2439 356 2479 lisse,
383 2441 421 2470 et
445 2434 513 2469 sub
538 2434 699 2469 chosroe
735 2435 918 2468 Persarum
958 2446 1041 2480 rege
1069 2441 1103 2468 te
1138 2434 1293 2467 subinde
1320 2434 1506 2467 militasse.
1555 2432 1639 2466 talis
1665 2431 1733 2475 igi-

258 2492 318 2519 tur
340 2495 420 2520 cum
449 2484 510 2525 sis,
535 2485 776 2518 Romanorum
801 2484 993 2528 imperium
1014 2482 1059 2516 ab
1086 2482 1230 2516 ebrioso
1253 2493 1340 2516 cane
1365 2481 1546 2527 occupari,
1573 2491 1618 2513 ne
1647 2478 1733 2512 diu-

257 2534 330 2568 tius
354 2532 515 2579 patiaris.
565 2542 660 2578 quae
684 2531 723 2564 in
747 2537 869 2565 nostra
896 2537 982 2564 sunt
1009 2536 1204 2576 potestate,
1230 2530 1260 2564 si
1285 2530 1445 2570 iusseris,
1471 2539 1536 2574 ego
1563 2533 1601 2561 et
1626 2527 1733 2560 Arta-

259 2582 373 2616 serius
400 2579 665 2614 exhibebimus.
717 2579 906 2613 Gottharis
943 2584 1061 2613 autem
1089 2578 1308 2613 Artabanem
1345 2577 1520 2611 exercitui
1543 2574 1732 2622 praefecit,

258 2635 298 2664 et
323 2629 361 2663 in
390 2628 558 2663 Antalam
597 2628 833 2674 reliquosque
862 2627 1067 2661 Maurusios
1095 2627 1286 2671 Byzacium
1322 2625 1528 2660 detinentes
1551 2623 1731 2670 proficisci

258 2679 425 2723 imperat.
490 2678 646 2710 loannes
690 2687 836 2722 quoque
874 2675 1084 2709 rebellionis
1120 2681 1246 2709 auctor
1279 2680 1316 2709 et
1349 2674 1530 2720 princeps,
1567 2682 1634 2704 nec
1656 2681 1731 2702 non

260 2725 447 2760 Ulistheus
471 2724 620 2758 satelles
642 2723 919 2758 comitabantur.
983 2724 1129 2770 sequuti
1159 2729 1242 2757 sunt
1264 2723 1401 2768 pariter
1427 2719 1616 2759 Maurusii,
1640 2728 1731 2763 quo-

260 2784 338 2808 rum
366 2773 440 2807 dux
465 2772 657 2807 Cunzinas.
720 2783 800 2806 cum
824 2773 956 2807 Antala
993 2772 1118 2818 itaque
1155 2777 1191 2806 et
1223 2771 1388 2805 barbaris
1413 2773 1576 2804 conserta
1598 2776 1732 2813 pugna,
