1768 3106
240 151 351 219 584
799 172 1149 214 THEOPHANis

101 270 358 327 Ρ.3ι9πικόν
390 272 649 314 α’πέστειλεν.
731 269 752 313 0‘
796 263 842 314 δὲ
874 271 1131 321 (Πιλιηπικὸς
1161 270 1231 313 διὰ
1272 271 1349 312 τοῦ
1382 270 1518 312 αὐτοῦ’
1541 274 1712 312 ona-911·

231 341 327 393 ριόυ
357 339 513 394 ταύτην
543 340 614 381 ἐπὶ
642 337 694 381 τὰ
730 339 880 382 δυτικά
904 341 1014 395 μέρη
1041 338 1120 389 ἕως
1144 337 1310 393 Ῥώμης
1340 339 1599 391 ἐξέπεμψεν·
1628 337 1708 390 πρὸ

232 406 280 448 δὲ
309 408 384 448 τοῦ
411 409 666 461 βασιλεῦσαι
695 406 826 449 αυ’τὸν
862 408 907 448 ἐν
936 409 988 463 τῇ
1027 407 1137 463 μονῇ
1166 405 1250 447 τῶν
1281 404 1614 458 Καλλιστράτου
1643 402 1712 458 ἔγ-

227 477 415 522 κλειστος
455 469 507 529 ἦν
547 472 821 529 προορατικὸς
861 475 936 514 καί
977 471 1207 528 αἱρετικὺς,
1255 469 1370 522 ὅστις
1399 469 1621 522 α’νελθόντι
1653 473 1713 530 τῷ

232 543 477 598 Φιλιππικῷ
504 536 617 583 εἶπεν
648 543 779 597 αύτῷ,
811 537 878 583 ὅτι
908 540 933 595 ἡ
961 542 1160 594 βασιλεία
1190 556 1256 581 σοι
1285 545 1435 582 κεῖται.
1479 537 1500 580 ὁ
1536 539 1583 582 δὲ
1612 540 1748 583 ἐπα-5

229 609 403 663 ράχθη,
461 608 536 650 καί
575 609 685 661 λέγει
727 606 747 648 ὁ
779 606 1013 663 ἔγκλειστος
1032 624 1043 636 ·
1125 607 1164 649 εἰ
1191 606 1211 649 ὃ
1244 605 1346 656 θεὸς
1374 604 1552 662 κελεύει,
1579 605 1633 648 σύ
1667 605 1717 648 τί

229 676 483 730 ιῖντιλέγειςς
513 678 635 717 τοῦτο
678 677 724 717 δὲ
754 691 822 718 σοι
858 678 994 729 λέγω·
1065 671 1130 716 ὅτι
1177 674 1202 730 ἦ
1246 673 1343 731 ἕκτη
1369 672 1544 723 σύνοδος
1573 675 1711 720 κακῶς

228 744 416 796 ἐγένετο·
474 741 551 784 ἐὰν
583 737 661 785 οὖν
692 741 973 800 βασιλεύσῃς,
1011 741 1170 798 ταύτην
1199 741 1355 799 ῥίψον,
1413 741 1487 784 καί
1510 743 1710 796 γενέσθαι

228 825 296 852 σοι
326 807 417 863 ἔχει
449 809 472 864 ἡ
502 810 699 863 βασιλεία
732 808 914 865 κραταιοὶ
948 808 1021 852 καί
1049 807 1345 864 πολυχρόνιος.
1376 804 1397 850 ὅ
1425 810 1473 851 δὲ
1503 807 1709 851 συνέθετο

230 878 345 934 αὐτῷ
370 880 470 929 μεθ’
502 874 639 933 ὅρκων
667 878 790 920 τοῦτο
819 882 968 919 ποιεῖν.
1039 878 1116 919 τοῦ
1146 877 1193 919 δὲ
1221 875 1430 919 Λεοντίου
1460 876 1710 928 διαδεξαμέ-
1730 891 1768 917 rc

190 954 302 987 Βνου
343 940 414 986 τὸν
443 940 769 1000 Ὶουστινιανόν,
809 943 1031 998 ἀνέρχεται
1061 939 1084 984 ὅ
1120 940 1378 992 Φιλιππικὸς
1407 941 1514 998 πρὸς
1541 940 1612 984 τὸν
1643 940 1712 997 ἔγ-

228 1014 430 1054 κλειστον.
506 1009 527 1053 ὁ
567 1011 614 1052 δὲ
648 1012 760 1065 λέγει
789 1011 923 1067 αὐτῷ·
981 1007 1041 1065 μή
1072 1007 1341 1066 σπουδὰσῃς,
1369 1011 1570 1065 γενέσθαι
1599 1007 1712 1063 ἔχεις

227 1077 428 1131 βασιλέα.
503 1075 837 1131 βασιλεύσαντος
881 1078 927 1119 δὲ
967 1078 1042 1119 καί
1062 1075 1342 1134 Ἀψιμάρου,
1373 1076 1500 1119 πάλιν
1527 1072 1712 1133 ἀνῆλθεν

227 1143 332 1199 πρὸς
364 1143 510 1201 αὐτόν,
541 1146 616 1187 κατ’
643 1144 771 1186 πάλιν
800 1140 916 1186 εἶπεν
943 1144 1073 1202 αὐτῷ·
1105 1142 1172 1187 ὅτι
1199 1143 1261 1199 μή
1290 1144 1547 1202 σπουδάσῃς,
1578 1147 1711 1188 ἐκεῖνο

229 1213 448 1266 περιμένει
478 1227 538 1254 σε.
618 1209 912 1267 θαρρήσαντος
950 1212 997 1253 δὲ
1029 1213 1290 1254 maxennam?
1319 1210 1433 1261 τινὸς
1462 1214 1546 1254 τῶν
1576 1213 1768 1268 φίλωνιέ

232 1278 377 1335 αὑτοῦ,
410 1277 595 1335 ἐμήνυσε
643 1280 699 1337 τῷ
742 1277 987 1337 Ἀψιμάρῳ.
1069 1275 1090 1320 ὃ
1125 1280 1171 1321 δὲ
1201 1279 1344 1334 δείρας
1372 1280 1448 1321 καί
1477 1279 1715 1333 κο-υρεύσας

232 1344 357 1388 αὐτὸν
385 1345 460 1388 καί
485 1345 742 1403 σιδηρώσας,
774 1344 976 1402 ἐξώρισεν
1003 1347 1063 1395 εἰς
1080 1348 1376 1402 Κεφαληνιάν.
1428 1345 1712 1400 βασιλεύσαν-

231 1428 302 1463 τος
333 1414 379 1455 δὲ
408 1413 721 1469 ’[ουστινιανοῦ,
748 1411 874 1455 πάλιν
894 1413 1178 1455 α’νεκαλέσατο
1207 1410 1351 1456 αὐτόν.
1408 1413 1483 1456 καί
1507 1413 1713 1469 βασιλεύ-

231 1495 382 1531 σαντος
409 1481 604 1536 ἐποίησεν
633 1480 954 1535 ψευδοσιῖνοὸον
985 1479 1226 1523 ἐπισκόπων
1255 1479 1362 1524 κατὰ
1392 1479 1463 1525 τὸν
1487 1483 1609 1538 λόγον
1635 1483 1716 1525 τοῦ

329 1627 362 1649 2.
389 1615 459 1656 ἕως
489 1614 630 1664 Ῥώμης
657 1616 741 1652 add.
765 1628 810 1651 ex
836 1616 875 1651 A.
972 1618 1007 1651 6.
1037 1620 1075 1652 τί
1098 1616 1182 1651 add.
1209 1629 1253 1651 ex
1278 1618 1317 1652 A.
1423 1630 1472 1652 ιο.
1501 1618 1603 1667 αὐτῷ
1627 1619 1711 1653 add.

329 1675 374 1698 ex
396 1666 437 1698 A.
575 1676 625 1698 12.
653 1665 730 1711 ἔχει
754 1677 795 1707 a,
826 1666 908 1699 fort.
935 1665 1010 1710 ἔχει
1032 1665 1074 1700 σὲ
1099 1670 1201 1712 βασι.
1322 1666 1372 1700 13.
1399 1670 1556 1712 βασιλέα
1580 1679 1651 1701 om.
1670 1667 1711 1702 A.

329 1715 393 1746 καὶ
418 1711 500 1745 add.
525 1724 569 1745 ex
582 1713 622 1746 A.
760 1714 811 1746 15.
838 1713 1039 1761 θαρρήσας
1065 1713 1105 1750 δὲ
1133 1709 1362 1756 Φιλιππικὸς
1386 1716 1414 1749 Α
1435 1716 1460 1749 f.
1595 1711 1713 1761 τινὸς]

328 1754 411 1796 τινα
435 1761 477 1801 A,
497 1760 580 1794 sort.
611 1762 695 1797 τινί.

234 1875 414 1920 prehensa
445 1876 521 1910 eius
549 1877 699 1918 cervice,
727 1879 812 1918 sica,
836 1886 909 1924 qua
935 1882 1015 1913 erat
1036 1879 1230 1920 accinctam,
1256 1884 1365 1924 caput
1385 1879 1462 1913 eius
1488 1883 1714 1925 amputatum

234 1934 299 1970 per
323 1926 520 1958 Romanum
537 1924 762 1971 spatharium
789 1925 835 1958 ad
863 1925 1111 1972 Philippicum
1134 1927 1351 1968 transmisit,
1379 1926 1614 1973 eiusdemque
1630 1939 1714 1973 spa-

234 1971 343 2005 tharii
376 1983 487 2018 opera
522 1972 560 2006 in
584 1972 753 2007 occiduas
781 1974 927 2019 imperii
952 1975 1157 2021 provincias
1193 1974 1288 2009 illud
1312 1975 1603 2021 coaspiciendum
1628 1975 1714 2008 Phi-

234 2019 391 2064 lippicus
418 2020 591 2054 traduxit.
657 2027 839 2055 caeterum
863 2023 962 2068 prius
989 2023 1111 2068 longe,
1136 2034 1245 2068 quam
1270 2023 1424 2068 imperio
1455 2023 1645 2069 potiretur,
1669 2023 1716 2057 ad

234 2068 435 2100 Callistrati
465 2068 683 2102 coenobium
713 2070 876 2104 inclusus
903 2082 1086 2104 nonnemo
1112 2070 1339 2105 vaticinandi
1365 2076 1443 2105 arte
1467 2071 1653 2117 praeditus
1680 2077 1717 2106 et

233 2114 375 2148 haeresi
409 2115 566 2150 infectus
606 2116 827 2158 morabatur,
856 2118 919 2164 qui
946 2117 1151 2164 Philippico
1190 2118 1237 2152 ad
1262 2130 1299 2152 se
1322 2130 1584 2164 nonnunquam
1611 2131 1717 2153 acce-

233 2162 336 2196 denti
373 2164 668 2208 praenunciavit:
700 2165 893 2211 imperium
920 2165 990 2200 tibi
1018 2166 1219 2213 repositum
1247 2172 1313 2200 est.
1339 2166 1566 2201 sermonibus
1591 2167 1715 2201 istius-

233 2209 333 2243 modi
371 2211 538 2254 perculso
579 2211 761 2246 subinfert
793 2214 974 2248 inclusus:
1026 2215 1059 2248 si
1092 2213 1182 2248 deus
1216 2214 1267 2247 ita
1300 2214 1438 2256 iubeat,
1468 2214 1715 2249 adversaberis

234 2257 303 2292 tu?
354 2258 449 2290 illud
475 2271 586 2292 unum
611 2261 794 2294 enuncio:
831 2262 985 2307 pessime
1014 2273 1132 2296 rerum
1164 2261 1322 2306 synodus
1350 2269 1451 2297 sexta
1474 2268 1620 2309 peracta
1647 2268 1713 2297 est.

232 2307 261 2339 si
290 2317 439 2352 usquam
479 2307 733 2352 imperaveris,
774 2309 979 2354 proscribe,
1007 2316 1045 2344 et
1080 2310 1217 2344 irritam
1253 2309 1389 2351 redde,
1431 2316 1469 2344 et
1504 2311 1594 2345 felix
1629 2310 1715 2345 diu-

232 2359 414 2399 turnaque
449 2354 594 2400 imperii
623 2360 721 2389 aetas
749 2357 930 2391 succedet.
980 2358 1009 2391 is
1040 2357 1125 2392 data
1152 2357 1387 2391 iursiiurandi
1419 2358 1503 2400 fide,
1530 2370 1605 2392 rem
1626 2370 1713 2394 exe-

233 2401 416 2447 quendam
441 2401 480 2435 in
505 2413 543 2435 se
573 2403 722 2448 recepit.
771 2405 926 2439 Leontio
951 2404 1185 2451 postmodum
1209 2411 1293 2451 post
1315 2406 1560 2442 Iustinianum
1587 2412 1714 2452 tyran-

231 2449 359 2483 nidem
383 2448 530 2495 adepto,
558 2449 740 2485 inclusum
771 2451 816 2485 de
841 2453 1015 2487 vaticinio
1037 2452 1263 2499 Philippicus
1290 2455 1472 2489 convenit.
1523 2456 1715 2490 renunciat

232 2497 317 2530 ille:
367 2508 415 2531 ne
439 2497 679 2540 festinaveris,
703 2499 895 2545 imperium
922 2501 1138 2547 assequeris.
1195 2502 1382 2547 Apsimaro
1411 2502 1545 2536 deinde
1570 2503 1608 2536 in
1634 2515 1714 2536 eam

231 2545 448 2590 dignitatem
475 2551 612 2588 evecto,
633 2546 748 2580 virum
775 2559 894 2582 rursus
928 2548 1006 2582 adit
1034 2547 1269 2594 Philippicas.
1320 2551 1378 2584 cui
1405 2551 1566 2584 inclusus
1590 2557 1712 2585 vates:

231 2604 278 2626 ne
304 2605 380 2626 rem
401 2594 591 2636 acceleres,
616 2594 811 2640 imperium
835 2601 871 2630 te
896 2602 1033 2630 manet.
1084 2602 1268 2630 caeterum
1288 2597 1489 2643 Philippico
1515 2599 1713 2633 amicorum

231 2641 377 2674 cuidam
402 2642 615 2675 vaticinium
652 2642 852 2690 eloquuto,
878 2644 942 2677 ille
981 2655 1053 2677 rem
1086 2650 1200 2678 totam
1228 2645 1275 2678 ad
1302 2647 1528 2692 Apsimarum
1557 2646 1713 2688 detulit,

232 2689 294 2733 qui
324 2689 438 2722 virum
461 2689 673 2724 verberibus
706 2696 918 2737 exceptum,
943 2692 1084 2738 capillis
1120 2692 1313 2727 detonsum
1339 2699 1376 2728 et
1418 2700 1588 2728 onustum
1614 2700 1713 2729 cate-

230 2738 286 2769 nis
314 2737 351 2770 iu
378 2736 640 2783 Cephaloniam
666 2739 853 2783 relegavit.
905 2739 1002 2774 hunc
1030 2739 1253 2775 lastinianus
1278 2742 1427 2789 sceptris
1454 2742 1616 2777 secundo
1645 2755 1713 2789 po-

230 2784 317 2818 titus
358 2785 585 2831 postliminio
629 2787 820 2822 revocavit.
880 2788 958 2835 ipse
994 2787 1128 2822 deinde
1166 2789 1313 2836 imperii
1357 2795 1539 2837 potestate
1573 2796 1710 2832 auctus,
