1768 3106
234 123 362 179 606
803 143 1152 187 THEOPHAle

241 245 386 287 τέκνον
415 242 562 297 αὐτοῦ,
595 246 705 298 λέγει
737 244 867 304 αὐτῷ·
900 252 1018 288 ποῖον
1051 248 1202 288 δοῦλον
1218 242 1368 289 ἑαυτὸν
1400 246 1476 303 τῆς
1501 249 1723 302 βασιλείοις

241 317 407 363 καλεῖς,
438 306 502 352 ὅτι
547 311 866 362 ἑναπόκλειστος
912 311 969 355 (ὃν
1013 318 1155 362 λαλεῖς
1196 313 1322 368 ἡμΐνς
1363 312 1572 358 α’ὃύνατόν
1605 317 1723 359 ἐστιν

239 375 339 434 ἡμῖν
373 378 657 433 ἀναχωρῆσαι
685 382 838 436 μέχρις
867 377 919 422 ἄν
945 380 1263 435 παραλάβωμεν
1290 380 1335 424 τὸ
1370 379 1565 437 κάστρον·
1624 382 1721 426 τότε

239 447 351 500 λέγει
380 445 402 487 ὅ
438 444 772 500 Φαρασμάνιος·
804 447 877 497 δός
907 464 981 501 μοι
1010 446 1140 502 λόγον.
1199 447 1219 491 ὃ
1250 451 1298 492 δὲ
1341 449 1583 506 σπαθοίριος
1613 449 1719 493 ἔδω-

239 529 310 556 κεν
336 509 451 570 αὐτῷ
479 512 616 568 λόγον,
645 515 781 569 μηδὲν
796 513 931 557 αὐτὸν
962 516 1181 571 ἀδικῆσαι,
1215 516 1325 560 α’λλοὶ
1353 516 1462 571 μετὰ
1496 516 1757 574 τριάκονταό

102 583 145 619 V.
159 585 226 620 263
241 582 463 633 ὀνομάτων
491 580 623 633 μόνον
657 583 866 625 εἰσελθεῖν
894 586 940 625 ἐν
967 585 1026 641 τῷ
1054 583 1234 643 κάστρῳ.
1301 586 1449 641 τοῦτον
1477 587 1524 628 δὲ
1550 584 1625 629 τὸν
1652 584 1720 629 λό-

237 664 311 704 γον
330 647 388 703 μή
422 645 615 704 φυλάξας
643 647 896 705 παρήγγειλε
925 657 1013 699 τοῖς
1030 654 1423 708 συνεισερχομένοις
1450 654 1569 711 αύτῷ
1595 652 1719 709 qud:

238 731 384 772 κοντα,
431 711 496 758 ὅτι
535 716 580 758 ἐν
623 717 680 773 τῷ
730 720 938 762 εἰσελθεῖν
978 715 1091 773 ἡμᾶς
1129 718 1366 776 κρατήσατε
1413 719 1492 771 τὰς
1534 721 1720 777 πόρτας,

195 785 312 825 Βκαί
338 779 388 831 οἷς
434 785 660 826 εἰσέλθωσι
689 783 856 835 πάντες.
931 788 1006 828 καί
1051 787 1198 829 τούτου
1227 789 1479 845 γενομένου,
1524 791 1718 832 ἐκέλευσε

237 852 450 906 βληθῆναι
482 852 565 906 πῦρ
597 852 658 901 εἰς
687 852 732 894 τὸ
765 853 961 907 κάστρον.
1023 856 1244 910 γενομένης
1274 856 1322 898 δὲ
1350 856 1560 911 πυρκαϊᾶς
1588 854 1718 911 μεγά-
1737 874 1768 899 ιι

238 924 325 976 λης,
355 920 531 973 ἐξῆλθον
567 917 610 960 αἱ
642 920 847 975 φαμιλιάι
880 918 1153 975 ἁρπάζουσαι
1191 919 1216 963 ὅ
1249 938 1292 964 τι
1320 921 1528 978 ἠδύναντο
1557 922 1718 978 βαστά-

239 1003 314 1032 σαι
342 988 388 1029 ὲκ
417 991 502 1029 τῶν
540 984 822 1042 ὑπαρχόντων
869 989 1046 1038 αὐτοῖς·
1115 988 1190 1031 καί
1231 989 1413 1046 ποιήσας
1452 985 1583 1040 ἄλλας
1606 997 1720 1047 τρεῖς

238 1056 414 1114 ἡμέρας,
445 1055 650 1098 κατέλυσε
687 1055 739 1098 τὰ
767 1057 887 1113 τείχη
918 1055 998 1107 ἕως
1027 1060 1100 1112 τῆς
1129 1057 1217 1114 γῆς,
1256 1060 1329 1101 καὶ
1358 1057 1617 1114 ιῖποκινήσας
1640 1075 1717 1101 κα-

237 1126 395 1180 τῆλθεν
423 1126 468 1166 έν
492 1123 667 1182 Ἀψιλίᾳ
696 1122 800 1177 μετὰ
830 1126 904 1166 καί
922 1127 1127 1178 Μαρίνου
1146 1128 1221 1167 τοῦ
1239 1123 1408 1181 πρώτου
1429 1125 1582 1182 αὐτῶν,
1609 1125 1719 1168 ὑπο-

237 1194 409 1247 ὸεχθείς
439 1189 523 1234 ὑπὸ
557 1194 639 1234 τῶν
667 1193 856 1245 Ἀψίλων
897 1191 1003 1245 μετὰ
1035 1195 1189 1248 πολλῆς
1216 1195 1357 1250 τιμῆς.
1414 1195 1612 1237 κάκεῖθεν
1640 1212 1714 1236 κα·
1738 1197 1768 1237 n!

236 1260 401 1303 τελθών
442 1260 488 1303 ἐν
528 1261 580 1317 τῇ
618 1259 971 1318 παραθαλασσίᾳ,
1010 1260 1293 1316 ἀντεπέρασεν
1332 1260 1406 1304 καί
1440 1257 1571 1317 ἦλθεν
1609 1261 1717 1315 πρὸς

236 1326 544 1372 Ἰουστινιανόν.
614 1328 693 1369 τοῦ
731 1329 779 1370 δὲ
816 1329 1120 1372 Ἰουστινιανοῦ
1163 1326 1483 1384 ἀναιρεθέντος,
1536 1328 1718 1373 καὶτοῦ

239 1398 500 1439 Φιλιππικοῦ
528 1398 837 1451 τυφλωθέντος,
857 1394 1078 1450 βασιλεύει
1111 1395 1132 1439 ὃ
1161 1397 1397 1453 Ἀρτέμιος,
1428 1400 1504 1440 καί
1528 1398 1717 1454 προβάλ-

110 1470 216 1506 Ρ.33,ι
239 1470 356 1507 λεται
396 1463 530 1507 αὐτὸν
569 1464 804 1519 στρατηγὸν
846 1465 907 1514 εἰς
935 1463 1226 1514 α’νατολικούς.
1294 1467 1373 1508 τοῦ
1403 1468 1450 1508 δὲ
1483 1466 1715 1509 Θεοδοσίου

236 1531 584 1588 βασιλεύσαντος,
614 1532 688 1574 καί
714 1533 788 1577 τοῦ
812 1530 1038 1588 Ἀρτεμίου
1072 1534 1388 1591 έκδιωχθέντος,
1424 1536 1501 1577 καί
1528 1535 1603 1590 τῆς
1633 1536 1714 1577 τῶν
1728 1549 1768 1576 2t

331 1690 365 1733 4.
396 1687 414 1724 ὁ
440 1688 521 1722 add.
549 1699 593 1722 ex
617 1687 658 1721 A.
757 1686 777 1722 ὁ
807 1686 847 1722 δὲ
878 1690 996 1722 (mab.
1025 1687 1076 1723 525.
1117 1686 1219 1736 αὐτῷ
1243 1689 1319 1736 λόγ.
1348 1689 1430 1723 add.
1461 1702 1505 1724 ex
1531 1691 1570 1725 A.
1681 1693 1712 1726 5.

332 1737 450 1785 μηδὲν
475 1732 591 1772 αὐτὸν
617 1737 657 1776 Α,
682 1735 827 1784 μηδένα
843 1737 941 1781 vulg.
1040 1739 1074 1770 (ἱ.
1101 1738 1236 1773 τοῦτον
1261 1738 1301 1773 δὲ
1328 1733 1394 1776 τὸν
1416 1737 1531 1786 λόγον
1556 1735 1609 1787 μὴ
1636 1752 1711 1785 φυ-

330 1785 446 1826 λάξας
467 1787 508 1827 Α,
537 1784 670 1820 τούτου
697 1784 737 1819 δὲ
759 1783 873 1831 λόγον
896 1780 946 1832 μὴ
975 1784 1213 1832 φυλάξαντος
1236 1788 1332 1832 vulg.
1465 1790 1499 1825 6.
1527 1789 1568 1824 ἐν
1592 1787 1643 1834 τῷ
1672 1790 1711 1829 Α,

332 1829 374 1869 τὸ
396 1834 492 1879 vulg.
615 1845 647 1878 9.
678 1832 858 1881 ἐκέλευσε]
890 1835 1069 1880 ἐπέτρεψε
1097 1836 1122 1870 Α
1152 1834 1174 1867 f.
1286 1847 1337 1870 11.
1367 1834 1386 1871 ὅ
1411 1837 1464 1880 τι]
1492 1838 1561 1870 εἴτι
1586 1837 1625 1877 Α,
1656 1834 1715 1870 ὅτι

330 1883 429 1927 vulg.
533 1881 582 1914 15.
614 1882 747 1924 πολλῆς
775 1881 804 1914 Α
834 1893 852 1914 a
884 1881 907 1923 f,
937 1882 1100 1930 μεγάλης
1125 1884 1220 1930 vulg.
1347 1886 1398 1919 16.
1423 1884 1465 1933 τῇ
1491 1883 1575 1918 add.
1606 1894 1649 1918 ex
1668 1886 1709 1921 Α,

330 1941 389 1965 20.
415 1929 683 1977 ἑκδιωχθέντος
704 1931 745 1972 Α,
772 1929 997 1977 διωχθέντος
1026 1932 1122 1976 vulg.

235 2070 299 2112 pto
326 2066 364 2098 in
389 2069 608 2111 potestatem
637 2075 770 2110 puero,
799 2075 907 2110 quem
925 2069 963 2098 te
989 2071 1111 2108 rogat,
1137 2065 1282 2111 imperii
1309 2065 1494 2100 subditum
1518 2065 1710 2110 profiteris,

236 2114 299 2159 qui
328 2114 435 2147 etiam
462 2113 621 2146 inclusus
650 2119 686 2146 et
712 2113 905 2153 obsidione
932 2114 1085 2155 cinctus,
1113 2114 1303 2148 nobiscum
1331 2115 1465 2160 pacisci
1494 2114 1710 2148 contendis?
1761 2109 1768 2121 ¹

236 2167 334 2195 certe
362 2172 430 2194 nos
455 2159 539 2194 hinc
564 2160 733 2194 recedere
772 2161 997 2207 impossibile
1030 2169 1102 2203 est,
1127 2164 1195 2196 uisi
1227 2163 1328 2208 prius
1357 2167 1510 2195 casu-um
1537 2162 1575 2195 in
1604 2169 1711 2207 pote-

236 2214 364 2243 statem
391 2214 548 2242 nostram
578 2209 713 2244 veniat.
776 2209 1048 2244 Pharasmanius
1085 2210 1130 2243 ad
1158 2209 1265 2243 haec:
1293 2209 1338 2242 da
1367 2210 1489 2252 fidem,
1514 2209 1645 2256 inquit,
1674 2216 1711 2244 te

235 2257 330 2290 nihil
369 2256 488 2290 damni
530 2257 738 2298 illaturum,
775 2257 838 2290 sed
873 2269 953 2291 eum
977 2258 1127 2303 triginta
1161 2258 1249 2291 solis
1274 2258 1466 2292 comitibus
1491 2263 1528 2292 te
1554 2264 1710 2292 castrum

234 2306 490 2350 ingressurum.
542 2305 571 2337 is
598 2304 727 2338 lubens
753 2305 967 2350 pollicetur,
995 2312 1032 2339 at
1071 2306 1142 2340 fide
1167 2306 1397 2351 postmodum
1423 2307 1570 2347 violata,
1598 2308 1711 2340 comi-

233 2354 330 2388 tibus
356 2353 541 2387 iniunxit:
566 2353 715 2396 ingressi
742 2359 864 2398 portas
890 2360 1083 2400 occupate,
1122 2360 1159 2388 et
1181 2354 1315 2399 reliqui
1340 2354 1484 2388 demum
1509 2354 1595 2388 socii
1622 2355 1711 2388 sub-

234 2407 442 2448 sequantur.
493 2412 579 2446 quo,
610 2406 650 2434 ut
682 2401 845 2444 iusserat,
873 2403 1048 2448 praestito
1067 2427 1077 2441 ‚
1118 2403 1226 2435 etiam
1255 2403 1375 2447 ignem
1404 2409 1521 2437 castro
1545 2402 1710 2436 submitti

233 2450 451 2496 imperavit,
479 2447 723 2493 incendioque
757 2449 826 2482 iam
854 2450 1022 2490 excitato,
1058 2450 1218 2484 familiae
1252 2462 1377 2485 omnes
1406 2452 1509 2485 illinc
1534 2461 1709 2494 egressae,

234 2510 278 2532 ex
306 2497 553 2538 facultatibus,
580 2496 678 2542 quod
705 2497 820 2536 licuit,
839 2508 957 2530 secum
975 2503 1271 2543 asportaverunt,
1300 2505 1337 2533 et
1364 2499 1500 2533 exactis
1526 2499 1604 2532 illic
1627 2498 1709 2532 die-

232 2546 301 2580 bus
327 2546 446 2579 tribus
474 2556 595 2578 muros
624 2545 703 2578 solo
733 2551 841 2578 tenus
865 2547 1045 2591 aequavit,
1073 2551 1109 2580 et
1132 2547 1239 2580 motis
1266 2547 1351 2581 inde
1373 2548 1499 2582 castris
1524 2558 1604 2581 cum
1628 2548 1710 2580 Ma-

233 2596 312 2628 rino
339 2594 596 2640 Apsiliensium
623 2594 778 2638 primore
802 2593 841 2626 in
870 2594 1043 2638 Apsiliam
1074 2595 1256 2640 profectus
1285 2601 1350 2637 est,
1380 2595 1441 2629 ubi
1466 2596 1611 2629 summis
1642 2594 1711 2628 ho-

231 2642 382 2675 noribus
411 2641 455 2674 ab
483 2641 610 2675 incolis
641 2646 827 2685 susceptus
853 2640 943 2683 suit,
968 2641 1053 2674 iude
1075 2642 1120 2675 ad
1148 2644 1364 2677 maritimam
1391 2654 1488 2677 oram
1517 2643 1709 2688 digressus,

232 2691 270 2724 in
296 2690 505 2724 ulteriorem
534 2692 642 2734 ripam
674 2689 839 2730 traiecit,
876 2694 912 2722 et
945 2689 990 2722 ad
1029 2692 1270 2724 lustinianum
1303 2704 1340 2725 se
1376 2692 1545 2726 contulit.
1602 2692 1712 2725 lusti·

234 2739 345 2772 niano
372 2750 390 2770 e
419 2739 508 2771 vivis
538 2737 698 2777 sublato,
727 2743 763 2771 et
790 2736 993 2783 Philippico
1023 2740 1134 2771 oculis
1163 2741 1315 2784 privato,
1343 2740 1522 2773 Artemius
1547 2740 1710 2786 imperat,

234 2788 296 2833 qui
324 2788 481 2819 Leonem
509 2786 741 2820 orientalium
772 2785 899 2819 ducem
928 2786 1099 2821 instituit.
1133 2799 1215 2822 mox
1239 2787 1451 2822 Theodosio
1480 2787 1710 2832 tyrannidem
