1786 3204
246 139 318 217 74
786 148 1137 195 THEoPuAms

238 262 436 316 ΐδρυσαν,
465 257 544 313 τήν
565 257 612 299 δὲ
641 254 832 298 παλαιάν
864 255 1087 310 ἐκκλησίαν
1111 250 1422 304 κατέστρεψαν.
1481 242 1645 302 Μάρης
1671 244 1721 286 δὲ

239 327 261 370 ὅ
292 325 566 382 Χαλκηδόνος
583 321 741 372 πολλάς
772 318 920 378 ὕβρεις
946 322 1003 377 τῷ
1029 318 1247 376 Ἰουλιανῷ
1275 311 1381 356 κατὰ
1407 309 1633 369 πρόσωπον
1660 311 1722 360 εἰς

238 393 313 438 τὸν
341 390 456 437 οἶκον
496 394 578 447 τῆς>
603 391 735 447 τύχης
772 387 922 432 θύοντι
961 388 1179 444 ἐπήγαγεν.
1250 379 1272 425 ὖ
1305 384 1364 438 δέ,
1395 379 1453 431 ὥς
1482 377 1720 438 φιλόσοφος

239 464 392 519 δῆθεν,
419 459 496 511 τὰς
526 455 674 514 ὕβρεις
701 454 944 512 ὑπήνεγκεν,
1154 459 1159 461 “

30 536 227 580 Α.Μ.5854
356 528 497 586 Τούτῳ
539 528 595 585 τῷ
634 523 721 568 ἔτει
768 525 789 567 ὃ
819 521 1030 578 δυσσεβής
1054 517 1287 568 Ἰουλιανὸς
1322 516 1631 572 ἐνομοθέτησεν
1658 513 1758 569 μὴ5

236 597 429 652 μετέχειν
442 590 730 649 Χριστιανούς
751 591 999 647 Ἑλληνικῶν
1016 584 1300 644 μαθημάτων.
1327 580 1656 638 Ἀπολλινοέριος
1672 583 1721 624 δὲ

124 672 164 707 Ρ.
181 669 221 715 41
239 668 288 722 τῇ
313 665 392 718 μὲν
421 661 520 720 θείᾳ
545 661 693 718 γραφῇ
707 657 976 716 χρησάμενος
1006 655 1101 714 ὕλῃ,
1130 654 1229 704 τοὺς
1255 654 1534 709 χαρακτῆρας
1560 652 1607 693 δὲ
1635 650 1722 692 ταῖν

240 731 437 788 ἀρχαίων
463 727 769 785 μιμησάμενος,
797 725 870 768 καί
896 723 1001 768 κατὰ
1029 724 1265 768 Ἰουλιανοῦ
1297 720 1421 776 λόγον
1451 715 1721 775 συγγράψας,

238 796 286 841 ὃν
313 799 421 856 ὑπὲρ
455 797 659 852 α’ληθείας
687 796 927 851 ἐπέγραψε,
954 791 1088 835 πολλοὶ
1130 790 1207 847 τήν
1235 790 1460 846 ἐκκλησίαν
1486 783 1741 844 ὦφέλησεν.,

233 866 490 909 Ἀθανάσιον
514 865 560 906 δὲ
591 861 668 907 τὸν
694 865 830 918 μέγαν
862 860 1183 917 Ἀλεξανδρείας
1203 858 1457 913 ἐξελαθῆναι
1486 857 1720 910 ἐκέλευσεν,
1739 870 1786 896 10

237 937 319 976 τῶν
357 931 561 988 Ἑλλήνων
589 932 792 988 σφοδρῶς
825 929 960 972 αὐτὸν
991 924 1324 985 παροξυνάντων
1369 926 1456 967 κατ’
1485 922 1637 966 αὐτοῦ.
1697 920 1719 963 ὁ

240 1003 287 1043 δὲ
330 998 621 1056 ἐξερχόμενος,
663 1001 848 1054 θαρρεῖν
889 994 982 1040 εἶπε
1011 998 1291 1050 Χριστιανοῖς
1327 998 1415 1043 τοῖς
1445 991 1558 1048 ὑπὲρ
1589 990 1722 1034 αὐτοῦ

239 1067 487 1125 δακρύουσι,
520 1068 679 1125 φήσας·
751 1069 972 1122 θαρσεῖτε,
1001 1062 1235 1121 νεφύδριόν
1266 1063 1368 1118 ἐστι,
1403 1058 1479 1103 καί
1506 1059 1721 1115 παρέρχε-

237 1152 322 1181 ται.
350 1138 424 1178 καί
457 1139 580 1178 Τῖτον
600 1132 674 1178 τὸν
701 1131 819 1190 ἱερὸν
848 1134 1076 1176 ἐπίσκοπον
1099 1132 1303 1186 Βοστρῶν
1335 1127 1564 1177 Ἰουλιανὸς
1593 1124 1721 1182 ἔγρα-

237 1215 297 1258 ψε
327 1207 608 1260 Βοστριανοῖς
642 1201 842 1254 ἐξελάσαι
880 1203 1026 1244 τοῦτον
1070 1202 1147 1255 τῆς
1187 1196 1376 1255 πόλεως,
1420 1193 1654 1254 Δωρόθεόν
1677 1209 1720 1237 τε
1739 1199 1786 1242 15

187 1330 192 1333 Α
237 1271 306 1314 τὸν
343 1272 588 1314 πολύαθλον
628 1272 854 1314 ἐπίσκοπον
900 1266 1067 1326 Τύρου,
1104 1265 1174 1310 τὸν
1207 1264 1367 1316 πολλὰς
1395 1263 1588 1322 ἱστορίας
1614 1259 1721 1320 γρά-

199 1351 382 1394 Βψαντα
422 1334 789 1395 ἑκκλησιαστικοίς,
834 1337 908 1379 καί
935 1337 980 1379 ἐν
1023 1335 1162 1391 λόγοις
1195 1336 1513 1390 διαπρέποντα,
1550 1331 1623 1375 τὸν
1653 1329 1725 1373 ἐπὶ

237 1407 537 1464 Διοκλητιανοῦ
577 1403 838 1463 ὃμολογητήν
865 1400 1084 1461 γεγονότα,
1123 1404 1198 1446 καί
1225 1397 1360 1453 αὖθις
1399 1401 1474 1444 ἐπὶ
1500 1399 1721 1454 Λικινίου,

340 1568 367 1589 ι.
392 1554 554 1603 ἵδρυσαν
580 1575 627 1581 --
651 1556 912 1601 κατέστρεψαν
937 1553 986 1595 A,
1014 1552 1174 1600 ἵδρυσεν
1197 1553 1449 1599 κατέστρεψεν
1475 1549 1574 1594 vulg.
1686 1548 1721 1581 3.

331 1603 468 1641 θύοντι
494 1607 519 1638 Α
547 1602 570 1636 b
596 1615 636 1646 e,
667 1602 821 1639 ιῖπιόντι
845 1605 909 1637 καὶ
937 1601 1100 1638 θύσοντι
1124 1602 1219 1647 vulg.
1327 1611 1359 1645 7.
1388 1593 1475 1638 τούς
1497 1597 1582 1630 add.
1611 1607 1656 1630 ex
1682 1597 1722 1630 A.

333 1654 366 1686 8.
392 1648 488 1687 κατὰ
510 1650 613 1687 Ἰουλ.
638 1652 680 1694 Α,
707 1645 801 1686 κατὰ
828 1651 898 1685 τοῦ
919 1648 1023 1685 Ἴουλ.
1052 1650 1148 1695 vulg.
1246 1659 1281 1693 9.
1309 1648 1507 1695 ἐπέργαψε
1529 1645 1560 1680 Α
1585 1650 1623 1679 et
1650 1644 1725 1684 alii,

334 1700 470 1747 ὑπέγρ.
494 1701 592 1745 vulg.
734 1710 786 1733 lo.
810 1699 1018 1742 ἐκέλευσεν,
1044 1701 1122 1734 τῶν
1148 1697 1239 1733 ‘Em
1270 1698 1299 1731 A
1321 1707 1340 1730 e
1366 1696 1398 1737 f,
1424 1698 1475 1732 ἐκ.
1502 1687 1623 1730 πολλὰ
1649 1691 1727 1729 τῶν

331 1748 518 1792 Ἑλλήνων
540 1749 636 1794 vulg.
743 1759 793 1781 11.
822 1743 936 1784 αὐτὸν
960 1747 1002 1790 Α,
1033 1745 1134 1794 αὐτῷ
1159 1747 1257 1791 vulg.
1363 1747 1416 1780 13.
1437 1747 1605 1791 θαρσεῖν
1627 1753 1665 1778 τε
1683 1742 1724 1775 Α.

340 1798 393 1843 14.
420 1796 606 1845 Βοστρῶν
628 1797 678 1840 Α,
706 1795 891 1844 Βόστρων
918 1796 1016 1841 vulg.
1147 1796 1200 1829 16.
1228 1788 1296 1834 τὰς
1322 1788 1464 1832 πολλὰς
1493 1793 1535 1827 Α.

240 1926 354 1972 tiquis
381 1925 532 1960 aedibus
557 1927 702 1964 eversis,
729 1926 855 1960 erexit.
906 1926 1025 1960 Mares
1051 1930 1172 1959 autem
1195 1922 1507 1958 Chalcedonensis
1533 1920 1727 1967 episcopus

242 1975 386 2008 Iuliano
416 1974 464 2008 ad
489 1975 658 2009 fortunae
685 1974 809 2008 fanum
838 1986 1019 2008 sacrorum
1047 1973 1299 2007 faciendorum
1331 1971 1445 2017 gratia
1478 1969 1727 2017 proficiscenti

243 2023 484 2057 contumelias
520 2024 560 2058 in
602 2023 733 2057 faciem
759 2023 907 2058 intulit:
932 2034 1022 2069 quas
1063 2023 1128 2057 ille
1153 2021 1370 2069 philosophi
1394 2030 1588 2067 personam
1618 2027 1726 2063 agens

244 2071 429 2105 sustinuit.

55 2122 232 2170 A.C‚354
339 2119 416 2152 Hoc
453 2130 548 2152 anno
584 2119 718 2166 impius
743 2118 907 2152 Iulianus
944 2117 1183 2160 Christianos,
1221 2129 1270 2152 ne
1299 2116 1494 2164 gentilium
1521 2113 1728 2160 disciplinis

244 2166 474 2213 acquirendis
499 2166 658 2200 studium
685 2173 924 2213 apponerent,
948 2166 1069 2201 edicto
1108 2166 1310 2212 prohibuit.
1356 2170 1558 2212 ‘eapropter
1581 2162 1727 2209 Apolli-

243 2216 365 2250 narius
394 2227 439 2248 ex
465 2214 586 2248 divina
618 2216 766 2262 quidem
795 2216 970 2261 scriptura
999 2220 1211 2261 argumento
1239 2215 1309 2249 sibi
1334 2214 1546 2261 proposito,
1574 2211 1728 2245 eodem-

244 2276 316 2310 que
343 2264 610 2305 vetustiorum,
637 2275 728 2310 quos
761 2264 930 2298 initiatus
959 2270 1037 2306 est,
1067 2264 1230 2298 dictione
1263 2269 1300 2298 et
1335 2262 1545 2297 charactere
1575 2265 1727 2300 ornato,

243 2312 391 2353 librum,
417 2323 544 2357 quem,
583 2323 648 2358 pro
675 2311 850 2353 veritate,
872 2312 1069 2359 inscripsit,
1094 2312 1268 2347 adversus
1296 2312 1478 2345 Iulianum
1507 2307 1616 2343 edere
1647 2319 1728 2341 mo-

243 2361 352 2402 litus,
381 2359 570 2394 ecclesiam
594 2371 813 2406 magnopere
840 2361 942 2395 iuvit.
992 2372 1162 2406 magnum
1185 2372 1271 2396 vero
1296 2359 1535 2394 Athanasium
1564 2356 1730 2390 lulianus

245 2421 265 2442 a
291 2407 490 2454 gentilibus
515 2408 555 2441 in
578 2406 694 2454 ipsum
721 2409 923 2443 concitatus
943 2409 1162 2443 Alexandria
1186 2409 1280 2455 pelli
1306 2407 1505 2455 praecepit.
1556 2406 1622 2439 ille
1653 2404 1731 2438 ‹lis-

245 2468 384 2491 cessum
413 2467 568 2502 parans,
594 2456 817 2491 Christianos
857 2458 912 2491 sui
940 2469 1046 2491 causa
1079 2458 1245 2502 lacrymis
1288 2458 1457 2503 perfusos
1483 2454 1583 2490 bono
1608 2454 1731 2487 animo

245 2504 401 2539 iubebat
427 2515 526 2546 esse,
554 2505 700 2538 dicens:
730 2505 924 2547 confidite,
951 2506 1134 2540 nubecula
1168 2512 1244 2541 est:
1276 2504 1508 2541 commodum
1533 2501 1731 2549 dissipabi-

244 2559 316 2588 tur.
366 2553 494 2587 Titum
526 2553 676 2598 insuper
714 2565 853 2587 sacrum
892 2555 1139 2588 Bostrensium
1181 2555 1394 2602 episcopum
1428 2558 1470 2587 ut
1503 2552 1600 2586 cives
1637 2549 1729 2583 urbe

246 2602 442 2643 eiicerent,
482 2601 658 2646 rescripto
701 2601 905 2635 mandavit:
942 2602 1172 2637 Dorotheum
1212 2614 1362 2649 quoque
1398 2601 1486 2647 Tyri
1522 2598 1730 2646 praesulem

245 2650 370 2684 multis
408 2649 671 2684 certaminibus
697 2650 919 2696 praeclarum
937 2677 945 2690 ‚
971 2652 1150 2685 variarum
1181 2652 1357 2686 ecclesiae
1380 2649 1614 2685 historiarum
1641 2646 1732 2681 scri-

245 2703 401 2745 ptorem,
429 2697 575 2732 dicendi
608 2698 740 2744 peritia
779 2703 1045 2743 praestantem,
1075 2711 1177 2741 eum,
1203 2701 1375 2747 inquam,
1413 2698 1479 2745 qui
1508 2696 1732 2732 confessoris

245 2758 381 2781 nomen
406 2746 476 2780 sub
499 2746 735 2780 Diocletiano
772 2752 810 2780 et
834 2747 967 2780 Licinii
994 2759 1132 2781 rursum
1160 2748 1389 2796 temporibus
1413 2749 1535 2782 fuerat
1559 2744 1731 2790 adeptus,

247 2794 407 2831 secundo
435 2795 581 2831 demum
609 2795 751 2842 imperii
776 2796 1076 2843 praevaricatoris
1102 2808 1221 2840 anno,
1247 2809 1328 2832 cum
1355 2796 1585 2843 magistratus
1611 2792 1656 2827 ab
1683 2802 1732 2826 eo
