1768 3106
83 683 280 721 A.M.62Go

294 147 412 206 686
884 165 1232 209 TquPHANis

291 271 366 312 τοῦ
396 267 503 310 θεοῦ
530 267 736 322 χορηγίας
763 264 932 317 εὐτόνως
958 266 1223 323 πιπράσκειν.
1281 271 1341 329 τῷ
1369 271 1410 312 ‹5’
1437 272 1558 330 αὐτῷ
1582 270 1665 316 ἔτει
1695 276 1768 317 Νι.

291 337 420 393 κὴτας
449 332 471 376 ὃ
501 332 787 388 ψευδώνυμος
823 333 1095 391 πατριάρχης
1134 336 1209 387 τὰς
1239 338 1284 379 ἐν
1311 340 1367 396 τῷ
1394 332 1685 400 πατριαρχειίρ
1715 343 1768 383 εἰ-

291 406 418 454 κόνας
445 404 525 446 τοῦ
549 402 708 458 μικροῦ
733 404 934 458 σεκρέτου
967 401 1040 445 διὰ
1070 408 1286 458 μουσαίου
1324 402 1455 456 οὔσας
1494 405 1658 465 ἔξεσεν,
1704 426 1768 452 και

291 474 369 514 τοῦ
410 470 597 526 μεγάλου
641 471 844 526 σεκρὲτου
894 472 972 526 τῆς
1008 475 1208 528 τροπικῆς
1255 475 1299 524 ἐξ
1342 472 1608 532 ὖλογραφίας
1647 470 1768 534 οὔσης

292 540 568 596 κατήνεγκεν,
611 539 687 580 καί
721 539 807 580 τῶν
845 540 1006 581 λοιπῶν
1044 539 1218 583 εἰκόνων
1247 540 1300 583 τὰ
1340 539 1551 598 πρόσωπα
1578 541 1768 601 ἔχρισενῖ

291 607 365 651 καί
391 610 437 651 ἐν
469 608 529 666 τῷ
558 605 823 665 Ἁβραμιαιῖρ
853 607 902 648 δὲ
930 605 1091 661 ὅμοι’ως
1119 609 1356 664 πεποίηκεν.

410 673 556 733 Τούτῳ
594 673 652 731 τῷ
693 671 780 716 ἔτει
807 671 989 729 ἔστεψεν
1031 674 1054 715 ὅ
1084 675 1290 729 βασιλεύς
1325 675 1402 734 τὴν
1437 683 1618 732 γυναῖκα
1645 669 1768 722 αὖτοι.

157 752 277 801 Ρ.374
293 743 509 786 Εὕὸοκιάν
538 740 561 783 ὅ
589 743 792 798 τρίγαμος
821 744 967 799 τρίτην
996 738 1129 785 οὖσαν
1164 744 1409 800 αὔγοῦσταν
1436 747 1482 788 ἐν
1511 748 1570 802 τῷ
1600 749 1768 803 τριβου-

289 812 420 869 ναλίῳ
463 812 551 853 τῶν
596 806 653 852 eff
684 809 922 864 α’κουβίτων
964 812 1017 868 τῇ
1047 809 1194 869 πρώτῃ
1237 814 1314 854 τοῦΙ
1339 811 1588 868 Ἀπριλλίου
1624 814 1768 871 μηνὸς1

288 880 554 928 ἰνὸικτιῶνος
582 876 627 934 ζ’,
658 874 798 937 ἡμέρᾳ
826 875 1059 936 σαββάτου,
1091 881 1166 921 καί
1195 878 1356 932 τούςέξ
1386 881 1518 937 αὐτῆς
1550 879 1628 924 δύο
1655 881 1768 933 υἱοὺς

287 947 427 990 acron?
444 942 751 1003 Χριστοφόρον
780 948 854 988 καί
868 946 1122 1004 Νικηφόρον
1141 949 1192 1004 τῇ
1220 945 1441 1006 ἐπαύριον,
1469 946 1564 1004 ἥτις
1592 945 1646 1006 ἧν
1675 951 1768 992 δευ-

285 1016 389 1071 τέρα
421 1015 499 1056 τοῦ
521 1012 771 1070 Ἀπριλλίου
800 1011 934 1070 μηνὸς
963 1013 1102 1069 ἧμέρα
1128 1014 1310 1071 κυριακὴ
1350 1017 1431 1058 τοῦ
1458 1014 1583 1072 ἁγίου
1612 1015 1768 1075 πάσχα,

287 1080 548 1138 προεβάλετο
577 1079 814 1138 καίσαρας,
846 1083 893 1124 ὲν
923 1083 981 1140 τῷ
1009 1083 1126 1140 αὐτῷ
1154 1085 1437 1143 τριβουναλιζο
1457 1084 1537 1127 τοῦ
1563 1085 1768 1140 πατριάρ-

284 1167 368 1206 χου
398 1148 657 1207 ποιήσαντος
675 1146 753 1205 τήν
779 1148 925 1206 εὐχήν,
955 1151 1030 1193 καί
1046 1151 1124 1193 τοῦ
1149 1151 1362 1206 βασιλέως
1379 1152 1598 1202 ἐπιθέντος
1627 1152 1768 1203 αὕτοῖς

286 1216 362 1268 τοὶς
390 1233 437 1260 τε
465 1217 648 1271 χλαίνας
674 1218 751 1260 καί
794 1216 847 1261 τοὶ
889 1220 1139 1273 καισαρι’κια
1170 1218 1511 1275 περικεφαλαια’
1568 1218 1768 1270 ὡσαύτως

249 1298 276 1331 Β
289 1285 363 1328 καί
375 1283 450 1327 τὸν
469 1283 661 1339 Νικὴταν
678 1283 755 1328 τόν
779 1283 962 1341 ἔσχατον
981 1284 1170 1343 ἀδελφὸν
1192 1285 1338 1329 αὐτῶν
1365 1285 1546 1343 ποιήσας
1573 1290 1768 1343 νωβελίσ.

87 2286 263 2334 A.C.760

286 1368 425 1410 σιμον,
455 1354 662 1409 ἐπέθηκεν
693 1354 814 1412 αὐτῷ
835 1357 1016 1407 χλαῖναν
1045 1354 1212 1410 χρυσῆν
1245 1355 1320 1397 καί
1344 1355 1418 1398 τὸν
1446 1356 1671 1412 στέφανον.
1702 1360 1768 1399 και

285 1417 422 1470 οὕτως
451 1421 671 1477 προῆλθον
703 1418 745 1463 οἱ
771 1423 965 1474 βασιλεῖς
992 1420 1210 1477 ῥίπτοντες
1236 1421 1448 1466 ὖπατειάν
1473 1424 1671 1478 τριμίσια
1701 1426 1768 1467 και

284 1490 492 1544 σημίσια,
536 1489 609 1529 καί
650 1489 894 1543 νομίσματα
937 1485 1187 1546 καινούργια
1230 1492 1310 1541 ἕως
1359 1491 1435 1547 τῆς
1469 1492 1656 1548 μεγάλης
1701 1493 1768 1534 ἐκ..

283 1553 472 1613 κλησιάς.

381 1705 416 1737 3.
442 1697 505 1739 ὃιοῖ
533 1706 726 1752 μουσαῖου
749 1726 796 1732 -
822 1725 870 1731 ——
896 1706 1074 1754 σεκρέτου
1103 1718 1173 1740 οηι.
1199 1706 1227 1741 A
1254 1707 1280 1741 f.
1385 1717 1437 1741 12.
1468 1705 1586 1755 ἡμέρα
1611 1703 1768 1755 κυριακῆ

377 1754 420 1795 A,
447 1753 567 1800 ἡμέρᾳ
588 1753 748 1801 κυριακῇ
790 1754 888 1799 vulg.
1042 1757 1092 1789 15.
1126 1754 1194 1794 τάς
1219 1766 1257 1790 τε
1285 1756 1343 1801 χλ.
1371 1757 1424 1798 A,
1460 1754 1528 1794 τὰς
1559 1760 1622 1802 χλ.
1667 1758 1765 1799 vulg.

384 1803 436 1836 ¹6.
462 1802 723 1850 ποιησάμενος
749 1813 782 1834 a.
887 1813 938 1846 ¹9·
966 1802 1140 1852 σημίσια]
1170 1802 1305 1851 ἧμίσια
1328 1804 1359 1839 Α
1386 1816 1407 1838 a
1433 1803 1459 1846 f,
1490 1809 1643 1852 σιμίσια
1669 1805 1766 1850 vulg.

280 1942 366 1974 liter
389 1950 577 1974 concessas
603 1945 641 1974 et
667 1941 705 1974 in
732 1941 939 1975 convictum
976 1943 1152 1988 repositas
1188 1944 1253 1977 vili
1280 1944 1398 1990 pretio
1425 1942 1588 1977 hominos
1615 1945 1768 1990 cogebat

278 1988 491 2023 distrahere.
542 1988 674 2022 eodem
700 1990 811 2023 etiam
846 2002 942 2024 anno
969 1991 1115 2025 Nicetas
1141 1991 1233 2025 falso
1265 1994 1413 2026 nomine
1442 1991 1646 2038 patriarcha
1676 1994 1768 2026 ima-

280 2039 381 2082 gines
407 2037 446 2070 in
471 2037 725 2082 patriarchalis
764 2037 863 2072 aedis
899 2039 1040 2072 minore
1077 2045 1218 2073 secreto
1259 2052 1369 2086 opere
1403 2041 1575 2075 tesselato
1605 2040 1768 2087 depictus

279 2086 414 2126 erasit,
440 2085 558 2130 magni
597 2097 747 2132 quoque
780 2087 911 2120 secreti
947 2086 1122 2121 ambitum
1156 2088 1374 2132 imaginibus
1407 2088 1538 2134 ligneis
1576 2088 1767 2123 dimidiata

278 2133 479 2166 eminentia
519 2131 644 2166 essictis
684 2140 851 2168 ornatum
887 2134 1084 2180 deposuit,
1120 2141 1158 2169 et
1196 2137 1415 2183 reliquarum
1447 2137 1609 2170 omnium
1639 2138 1766 2182 imagi-

277 2193 364 2215 num
407 2180 517 2214 facies
558 2181 632 2216 alio
671 2182 794 2216 colore
839 2184 1035 2229 perunxit,
1082 2183 1255 2230 idemque
1295 2196 1443 2231 prorsus
1481 2185 1518 2218 in
1549 2185 1765 2219 Abramiaeo

277 2228 472 2276 praestitit.

374 2277 453 2310 Hoc
475 2287 571 2310 anno
597 2277 798 2322 imperator
834 2278 943 2311 trium
974 2289 1126 2312 uxorum
1163 2279 1219 2313 vir
1242 2278 1439 2313 Eudociam
1465 2280 1609 2314 tertiam
1636 2282 1765 2315 coniu-

276 2337 357 2372 gem
383 2325 518 2370 Aprilis
546 2326 680 2358 mensis
706 2325 765 2358 die
793 2326 920 2370 primo,
947 2326 1150 2361 indictione
1180 2328 1344 2372 septima,
1373 2328 1434 2361 die
1459 2327 1602 2363 sabbati
1630 2330 1667 2362 in
1693 2342 1763 2363 un-

278 2373 456 2420 deviginti
480 2373 730 2407 accubitorum
759 2373 960 2407 tribunalio
987 2386 1121 2408 corona
1147 2376 1316 2420 imposita
1342 2381 1528 2421 augustam
1567 2379 1762 2411 renuncia-

274 2424 340 2457 vit.
391 2422 562 2468 sequenti
587 2433 673 2455 vero
698 2421 791 2462 luce,
817 2433 910 2467 quae
932 2423 1067 2468 Aprilis
1094 2423 1255 2456 secunda
1283 2423 1367 2465 suit,
1394 2424 1472 2458 dies
1494 2425 1666 2458 nimirum
1692 2426 1762 2459 do-

273 2471 408 2505 minica
435 2470 549 2503 sancti
574 2468 778 2516 paschatis,
810 2469 950 2503 liberos
983 2470 1074 2504 duos
1106 2482 1150 2504 ex
1177 2482 1218 2504 ea
1243 2478 1431 2518 susceptos
1457 2472 1762 2519 Christophorum

275 2525 312 2554 et
337 2517 586 2565 Nicephorum
611 2518 650 2551 in
669 2516 797 2550 eodem
825 2517 1039 2559 tribunam,
1066 2519 1273 2564 patriarcha
1292 2531 1409 2554 sacras
1436 2532 1558 2566 preces
1587 2522 1759 2562 obeunte,

273 2578 434 2601 caesares
463 2565 672 2606 declaravit,
699 2571 736 2599 et
762 2565 919 2599 subinde
937 2566 1135 2600 chlamides
1162 2573 1198 2601 et
1227 2580 1409 2602 caesarum
1444 2574 1631 2603 stemmata
1658 2571 1760 2616 capi-

273 2616 371 2650 tibus
397 2614 584 2660 imposuit.
647 2614 798 2648 Nicetae
829 2614 965 2660 pariter
999 2620 1184 2660 postremo
1225 2627 1350 2650 eorum
1377 2617 1478 2650 fratri
1506 2618 1545 2651 iu
1569 2618 1761 2652 nobilissi-

271 2675 368 2698 mum
393 2668 562 2709 promoto
588 2661 807 2696 chlamidem
831 2673 919 2695 auro
945 2667 1080 2696 textam
1106 2669 1143 2698 et
1170 2676 1339 2699 coronam
1366 2666 1534 2699 contulit.
1570 2671 1683 2711 atque
1709 2667 1759 2700 ita

271 2713 509 2758 imperatores
533 2710 757 2757 prodeuntes
781 2721 941 2750 munera,
968 2710 1119 2744 trimisia
1144 2713 1328 2754 nimirum,
1350 2713 1500 2746 hemisia
1529 2719 1566 2748 et
1591 2726 1759 2748 nummos

274 2765 439 2795 recenter
470 2771 575 2793 cusos
614 2770 681 2806 per
721 2760 791 2794 iter
827 2759 873 2793 ad
907 2769 1070 2805 magnam
1109 2772 1224 2808 usque
1273 2761 1462 2796 ecclesiam
1502 2761 1541 2796 in
1579 2763 1757 2809 populum

273 2818 450 2856 sparsere.
