1820 3120
269 141 378 217 762
843 161 1197 206 THEOPHANIS

263 264 394 317 δέχου
416 262 526 321 πλὴν
553 265 639 308 τῶν
669 263 900 322 ὁρωμένων
916 280 998 308 σοι.
1026 261 1163 311 ταῦτα
1179 264 1329 321 κύριος
1360 260 1488 310 οἶδεν.
1517 266 1652 319 αὐτὸς
1681 266 1764 323 ἐγώ

262 330 378 390 ζώσῃ
410 333 532 390 φωνῇ
557 333 721 390 α’κήκοα
760 332 876 389 παρὰ
902 335 1151 378 Θεοδοσίου.
1183 333 1442 386 ἑπισυνάξας
1471 336 1521 378 δὲ
1549 334 1602 379 τοὶ
1632 352 1764 391 στρα-

128 399 473 455 Ρ.415τευ’ματα,
505 401 557 443 οὐ
588 402 721 457 μόνον
751 404 798 446 ἐκ
830 402 1027 460 Θρᾴκης,
1058 401 1168 445 α’λλά
1205 401 1279 445 καί
1304 404 1390 446 τῶν
1419 405 1661 461 περατικῶν
1687 407 1765 446 θε-

259 468 435 525 μάτων,
477 470 659 526 πένητάς
686 486 731 514 τε
769 468 956 520 πολλοὺς
984 471 1111 520 ἰδίοις
1153 465 1374 528 ὀψωνίοις,
1405 470 1664 530 σφενδόναις
1692 473 1767 514 καί

261 534 442 593 ῥάβδοις
462 536 771 595 ὡπλισμένους,
800 539 1167 595 βλασφημοῦντας
1197 535 1290 591 ἅμα
1311 545 1402 590 τοῖς
1429 538 1801 597 στρατευμασιν,5

260 599 421 660 ἤλασεν
453 604 562 648 κατὰ
585 604 864 662 Βουλγάρων.
928 607 1171 661 Κροῦμμος
1204 608 1253 650 δὲ
1281 606 1336 650 τὰ
1371 610 1514 665 πλήθη
1544 610 1764 666 φοβηθείς,

260 689 393 717 οντων
434 674 576 717 αὐτῶν
606 675 653 717 ὲν
682 676 979 729 ΙΙΙιιρκέλλαις,
1013 674 1151 731 ᾐτεῖτο
1193 673 1381 732 εἰρήνην.
1443 693 1465 719 ο
1497 677 1546 720 δὲ
1575 681 1671 727 ταῖς
1699 677 1763 719 οἰ..

260 743 397 793 κειάις
428 744 730 797 κακοβουλιάις
758 744 833 786 καί
874 747 968 793 ταῖς
998 744 1080 786 ταῖν
1113 743 1372 801 ὁμοφρόνων
1400 740 1539 788 αὖτοῦ
1566 743 1763 800 συμβού-

258 813 344 853 λων
377 809 618 867 εἰσηγήσεσι
649 810 917 868 διεκωλύθη,
959 810 1033 854 καί
1058 810 1167 866 μετοὶ
1199 812 1360 863 πολλὸς
1402 813 1675 870 περιαγωγὰς
1707 814 1763 856 δι’

260 879 439 932 ἀβάτων
485 879 628 921 τόπων
667 877 983 935 ῥιψοκινδύνως
1025 876 1046 921 ὃ
1091 879 1382 936 θρασύδειλος
1419 880 1664 937 εἰσέρχεται
1702 884 1820 932 sign

260 946 538 1002 Βουλγαρίαν
566 949 620 1006 τῇ
650 949 816 1005 εἰκοστῇ
840 949 919 990 τοῦ
946 947 1125 991 Ἰουλίου
1154 947 1288 1005 μηνὸς
1324 947 1470 1007 (κυνὸς
1499 967 1554 1006 ην
1585 947 1759 1005 ἐπιτολὴ

261 1018 582 1072 πανολέθριος),
612 1017 783 1071 συχναῖς
812 1016 1190 1074 ἐπιφθεγγόμενος,
1218 1015 1280 1074 τό,
1310 1020 1375 1069 τίς
1401 1018 1660 1102 πορεύσεται
1691 1035 1764 1061 και

119 1090 165 1125 V.
179 1091 247 1125 330
260 1082 471 1140 ἀπατήσει
502 1083 578 1127 τόν
600 1085 797 1139 Ἀχαάβς
827 1087 986 1142 λέγων,
1031 1083 1097 1128 ότι
1125 1083 1203 1128 κᾶν
1234 1083 1255 1128 ὃ
1289 1085 1391 1136 θεὸς
1421 1083 1498 1129 κᾶν
1527 1086 1550 1129 ὁ
1582 1087 1764 1129 α’ντικεί-

222 1140 385 1206 Βμενος
413 1153 512 1208 ἕλκῃ
541 1148 730 1196 ἅπαντα.
807 1151 890 1209 πρὸ
923 1155 970 1196 δὲ
1001 1155 1077 1197 τοῦ
1105 1155 1316 1197 εἰσελθεῖν
1345 1154 1490 1209 αὐτόν,
1521 1155 1764 1208 Βυζάντιος

261 1219 286 1262 o‘
316 1218 473 1263 τούτου
505 1221 755 1278 ἐπιστὴθιος
785 1222 945 1279 οἰκέτης
973 1221 1083 1279 πρὸς
1113 1225 1357 1279 Ιίροῦμμον
1385 1221 1471 1267 ἀπὸ
1490 1225 1763 1281 Μαρκέλλων
1783 1227 1820 1269 15

259 1291 540 1347 προσέφυγεν,
569 1292 853 1343 συναρπάσας
882 1292 1045 1347 ἐσθῆτα
1065 1290 1295 1348 βασιλικήν
1311 1291 1386 1335 καί
1400 1294 1586 1349 χρυσιόυ
1613 1295 1763 1345 λίτρας

260 1353 429 1414 ἑκατόν,
469 1355 620 1400 πολλοὶ
656 1360 704 1401 δὲ
751 1357 827 1414 τήν
855 1356 1010 1402 τούτου
1059 1358 1204 1417 φυγήν
1241 1361 1316 1402 ἐπί
1353 1363 1469 1418 κακῷ
1505 1360 1761 1418 Νικηφόρον

261 1426 522 1469 οἷωνίσαντο.
580 1425 654 1469 ἐπὶ
683 1429 731 1470 δὲ
761 1426 901 1484 τρισὶν
931 1427 1115 1484 ἡμέραις
1142 1427 1253 1483 μετὰ
1286 1427 1365 1478 τὰς
1395 1427 1568 1486 πρώτας
1591 1429 1762 1482 ᾖυμβο-

261 1492 339 1545 λάς
371 1492 499 1547 δόξας
537 1495 910 1553 κατευοδοῦσθαι,
939 1495 990 1538 οὐ
1030 1499 1088 1555 τῷ
1116 1498 1418 1540 κατευοδοῦντι
1459 1499 1549 1557 θεῷ
1585 1495 1640 1541 τὰ
1685 1498 1763 1552 τῆς

361 1639 390 1663 1.
415 1622 511 1673 πλὴν
536 1628 576 1671 Δ,
603 1627 713 1675 παρὰ
736 1628 835 1675 vulg.
949 1622 1064 1670 αὐτὸς
1091 1628 1165 1678 8211}
1190 1630 1234 1672 A,
1259 1630 1379 1665 ταῦτα
1405 1631 1504 1676 vulg.
1611 1641 1644 1663 2.
1672 1634 1759 1664 ante

357 1677 502 1721 ἀκήκοα
528 1689 548 1712 e
567 1677 652 1711 add.
680 1677 700 1714 ὁ
731 1678 1067 1726 συγγραψάμενος.
1185 1680 1236 1713 13.
1265 1677 1454 1723 ἀπατήσει
1482 1680 1523 1722 A,
1548 1677 1760 1722 ἀπαντνσει

353 1726 452 1772 vulg.
604 1728 658 1769 14.
685 1726 768 1775 ἕλκῃ
792 1729 846 1769 A,
874 1727 970 1763 ἕλκει
992 1728 1090 1772 vulg.
1273 1726 1442 1777 ἅπαντα]
1480 1726 1625 1765 ἄκοντα
1658 1728 1757 1773 vulg.

362 1786 415 1821 ¹7·
421 1753 654 1822 ι.”Νι;ει]1[.ό()ε,ιι
681 1776 778 1822 vulg.

260 1903 474 1940 Theodosi?
531 1916 579 1939 ne
614 1911 759 1951 praeter
784 1917 838 1949 ea,
861 1918 957 1954 quae
992 1907 1179 1954 experiris,
1208 1906 1308 1940 aliud
1336 1907 1526 1953 quippiam
1553 1911 1756 1952 exspectes.

258 1953 328 1986 ista
354 1952 523 1987 dominus
557 1955 671 1989 novit.
721 1955 793 1990 ista
830 1956 912 1990 viva
940 1967 1029 1990 voce
1064 1957 1283 1990 referentem
1320 1955 1575 1989 Theodosium
1615 1955 1755 1991 audivi.

259 2001 371 2058 1311111Ρ
389 2003 505 2048 copiis
544 2014 620 2037 non
649 2004 769 2038 solum
809 2015 855 2039 ex
880 2004 1061 2046 Thracia,
1088 2004 1153 2039 sed
1182 2016 1227 2038 ex
1257 2004 1498 2038 ulterioribus
1527 2004 1640 2038 etiam
1666 2015 1756 2060 pro-

259 2050 389 2084 vinciis
415 2052 452 2084 111
481 2062 594 2085 unum
618 2053 796 2095 collectis,
821 2054 1024 2100 multisque
1048 2053 1272 2100 pauperibus
1292 2065 1335 2087 eo
1359 2052 1511 2094 adactis,
1531 2058 1572 2086 ut
1597 2052 1755 2098 propriis

260 2099 457 2144 stipendiis
498 2100 702 2135 militarent
726 2101 851 2136 fundis
878 2108 916 2136 et
946 2101 1088 2136 baculis
1121 2102 1262 2144 armati,
1288 2113 1333 2135 ex
1359 2113 1433 2148 quo
1463 2101 1554 2135 diris
1582 2100 1755 2135 omnibus

259 2158 356 2189 eum,
381 2154 417 2181 et
446 2159 518 2182 una
546 2150 746 2184 exercitum
772 2152 852 2185 eius
880 2151 1091 2185 universum
1119 2150 1361 2192 devovebant,
1387 2149 1559 2184 adversus
1579 2149 1754 2194 Bulgaros

258 2195 463 2230 contendit.
527 2202 564 2230 at
597 2210 678 2231 cum
702 2199 900 2245 populares
925 2200 1013 2234 illae
1046 2199 1177 2233 turbae
1203 2199 1394 2232 Mai-cellas
1420 2197 1664 2239 advenissent,
1691 2209 1755 2231 ex·

257 2245 384 2278 timuit
400 2246 600 2287 Crummus,
629 2252 666 2281 et
690 2246 735 2281 de
760 2259 849 2293 pace
874 2253 1031 2282 tractare
1058 2250 1210 2282 molitus
1237 2253 1304 2290 est,
1330 2246 1395 2280 sed
1421 2246 1651 2292 Nicephorus
1678 2251 1755 2280 tam

258 2294 398 2340 proprii
425 2295 570 2327 consilii
595 2296 790 2341 pravitate,
817 2307 928 2342 quam
955 2296 1120 2331 eiusdem
1155 2308 1278 2330 secum
1308 2307 1433 2329 sensus
1460 2295 1754 2329 consiliariorum

259 2338 556 2388 suggestionibus
582 2342 795 2390 impeditus,
819 2350 1014 2379 tractatum
1052 2345 1246 2387 recusavit,
1271 2343 1497 2390 tandemque
1525 2349 1610 2390 post
1633 2343 1754 2377 varios

258 2402 327 2436 per
352 2392 450 2424 invii
479 2392 560 2425 loca
585 2392 779 2434 circuitus,
809 2399 894 2438 post
931 2395 1137 2440 expositum
1173 2393 1338 2439 periculo
1375 2392 1576 2427 exercitum
1613 2391 1757 2426 thraso-

259 2439 410 2474 timidus
449 2440 582 2474 mensis
609 2441 696 2474 Iulii
732 2440 793 2474 die
818 2441 1016 2484 vicesimo,
1057 2442 1262 2487 Bulgariam
1300 2441 1527 2486 ingreditur,
1560 2440 1627 2475 sub
1654 2440 1755 2473 canis

258 2489 608 2534 perniciosissimum
646 2495 834 2533 exortum3
874 2490 972 2524 istud
1005 2497 1127 2524 autem
1164 2490 1378 2536 frequenter
1412 2489 1628 2524 insonabat·
1670 2490 1754 2534 quis

258 2536 331 2572 ibit
367 2542 405 2571 et
439 2537 601 2584 decipiet
639 2537 789 2571 Achab?
839 2538 916 2572 sive
941 2539 1031 2572 deus
1070 2539 1233 2580 etenim,
1272 2539 1347 2572 sive
1387 2539 1581 2585 oppositus
1622 2537 1754 2579 hostis,

258 2591 392 2619 cuncta
429 2586 543 2620 trahit
576 2592 614 2621 et
652 2587 756 2642 regit.
812 2587 913 2633 prius
951 2593 1071 2621 autem
1098 2599 1208 2633 quam
1230 2588 1270 2620 in
1297 2587 1503 2633 Bulgariam
1532 2591 1756 2632 penetraret,

259 2633 453 2677 Byzantius
479 2635 638 2668 famulus
666 2636 744 2669 eius
778 2636 930 2669 intimus
969 2636 1203 2682 imperatoria
1239 2641 1339 2669 veste
1366 2641 1404 2669 et
1430 2636 1509 2669 auri
1534 2635 1641 2668 libris
1667 2645 1756 2667 cen-

258 2687 336 2716 tum
362 2694 484 2716 secum
512 2683 677 2726 sublatis,
705 2695 726 2716 a
755 2684 942 2718 Marcellis
967 2683 1015 2718 ad
1046 2684 1255 2718 Crummum
1284 2684 1459 2730 profugit,
1489 2695 1598 2731 quam
1627 2682 1755 2716 dome-

260 2730 343 2763 stici
368 2731 490 2775 fugam
524 2732 673 2777 plurimi
710 2732 748 2766 111
775 2733 963 2767 sinistrum
1001 2744 1110 2767 omen
1152 2733 1388 2778 interpretati
1414 2738 1510 2766 sunt.
1562 2737 1647 2778 post
1673 2730 1754 2764 dies

258 2790 344 2812 vero
371 2785 444 2813 tres
472 2786 509 2814 et
535 2781 725 2815 conflictus
754 2782 888 2828 primos
918 2781 1086 2822 leviores,
1113 2793 1194 2814 cum
1221 2781 1434 2815 fortunam
1424 2793 1463 2814 111
1492 2786 1576 2814 vota
1604 2779 1754 2824 conspi-

259 2832 400 2865 rantem
427 2839 548 2865 secum
584 2829 730 2864 trahere
756 2830 955 2874 videretur,
984 2829 1084 2865 haud
1108 2830 1362 2878 prosperitatis
1388 2829 1527 2865 auctori
1546 2828 1615 2863 deo
1634 2828 1753 2865 victo—
