1786 3204
271 162 383 219 302
836 182 1186 226 THEOPHANis

228 282 400 342 Βιῖκτὴν
432 289 622 341 τριταῖος
667 285 900 340 κατέλαβεν
920 317 932 338 ,
964 286 1036 327 καί
1063 280 1188 340 εὗρεν
1227 284 1301 330 τὸν
1329 288 1370 330 Γ
1367 290 1554 345 ελίμερα.
1612 288 1657 332 οἳ
1679 288 1755 332 καὶ

266 356 589 410 περιπλακέντες
628 350 824 410 ἀλλήλων
850 355 909 412 τῷ
944 353 1169 414 τραχήλῳ,
1198 356 1324 399 ου’δὲν
1362 358 1507 410 μέντοι
1531 357 1593 408 εἷς
1620 356 1753 414 α’λλή-

266 426 367 473 λους
399 424 676 480 ἐφθέγγοντο·
711 420 820 465 α’λλᾶ
852 423 925 477 τό,
952 428 1108 479 χαῖρε,
1135 425 1384 480 σφίγγοντες
1411 423 1602 468 ἔκλαιον·
1632 424 1751 481 ὅμοι’-

267 508 324 542 ως
353 491 427 532 καί
453 489 476 532 ό
501 490 683 546 στρατός
710 489 789 546 τὴν
819 489 1050 547 συμφορὰν
1080 490 1371 547 ἀπωδύροντο.
1428 491 1450 535 ὅ
1485 494 1533 536 δὲ
1561 495 1748 549 Γελίμερ

266 554 531 614 παραλαβών
576 559 849 615 ἀμφοτέρους
879 559 952 600 ἐπι·
981 557 1248 615 Καρχηδόνα
1288 559 1458 616 ε’χαὶρει,
1489 562 1565 604 καί
1591 560 1786 618 ταύτηνό

263 631 505 682 πολιορκεῖν
533 628 752 683 ἐπειρᾶτο,
780 625 970 680 οἰόμενος
1000 624 1100 677 τους
1134 627 1180 669 έν
1208 630 1467 685 Καρχηδόνι
1494 627 1750 684 προδιδόναι

264 695 378 753 αὐτῷ
407 694 483 750 τὴν
526 692 660 749 πόλιν,
701 694 776 737 καί
811 697 896 737 τῶν
935 695 1162 749 Ῥωμαίων
1199 699 1481 753 στρατιωτῶν,
1525 691 1586 747 οἷς
1614 697 1640 754 ἦ
1670 700 1750 741 τοῦ·

261 764 428 817 Ἀρείου
461 760 564 814 δόξα
594 758 767 820 ἤσκητο.
824 765 1001 818 πέμψας
1023 764 1071 806 δὲ
1099 765 1173 805 καί
1199 764 1260 814 εἷς
1290 762 1391 814 τούς
1420 760 1634 820 ἄρχοντας
1664 766 1750 808 τῶν

266 827 440 875 Οὕννων
470 829 604 874 πολλὰ
636 826 784 880 αὐτοῖς
809 829 956 885 ἀγαθὰ
985 830 1233 886 ὑπισχνεῖτο
1262 831 1443 884 διδόναι,
1477 834 1518 875 εἰ
1533 847 1749 890 καταπρο-

262 899 477 942 δώσουσιν
508 900 625 958 αὐτῷ
646 899 900 953 Ῥωμαίους.
946 901 1092 942 Αταῦτα
1123 901 1171 943 δὲ
1199 898 1454 955 Βελισάριος
1481 899 1637 955 μαθών
1666 918 1745 943 πα-
1763 924 1778 951 1

262 967 317 1022 ροὶ
349 969 436 1010 ταῖν
465 967 724 1022 αὐτομόλων,
756 970 830 1010 καί
857 965 1130 1024 Λαυρέντιόν
1156 985 1252 1011 τινα
1280 969 1326 1011 ἐν
1356 969 1613 1024 Καρχηδόνι
1642 962 1747 1012 ὄντα

222 1036 468 1092 ςπροδότην
497 1033 637 1092 εὑρών
656 1035 979 1079 α’νεσκολόπισεν
1007 1034 1079 1078 ἐπὶ
1103 1034 1241 1094 λόφου
1271 1034 1444 1092 πρὸτῆς
1472 1034 1643 1091 πόλεως,
1675 1039 1751 1079 καί

262 1102 534 1160 α’πὸῥτούτου
565 1105 626 1155 εἰς
658 1105 754 1153 δέος
782 1106 891 1159 μέγα
930 1106 1127 1147 ἐνέπεσον
1160 1102 1200 1147 οἱ
1229 1105 1464 1161 προδοσίαν
1489 1103 1748 1161 μελετήσαν-

259 1187 340 1224 τες,
372 1167 480 1214 ιδ’στε
509 1169 610 1221 τούς
650 1174 946 1227 Μασσαγέτας
991 1170 1254 1227 ὖμολογῆσαι
1294 1171 1347 1215 τὰ
1389 1170 1471 1214 ὑπὸ
1512 1173 1554 1215 Γ
1551 1175 1747 1229 ελίμερος

259 1235 409 1291 αὐτοῖς
446 1241 709 1296 δηλωθέντα.
782 1241 861 1282 τοῦ
899 1241 947 1282 δὲ
977 1239 1238 1296 Βελισαριόυ
1283 1238 1443 1289 πάντας
1473 1237 1582 1298 λόγῳ
1608 1242 1775 1298 ’immi-¹⁶1

257 1309 332 1350 καί
361 1305 505 1363 ὅρκοις
533 1305 642 1364 πρὸς
666 1306 816 1365 φιλίαν
846 1307 980 1350 αὐτοῦ
1009 1306 1333 1363 μεταβαλόντος,
1365 1306 1495 1359 αὐτός
1523 1311 1745 1351 ἐκέλευσεν

257 1374 392 1426 εὐθυς
415 1375 612 1432 Ἰωάννην
636 1375 709 1419 τὸν
736 1375 962 1432 Ἀρμένιον
990 1379 1258 1431 παραλαβεῖν
1283 1373 1449 1427 πάντας
1474 1375 1572 1427 τούς
1601 1375 1745 1427 ἱππεῖς

255 1446 389 1499 παρὲξ
442 1444 729 1487 πεντακοσίων
782 1442 855 1486 καί
897 1443 1124 1496 ἐξελθόντα
1167 1443 1271 1499 πρὸς
1309 1443 1412 1494 τούς
1464 1443 1745 1502 Ουάνδήλους

257 1512 636 1568 α’κροβολίσασθαι.
696 1510 827 1562 αὐτὸς
857 1512 906 1555 δὲ
931 1513 979 1571 τῇ
1008 1511 1216 1570 ὑστεραίᾳ
1237 1508 1329 1568 ἅμα
1356 1514 1415 1571 τῷ
1435 1514 1550 1572 πεζῷ
1574 1515 1745 1571 στρατιῇ

357 1678 384 1701 1.
389 1663 528 1723 ἀκτὴν
551 1667 581 1703 Α
595 1678 615 1700 11
633 1678 664 1710 e,
693 1661 805 1712 ὄκτῆν
827 1668 924 1713 vulg.
997 1669 1062 1703 καὶ
1086 1667 1238 1703 alterum
1257 1667 1340 1701 add.
1362 1679 1407 1702 ex
1425 1667 1464 1702 A.
1532 1668 1566 1714 4.
1583 1678 1742 1716 στρατη-

354 1709 425 1763 γὸς
448 1717 486 1750 A.
607 1715 859 1763 απωδύροντο
885 1718 926 1759 A,
956 1716 1116 1764 ἁπεδύρ.
1146 1718 1244 1761 vulg.
1382 1717 1414 1750 5.
1443 1716 1590 1774 ἐχώρει
1602 1719 1644 1760 A,
1665 1731 1744 1764 χω-

351 1771 415 1811 ρεῖ
434 1777 480 1797 vu
486 1765 533 1810 lg.
681 1779 713 1811 7.
738 1765 815 1802 τῶν
850 1764 897 1800 ‘P
936 1765 1178 1812 στρατιωτῶν
1210 1767 1252 1805 A,
1275 1759 1344 1801 τὸν
1365 1763 1411 1801 ‘.P
1455 1759 1621 1812 στρατὸν
1642 1767 1741 1811 vulg.

350 1815 385 1848 8.
412 1812 546 1857 ἤσκητο
570 1813 612 1857 A,
637 1813 787 1858 ησκεῖτο
812 1814 908 1859 vulg.
1044 1816 1109 1848 καὶ
1134 1813 1215 1848 add.
1246 1825 1289 1848 ex
1314 1814 1356 1847 A.
1481 1826 1516 1860 9.
1546 1827 1744 1861 καταπρο-

353 1861 552 1898 δώσουσιν
576 1861 1004 1910 Α,κατα71ροδώσωσιν
1028 1863 1125 1907 vulg.
1257 1863 1309 1896 13.
1339 1862 1524 1899 ἐνέπεσον
1547 1864 1578 1897 Α
1601 1875 1634 1907 a,
1661 1864 1742 1899 ἐνέ-

351 1921 479 1947 πεσαν
502 1911 600 1968 vulg.
746 1913 798 1946 15.
824 1911 924 1959 λόγῳ
936 1911 1111 1994 λπειθικῷ
1136 1911 1162 1953 f,
1186 1910 1315 1959 λόγοις
1336 1914 1506 1951 πιθικοῒς
1529 1913 1741 1948 11.16.

350 1954 575 2053 μεταβιίελών
603 1961 644 1996 Α.
748 1972 799 2007 ¹7·
825 1972 934 2008 παρα
936 1958 1100 2006 λαβόντα
1127 1970 1331 2004 11.19
1358 1958 1541 2008 ὑστεραίᾳ
1564 1959 1608 2004 A,
1635 1958 1745 1996 ὑστέ-

353 2019 403 2054 ρα
429 2019 474 2042 vu
495 2019 514 2031 «ν

257 2139 369 2175 tertio
395 2140 535 2174 itineris
560 2139 620 2174 dle
646 2140 826 2186 applicuit
850 2144 888 2175 et
912 2152 996 2175 mox
1036 2140 1192 2175 occurrit
1226 2139 1411 2174 Gelimeri.
1463 2138 1520 2173 illi
1545 2137 1641 2172 colla
1670 2137 1743 2173 sibi

257 2187 417 2223 brachiis
442 2189 782 2234 circumplectentes
799 2189 943 2223 nullum
968 2190 1121 2223 invicem
1151 2187 1286 2222 (ledere
1301 2187 1538 2234 colloquium,
1566 2186 1642 2229 sed,
1669 2188 1745 2221 sal-

257 2248 314 2279 ve,
345 2241 487 2271 tantum
517 2237 627 2279 effati,
653 2243 690 2271 et
715 2238 927 2272 constrictos
952 2249 990 2271 se
1015 2244 1184 2272 tenentes
1215 2236 1580 2278 collacrimabantur‚
1607 2236 1744 2270 omnis-

259 2296 332 2332 que
356 2285 496 2331 pariter
531 2286 712 2319 exercitus
745 2297 970 2320 communem
1008 2286 1147 2320 cladem
1174 2284 1401 2330 deplorabat.
1452 2285 1612 2318 Gelimer
1639 2291 1744 2319 utro-

311 2344 331 2366 e
357 2333 519 2366 exercitu
555 2334 594 2366 in
633 2346 744 2367 unum
781 2335 950 2375 collecto,
994 2334 1247 2378 Carthaginem
1284 2334 1389 2380 petit,
1427 2339 1464 2367 et
1490 2333 1618 2367 urbem
1644 2333 1745 2366 obsi-

258 2346 371 2416 fflone
397 2382 542 2426 cingere
566 2381 728 2422 molitur,
750 2393 871 2416 secum
898 2389 1070 2428 reputans
1106 2381 1231 2415 urbem
1258 2384 1573 2438 Romanorumque
1600 2381 1743 2415 exerci-

259 2437 337 2465 tum
363 2442 383 2463 a
409 2429 783 2475 Carthaginiensibus,
822 2431 955 2477 quibus
994 2431 1068 2465 Arii
1109 2431 1291 2464 sententia
1329 2430 1528 2472 colebatur,
1555 2430 1742 2475 extemplo

258 2477 502 2526 prodendum.
553 2477 598 2512 ad
617 2479 804 2512 Unnorum
824 2490 971 2535 quoque
997 2479 1211 2525 praecipuos
1236 2480 1396 2520 mittens,
1423 2479 1537 2512 multa
1566 2476 1663 2512 bona
1691 2477 1743 2511 eis

261 2539 300 2562 se
326 2527 543 2561 donaturum
570 2526 828 2574 pollicebatur,
855 2527 884 2560 si
909 2529 1085 2561 Romanos
1112 2528 1149 2561 in
1176 2539 1300 2562 manus
1325 2539 1405 2561 suas
1431 2526 1641 2573 proditione
1668 2531 1744 2559 tra.-

260 2576 402 2610 derent.
453 2574 543 2609 haec
576 2587 596 2608 a
622 2574 813 2608 Gelimeris
848 2576 1006 2620 partium
1035 2575 1281 2610 desertoribus
1319 2586 1550 2621 cognoscens,
1577 2575 1743 2609 Lauren-

259 2627 427 2671 tiumque
462 2622 643 2670 quendam
677 2623 891 2668 Carthagine
933 2629 1132 2657 morantem
1175 2625 1358 2671 reperiens
1397 2623 1614 2664 Belisarius,
1647 2622 1744 2656 colle

261 2673 419 2720 quodam
447 2683 558 2718 penes
585 2672 769 2706 civitatem
797 2673 866 2706 sito
893 2671 1061 2717 patibulo
1090 2672 1221 2717 affixit3
1247 2685 1291 2706 ex
1310 2684 1382 2719 quo
1410 2673 1448 2706 in
1472 2683 1642 2716 magnum
1666 2677 1744 2704 ter-

262 2733 377 2755 rorem
405 2720 554 2755 adducti
579 2725 674 2762 sunt,
695 2720 757 2766 qui
775 2719 1001 2766 proditiones
1021 2720 1337 2763 machinabantur,
1361 2720 1453 2755 adeo
1475 2725 1515 2754 ut
1534 2731 1629 2766 quae
1654 2719 1742 2764 ipsis

261 2770 423 2803 Gelimer
454 2769 545 2802 clam
582 2767 779 2802 indicasset
803 2768 1026 2814 Massagetae
1042 2769 1170 2825 ’palam
1199 2769 1396 2804 edicerent.
1460 2769 1596 2802 cunctis
1622 2773 1742 2800 autem

262 2819 301 2852 in
328 2818 487 2853 exercitu
512 2816 658 2852 blandis
683 2817 762 2853 eius
789 2817 909 2851 verbis
936 2829 977 2851 ac
1002 2817 1109 2851 etiam
1138 2817 1360 2852 iusim-andis
1385 2817 1498 2851 amice
1522 2816 1593 2852 sibi
1619 2816 1742 2850 conci-
