1786 3204
259 140 330 204 28
813 151 1160 196 THEOPHANIS

52 269 242 306 A.M.5815
372 257 512 316 Τούτῳ
555 258 613 315 τῷ
642 254 726 298 ἔτει
770 255 871 298 ἰδών
903 256 1223 299 Κωνσταντῖνος
1264 248 1285 291 ὃ
1314 247 1493 303 εὐσεβής
1522 250 1716 293 Λικίνιον

218 315 538 382 Ομανικοότερον
566 325 624 383 τῷ
656 324 826 380 διωγμῷ
861 319 1105 376 χρώμενον,
1146 319 1220 358 καί
1248 315 1477 371 ἐπιβουλήν
1504 314 1613 359 nard
1641 319 1718 360 τοῦ

256 392 474 449 εὐεργέτου
502 393 761 447 μελετῶντα,
802 387 1018 440 ὅπλίζεται
1056 388 1145 427 κατ’
1186 385 1318 425 αὐτοῦ
1362 381 1433 426 διὰ
1477 386 1608 439 ξηρᾶς
1647 386 1721 426 καί

254 462 490 516 θαλάσσης·
547 460 621 501 καί
661 456 710 514 δή
741 458 923 509 πολέμου
969 454 1174 509 δημοσίου
1207 453 1480 507 κροτηθὲντος
1510 450 1616 494 κατὰ
1646 449 1722 506 τήν

255 530 487 580 Βιθυνίαν,
526 528 608 578 ζῶν
644 523 987 577 συλλαμβάνεται
1017 523 1061 563 ἐν
1091 516 1389 575 Χρυσοπόλει,
1448 521 1520 561 καί
1548 520 1609 568 εἰς
1646 515 1758 567 τάς5

255 603 402 650 χεῖρας
434 593 754 637 Κωνσταντίνου
784 589 1078 645 παραδίδοται.
1150 583 1170 628 ὃ
1204 587 1250 628 δὲ
1280 587 1329 643 τῇ
1359 585 1536 641 συνήθει
1571 589 1723 643 φιλαν-

255 660 425 720 θρωπιῖιι
454 657 732 716 χρησάμενος,
758 657 982 712 χαρίζεται
1012 655 1123 712 αὐτῷ
1155 652 1232 709 την
1258 653 1392 709 ζωήν,
1422 653 1496 695 καί
1523 655 1583 703 εἰς
1614 653 1722 695 Θεσ-

257 730 477 782 σαλονίκην
520 727 665 769 τοῦτον
699 727 898 773 ἐκπέμπει
934 724 1236 780 φρουρεῖσθαι.
1303 723 1396 774 μετ’
1437 720 1486 763 οὐ
1534 718 1641 762 πολι)
1675 720 1722 762 δὲ

257 793 501 850 βαρβάρους
547 789 873 845 μισθωσάμενος
918 791 1175 845 νεωτερίζειν
1219 783 1422 844 ἤμελλεν,
1465 786 1591 844 εἰμὴ
1620 802 1723 843 προ-

258 860 381 917 γνούς
425 862 551 902 τοῦτο
591 859 612 901 ὅ
658 856 889 917 πρᾳότατος
923 860 1244 906 Κωνσταντῖνος
1285 853 1355 898 διὰ
1401 857 1551 913 ξίφους
1580 857 1724 898 τοῦτον
1745 875 1786 902 m

259 930 556 983 ἀποτμηθῆναι
588 927 806 968 ἐκέλευσε·
864 925 937 966 καί
968 920 1099 973 οὕτως
1140 921 1286 965 λοιπον
1316 923 1474 973 τελείας
1505 924 1727 978 ἀπήλαυσε

220 996 438 1051 Πγαλήνης
475 993 526 1036 τὰ
555 992 780 1049 πράγματα
812 994 886 1047 τῆς
914 993 1185 1046 Χριστιανῶν
1227 993 1438 1040 πολιτείας
1466 991 1516 1048 τῇ
1545 987 1726 1043 δυνάμει

265 1064 341 1104 τοῦ
374 1062 582 1113 ζωοποιοῦ
631 1060 843 1115 σταυροῦ,
889 1055 1116 1114 γεγονότων
1160 1059 1348 1100 ἐκποδών
1376 1059 1458 1100 τῶν
1489 1057 1730 1113 τυράννων,

264 1128 338 1171 καί
363 1125 496 1182 μόνου
525 1127 808 1183 κρατήσαντος
836 1127 913 1168 τοῦ
943 1126 1274 1181 θεοσυνεργήτου
1303 1126 1631 1168 Κωνσταντίνου
1658 1126 1734 1181 τῆς

264 1197 344 1239 τῶν
369 1196 590 1249 Ῥωμαίων
634 1193 779 1249 α’ρχῆς.
853 1193 1120 1248 καταστήσας
1159 1189 1234 1235 οὖν
1261 1192 1361 1243 τούς
1398 1194 1534 1243 ἰδίους
1573 1195 1786 1244 παῖδαςιξ

267 1264 470 1317 καίσαρας
510 1260 754 1317 α’πήλαυσεν
799 1259 979 1316 εἰρήνης.
1048 1255 1100 1315 ἦν
1139 1262 1186 1303 δὲ
1224 1259 1244 1302 ὁ
1280 1259 1385 1317 α’νήρ
1418 1261 1476 1311 εἰς
1506 1259 1559 1303 τοὶ
1591 1260 1731 1304 πάντα

267 1327 479 1386 λαμπρός,
510 1331 562 1371 δι’
589 1327 785 1385 ἀνδρείαν
818 1329 974 1383 ψυχῆς,
1006 1328 1059 1370 δι’
1087 1325 1267 1383 ὄξύτητα
1296 1327 1399 1384 νοός,
1418 1330 1473 1370 δι’
1503 1328 1730 1370 εὐπαιδευ-

266 1398 363 1439 σιάν
390 1396 551 1453 λόγων,
583 1393 653 1438 aaa*
694 1393 959 1449 δικαιοσύνης
998 1394 1235 1450 ὀρθότητα,
1268 1397 1320 1437 δι’
1351 1395 1593 1450 εὐεργεσίας
1622 1392 1732 1438 ἑτοι-

266 1465 445 1521 μότητα,
477 1465 844 1519 δι’(ἰξιοπρέπειαν
874 1459 1023 1516 ὅψεως,
1054 1462 1124 1504 διὰ
1144 1462 1218 1518 τήν
1240 1466 1282 1504 ὲν
1303 1464 1500 1516 πολέμοις
1531 1463 1734 1518 α’νδρειάν

265 1534 338 1576 καί
362 1529 587 1587 εὐτυχίαν,
619 1534 665 1574 ἐν
694 1536 779 1580 τοῖς
820 1533 1097 1586 βαρβαρικοῖς
1134 1532 1289 1585 μέγας,
1319 1531 1364 1573 ἑν
1392 1536 1479 1581 τοῖς
1508 1532 1733 1588 ἐμφυλίοις
1746 1550 1786 1576 2<

367 1679 395 1700 1.
426 1660 519 1700 ῑδών
546 1667 586 1707 Α,
615 1662 716 1709 ὁρῶν
738 1663 835 1707 vulg.
933 1663 965 1695 3.
993 1660 1056 1697 διὰ
1087 1661 1199 1710 ξηρᾶς
1221 1662 1270 1703 Α,
1299 1660 1364 1696 δτιέ
1389 1672 1428 1696 τε
1453 1663 1481 1702 ξ.
1502 1663 1599 1708 vulg.
1696 1662 1732 1695 6.

360 1718 612 1762 παρατίθεται
634 1713 660 1745 f.
806 1708 846 1757 τῇ
874 1708 955 1744 add.
987 1723 1030 1744 ex
1062 1711 1101 1743 A.
1246 1720 1280 1752 9.
1308 1704 1515 1793 προγνοὺςΙ
1545 1704 1663 1758 γνοὺς
1688 1710 1730 1743 A.

367 1775 420 1797 ιο.
445 1764 577 1799 τοῦτον
602 1772 670 1795 om.
698 1762 737 1794 Α.
865 1769 915 1791 ιι.
945 1758 1138 1803 ἆπήλαυσε
1162 1760 1211 1801 Α,
1240 1757 1427 1795 ἀπέλαυσε
1453 1772 1499 1793 vu
1519 1770 1551 1803 g.
1679 1759 1730 1802 ¹4·

360 1810 428 1846 τοῦ
450 1809 750 1856 θεοσυνεργήτου
777 1809 927 1842 Kame-t·
955 1809 985 1842 A
1011 1807 1045 1848 f,
1071 1808 1112 1856 τῇ
1135 1807 1226 1844 θεοῦ
1255 1811 1453 1855 συνεργείςι
1477 1807 1542 1844 τοῦ
1559 1811 1608 1843 K.
1635 1805 1732 1850 vulg.

368 1859 421 1893 15.
445 1859 519 1895 τῶν
542 1858 624 1892 add.
653 1870 696 1892 ex
720 1859 760 1891 A.
880 1855 1186 1899 καταστήσαντος
1209 1858 1237 1890 Α
1263 1857 1287 1890 f.
1409 1855 1529 1896 ἰδίους
1554 1857 1595 1897 Α,
1621 1857 1734 1890 οἰκεί-

364 1918 430 1946 ους
451 1907 546 1952 vulg.
675 1907 727 1940 16.
756 1902 775 1941 ὃ
803 1902 897 1953 ἀνὴρ
922 1908 973 1946 εἰς
996 1900 1042 1940 τὰ
1065 1904 1192 1941 πάντα
1219 1905 1260 1947 A,
1288 1899 1387 1951 ἀνὴρ
1412 1899 1457 1940 τὰ
1481 1903 1614 1942 πάντα,
1637 1903 1733 1948 vulg.

365 1965 422 1989 20.
449 1953 624 2002 εὐτυχίαν
650 1955 679 1988 A
703 1954 735 1996 f,
762 1953 927 2002 εὐφυΐαν
951 1954 1037 1996 alii,
1065 1954 1250 2000 εὐψυχίαν
1273 1953 1370 1998 vulg.

89 2075 261 2111 A.c.315
367 2074 444 2108 Hoc
469 2085 564 2107 anno
589 2073 716 2106 maiori
743 2084 821 2107 cum
845 2074 984 2107 insania
1003 2074 1179 2109 Licinium
1206 2074 1374 2109 adversus
1404 2073 1627 2108 Christianos
1653 2083 1739 2119 per-

275 2124 494 2158 secutionem
520 2127 724 2155 moventem
752 2126 789 2155 et
832 2122 869 2155 in
897 2134 934 2155 se
949 2122 1216 2157 benefactorem
1241 2124 1452 2157 molientem
1476 2121 1629 2155 insidias
1656 2121 1741 2167 pius

276 2171 533 2207 Constantinus
552 2180 710 2210 cernens,
727 2174 821 2203 terra
837 2171 996 2217 marique
1016 2172 1055 2205 in
1077 2172 1193 2217 ipsum
1212 2183 1309 2205 arma
1329 2177 1447 2217 parat:
1467 2172 1613 2215 iamque
1639 2168 1741 2202 bello

275 2221 371 2254 civili
404 2225 527 2258 moto,
566 2218 667 2250 vivus
699 2218 737 2251 in
766 2218 930 2262 Bithynia
972 2218 1018 2252 ad
1049 2219 1301 2266 Chrysopolim
1340 2226 1466 2265 captus
1494 2218 1675 2257 Licinius,
1703 2216 1742 2250 in

276 2267 502 2302 Constantini
532 2277 658 2299 manus
701 2265 864 2299 traditur.
915 2266 978 2300 ille
1010 2268 1136 2302 innata
1179 2268 1249 2302 sibi
1276 2267 1558 2302 mansuetudine
1585 2265 1740 2305 ductus,

275 2317 385 2351 vitam
421 2315 594 2360 largitur,
639 2318 676 2346 et
711 2313 1006 2348 Thessalonicam
1046 2316 1325 2350 custodiendum
1359 2315 1515 2360 ablegat.
1567 2312 1632 2347 sed
1660 2324 1742 2346 cum

275 2365 384 2410 paulo
421 2368 504 2408 post
538 2360 699 2394 barbaris
737 2362 904 2396 mercede
944 2363 1131 2398 conductis
1173 2364 1278 2397 rebus
1315 2364 1419 2398 novis
1461 2363 1647 2402 studeret,
1673 2360 1744 2393 hoc

275 2412 456 2458 praeviso,
485 2409 787 2444 clementissimus
812 2410 1071 2444 Constantinus
1097 2412 1217 2456 gladio
1257 2417 1364 2458 caput
1389 2411 1566 2457 amputari
1592 2419 1742 2455 praece-

275 2460 352 2504 pit:
377 2459 520 2504 hocque
543 2457 687 2491 demum
713 2463 818 2503 pacto
845 2458 1028 2502 perfectae
1055 2460 1331 2505 tranquillitatis
1362 2459 1587 2493 Christianae
1617 2457 1743 2502 reipu-

276 2507 393 2540 blicae
419 2512 532 2540 status
560 2516 704 2550 compos
732 2511 786 2539 est
810 2507 979 2547 effectus,
1010 2506 1162 2540 sublatis
1188 2519 1251 2553 per
1274 2508 1437 2542 vivificae
1467 2507 1581 2541 crucis
1609 2510 1743 2551 poten-

277 2555 363 2589 tiam
387 2554 549 2598 tyrannis
581 2558 619 2587 et
645 2552 834 2587 adnitente
860 2553 917 2586 dei
956 2553 1142 2595 subsidio,
1181 2556 1374 2589 commissis
1403 2556 1472 2589 soli
1502 2552 1744 2588 Constantino

278 2603 390 2636 totius
414 2601 563 2636 Romani
586 2601 728 2646 imperii
750 2600 916 2634 habenis.
975 2602 1128 2647 propriis
1163 2603 1273 2646 igitur
1297 2603 1381 2636 filiis
1407 2604 1445 2636 in
1473 2613 1633 2636 caesares
1659 2611 1744 2645 pro-

278 2651 406 2691 motis,
439 2660 527 2697 pace
553 2649 691 2694 potitus
723 2654 786 2682 est.
851 2649 971 2682 extitit
1009 2650 1062 2682 vir
1091 2651 1153 2686 ber
1184 2651 1304 2683 omnia
1335 2651 1508 2695 insignis,
1533 2657 1605 2684 tam
1635 2647 1745 2680 animi

279 2698 428 2739 robore,
454 2708 560 2743 quam
591 2696 725 2740 ingenii
751 2697 933 2735 acumine,
959 2697 1134 2730 orationis
1166 2697 1329 2731 doctrina
1359 2704 1394 2731 et
1418 2699 1520 2744 copia
1548 2702 1745 2743 praestans,

279 2745 367 2778 iuris
393 2751 429 2780 et
442 2745 551 2792 aequi
579 2751 728 2785 amator,
754 2744 800 2777 ad
827 2745 1002 2778 beneficia
1022 2751 1220 2790 promptus,
1248 2745 1337 2779 facie
1369 2746 1499 2779 decora
1526 2757 1606 2779 cum
1633 2743 1747 2777 maie-

280 2799 372 2828 state
390 2794 521 2836 nitens,
538 2793 641 2827 fortis
669 2799 705 2827 et
722 2804 915 2838 generosus
935 2793 973 2826 in
998 2792 1119 2835 bellis,
1149 2799 1185 2827 et
1208 2794 1246 2827 in
1272 2794 1428 2828 externis
1450 2793 1598 2841 quidem
1615 2791 1744 2826 adver-
