1786 3204
311 175 330 214 1
343 159 416 227 40
723 201 726 204 .
807 179 811 185 ·
840 173 1186 217 THEOPHANIS

302 281 445 335 ριλλον
469 275 542 319 καὶ
568 277 775 329 Μέμνονα
807 274 880 319 τὸν
901 270 1105 332 Ἐφέσιον.
1177 270 1443 328 Θεοδώρητος
1467 274 1613 326 μέντοι
1641 275 1758 326 νομί..

301 363 380 396 σας
407 345 625 400 Κύριλλον
658 345 966 399 καταδραμεῖν,
995 341 1048 385 τοὶ
1088 341 1252 384 δώδεκα
1279 340 1494 396 κεφάλαια
1522 343 1757 397 παρεξηγη..

301 412 494 467 σάμενος,
529 414 663 454 ἐκεῖσε
689 409 762 453 τὸν
792 408 1026 466 Νεστορίου
1065 408 1263 464 ἐξήμεσεν
1294 405 1369 450 ἰόν.
1428 404 1449 449 ὃ
1479 408 1525 450 δὲ
1553 409 1599 450 ἐν
1624 407 1758 463 ἁγίοις

262 481 518 534 ΒΚὺριλλος
557 480 756 533 γενναίως
793 476 1020 526 διαναστὰς
1063 476 1170 532 ὑπὲρ
1210 478 1295 519 ταῖν
1342 475 1475 518 αὕτοῢ
1513 477 1759 532 κεφαλαίων

303 544 605 601 ἀπελογήσατο,
633 543 874 602 ἑρμηνεύων
897 542 1018 601 αὐτά,
1048 545 1122 586 καί
1144 543 1216 586 τὸν
1246 545 1290 585 ἐν
1314 543 1459 592 αὐτοῖς
1477 543 1786 599 §univocam-fl

301 612 377 657 κᾶν
404 612 626 669 θησαυρὸν
674 608 999 665 ἀνακαλύπτων,
1030 613 1100 653 καὶ
1134 609 1207 652 τὸν
1238 611 1391 652 οἰκεῖον
1418 604 1574 666 εὖσεβῆ
1602 608 1760 652 σκοπὸν

302 680 596 737 φανεροηοιῶν
634 681 774 722 πᾶσιν.
845 677 928 720 ὑπὸ
959 680 1006 721 δὲ
1047 679 1122 733 τῆς
1161 678 1283 732 ἁγίας
1328 675 1510 720 συνόδου
1540 673 1758 734 κληθείςὸ

299 749 377 802 τῆς
404 747 650 800 Ἀντιοχέων
692 745 881 802 Ἰωάννης
922 747 968 788 ἐκ
992 746 1164 802 τρίτου,
1198 746 1272 787 καί
1305 743 1364 802 μή
1410 741 1657 794 ὑπακούσας
1683 744 1760 787 τοῦ

299 815 627 869 παραγενέσθαι,
656 813 873 870 α’πόφασιν
899 814 1066 863 ἐδέξατο
1094 812 1175 856 σὺν
1203 818 1291 862 τοῖς
1317 815 1411 866 μετ’
1440 811 1655 861 αΰτοῧώς
1683 813 1757 853 α’λ-

297 883 570 938 λοτριοῦσθαι
609 880 744 936 πάσης
785 882 1126 936 ἐκκλησιαστικῆς
1165 880 1397 936 κοινωνίας,
1428 874 1552 936 ἄχρις
1579 874 1786 925 &victv-1

296 951 382 990 τῶν
408 945 683 1001 καταγνόντες
712 946 755 990 τὸ
785 950 933 990 οἰκεῖον
957 945 1267 1003 ὁμολογήσωσιν
1293 946 1485 1004 σφάλμα.
1530 947 1605 988 καί
1629 947 1757 988 τοῦτο

295 1013 325 1069 ἦ
353 1011 452 1068 ἁγία
481 1013 622 1068 ,ὥρισε
651 1012 850 1070 σύνοδος,
880 1011 989 1056 ὥστε
1025 1015 1077 1056 τὰ
1105 1014 1225 1070 παρὰ
1255 1016 1338 1057 τῶν
1369 1014 1629 1058 ἀνατολικῶν
1655 1015 1757 1055 α’θὲ-

295 1096 412 1135 σμως
442 1082 515 1122 καί
543 1079 818 1130 α’κανονίστως
841 1083 907 1138 ἐφ’
929 1078 1051 1137 ὕβρει
1072 1084 1157 1124 τῶν
1176 1081 1425 1136 ἁγιωτάτων
1440 1083 1511 1138 τῆς
1537 1082 1756 1137 ἐκκλησίας

295 1150 510 1204 προέδρων
558 1150 775 1204 Κυρίλλου
820 1148 894 1190 καί
937 1151 1167 1204 ,Μέμνονος
1207 1147 1334 1204 ἰσχύν
1375 1165 1471 1191 τινα
1494 1150 1597 1205 μηδ’
1648 1145 1756 1198 ὅλως

255 1213 422 1270 εἰτ’χειν.
480 1211 642 1257 τούτων
670 1217 809 1258 τοίνυν
839 1215 1007 1258 πάντων
1036 1218 1080 1267 ἐξ
1112 1213 1336 1274 ἀναφορᾶς
1363 1218 1423 1275 τῷ
1449 1220 1624 1271 βασιλεῖ’
1649 1217 1786 1261 Θεο-ι“

293 1284 420 1341 δοσίῳ
447 1281 763 1336 ἀνενεχθέντων,
793 1282 1104 1339 ἐκελεύσθησαν
1135 1285 1182 1326 ἐκ
1220 1286 1305 1326 τῶν
1330 1283 1585 1340 ἀμφοτέρων
1612 1285 1756 1338 μερῶν

291 1349 508 1391 ἐπίσκοποι
536 1349 726 1391 ἀνελθεῖν
766 1351 811 1392 ἐν
843 1349 1303 1407 Κωνσταντινουπόλει,
1330 1353 1404 1393 καί
1429 1351 1679 1400 ἀνελθόντες
1705 1352 1757 1408 τῇ

289 1417 511 1474 συνεργειά
540 1417 616 1458 τοῦ
643 1418 751 1458 θεοῦ
778 1417 972 1473 ἐνίκησαν
1002 1415 1042 1459 οἱ
1069 1420 1144 1472 τῆς
1167 1417 1291 1472 ἁγίας
1317 1417 1523 1461 συνόδου·
1581 1419 1656 1460 καί
1679 1434 1756 1460 κυ-

290 1484 499 1539 ρωθείσης
517 1486 589 1540 τῆς
607 1487 894 1541 καθαιρέσεως
906 1486 1154 1543 Νεστορίου,
1170 1483 1445 1542 ΙΙἸαξιμιανὸς
1456 1491 1758 1543 χειροτονεῖται

387 1654 421 1687 7.
451 1643 721 1688 φανεροποιῶν
736 1643 776 1686 Α,
805 1645 988 1691 φανερῶν
1010 1645 1105 1690 vulg.
1182 1656 1234 1678 ιο.
1258 1648 1460 1683 κοινωνίας
1486 1644 1593 1679 codd.
1618 1656 1757 1687 omnes,

384 1691 614 1737 λειτουργίας
637 1692 712 1724 Par.
816 1704 865 1725 ιι.
893 1698 1001 1728 τοῦτο
1027 1693 1047 1736 ἦ
1072 1695 1113 1735 A,
1137 1693 1243 1729 τοῦτο
1270 1694 1311 1728 δὲ
1337 1693 1356 1738 ἧ
1384 1694 1481 1738 vulg.
1585 1694 1635 1727 15.
1655 1692 1754 1730 πάν-

380 1750 457 1772 των
493 1740 530 1780 ἐξ
565 1740 767 1786 ἀναφορᾶς
792 1740 817 1772 Α
845 1740 931 1782 alii,
966 1739 1123 1777 πάντων
1161 1743 1204 1776 αἱ
1242 1741 1430 1788 διαφοραὶ
1464 1741 1511 1776 δι’
1549 1739 1755 1789 α’ναῳορᾶς

382 1786 480 1831 vulg.
605 1789 656 1822 16.
687 1788 965 1834 ἀνενεχθέντων
990 1790 1018 1822 Α
1045 1789 1125 1832 alii,
1162 1787 1426 1836 α’νενεχθεῑσαι
1448 1789 1544 1834 vulg.

291 1931 584 1964 exauctoratione
609 1932 777 1966 certiores
804 1933 901 1974 facti,
930 1945 966 1967 se
993 1945 1012 1966 a
1050 1940 1174 1968 sancto
1201 1934 1356 1968 concilio
1382 1938 1668 1979 segregaverunt,
1695 1945 1754 1967 se-

290 1980 515 2024 paratimque
541 1977 619 2012 cum
647 1980 814 2014 nestorio
841 1981 1094 2023 considentes,
1120 1983 1293 2026 Cyrillum
1319 1988 1356 2016 et
1382 1983 1610 2015 Memnonem
1635 1981 1754 2026 Ephe-

291 2026 424 2058 siorum
451 2027 648 2060 antistitem
665 2027 906 2072 depositione,
936 2036 975 2063 ut
1000 2029 1069 2063 sibi
1094 2029 1297 2071 videbatur,
1324 2031 1598 2064 mulctaverunt.
1628 2029 1754 2064 Theo-

291 2072 439 2107 doretus
477 2085 560 2107 sane
588 2075 760 2118 Cyrilhun
793 2077 960 2110 insectari
996 2083 1032 2111 et
1065 2078 1278 2123 redarguere
1316 2077 1533 2118 arbitratus,
1561 2077 1753 2111 duodecim

291 2120 469 2165 capitibus
503 2134 689 2168 perperam
725 2125 920 2168 expositis,
940 2125 1096 2158 Nestorii
1131 2126 1228 2159 virus
1257 2137 1362 2159 omne
1385 2125 1578 2159 evomitum
1605 2137 1669 2159 suo
1695 2136 1754 2158 re-

292 2169 424 2213 spersit
448 2170 557 2213 operi.
608 2174 752 2203 sanctus
781 2177 899 2205 autem
926 2173 1081 2216 Cyrillus
1107 2173 1252 2207 fortiter
1275 2174 1463 2219 insurgens
1489 2185 1635 2207 suorum
1654 2173 1753 2218 capi-

293 2216 451 2249 tuiorum
490 2216 737 2250 defensionem
771 2219 960 2261 instruxit,
994 2221 1259 2267 expositionem
1287 2221 1477 2262 adhibuit,
1506 2216 1608 2255 et'in
1635 2221 1752 2254 lucem

293 2264 436 2308 prolato
461 2265 725 2298 ecclesiasticae
768 2266 952 2301 doctrinae
979 2267 1149 2302 thesauro
1166 2296 1175 2311 ‚
1204 2281 1309 2315 quam
1335 2269 1380 2302 ad
1405 2270 1579 2315 pietatem
1606 2269 1754 2315 propria
1777 2293 1780 2298 -

293 2311 494 2344 conimaret
529 2314 732 2353 sententia,
775 2316 935 2348 omnium
965 2317 1079 2350 oculis
1109 2317 1269 2351 reddidit
1291 2317 1535 2351 manifestum.
1585 2328 1605 2349 a
1629 2322 1752 2350 sancta

292 2359 520 2404 postmodum
556 2360 695 2403 synodo
720 2362 866 2395 tertium
906 2370 1052 2397 vocatus
1078 2365 1374 2399 Antiochensium
1415 2364 1559 2411 praesul
1586 2365 1752 2406 Ioannes,
1784 2406 1786 2409 ι

293 2415 371 2442 cum
398 2406 567 2440 accedere
603 2407 842 2451 detrectaret,
875 2410 1058 2445 adversam
1095 2414 1238 2459 excepit
1269 2425 1349 2446 cum
1376 2413 1481 2447 sociis
1506 2413 1753 2454 sententiam,

291 2453 384 2487 adeo
411 2460 451 2488 ut
478 2454 577 2487 omni
608 2457 781 2490 ecclesiae
813 2466 1079 2493 removerentur
1114 2462 1337 2502 ministerio,
1366 2459 1481 2494 donec
1506 2460 1640 2506 arrepti
1666 2470 1755 2493 con-

291 2502 365 2535 silii
390 2503 619 2547 poenitentes
644 2504 832 2537 admissam
854 2506 1054 2541 faterentur
1074 2509 1228 2554 culpam.
1280 2514 1317 2542 et
1340 2508 1430 2542 haec
1459 2508 1604 2555 quidem
1630 2512 1753 2541 sancta

291 2549 458 2590 definivit
482 2549 658 2593 synodus,
687 2563 757 2598 quo
790 2559 990 2596 constaret,
1023 2557 1167 2601 quaevis
1195 2558 1235 2590 in
1261 2557 1434 2601 Cyrilium
1461 2562 1498 2590 et
1521 2556 1753 2589 Memnonem

291 2597 534 2631 sanctissimos
566 2598 738 2633 ecclesiae
765 2601 948 2645 praesides
974 2609 1115 2647 praeter
1140 2604 1287 2649 pietatis
1315 2605 1394 2638 iura
1420 2609 1457 2638 et
1484 2614 1662 2637 canonum
1688 2614 1752 2636 au—

291 2644 495 2678 etot-itatem
523 2650 712 2688 attentata,
738 2648 873 2681 nullius
899 2651 1047 2683 omnino
1077 2651 1212 2686 roboris
1230 2663 1308 2686 esse
1324 2652 1384 2686 vel
1408 2652 1598 2685 firmitatis.
1627 2652 1751 2696 itaque

291 2693 542 2726 controversiis
570 2692 614 2726 dc
639 2693 694 2728 his
723 2695 891 2729 omnibus
918 2698 1072 2742 agitatis,
1096 2710 1136 2732 ac
1162 2701 1304 2746 scriptis
1344 2699 1390 2733 ad
1413 2699 1658 2733 Theodosium
1683 2699 1751 2732 im·-

291 2745 493 2786 peratorem
528 2741 673 2783 relatis,
710 2744 898 2788 utriusque
938 2747 1048 2790 partis
1089 2747 1248 2793 episcopi
1284 2747 1427 2793 Cpolim
1463 2747 1615 2781 tendere
1653 2746 1749 2780 iussi.

292 2787 512 2823 conveniunt
536 2789 594 2823 illi
623 2795 660 2825 et
692 2790 751 2824 dei
778 2803 887 2837 opera
914 2793 1071 2835 vincunt,
1099 2795 1162 2840 qui
1199 2801 1344 2830 sanetae
1369 2795 1497 2841 synodi
1524 2801 1643 2842 partes
1667 2800 1752 2830 tue-
