1768 3106
260 118 376 196 678
814 138 1165 183 TnssoPHAle

258 233 336 281 οὖν
364 240 618 288 α’ποστείλας
645 240 908 294 ἐβούλλωσεν
934 240 979 284 τό
1012 246 1340 296 πατριαρχεῖον·
1373 245 1449 287 καί
1465 243 1615 289 τοῦτον
1638 245 1739 300 ἐξώ-

256 322 374 362 ρισεν
403 308 449 348 ἐν
478 307 529 364 τῇ
553 306 717 366 Ἱερείᾳ,
739 307 814 351 καί
840 308 968 352 πάλιν
980 308 1031 351 ’ἐν
1060 309 1114 366 τῇ
1136 311 1381 370 Πριγκίπιιο.

44 375 242 411 A.M.6258
368 375 859 425 Κωνσταντινουπόλεως
890 375 1124 419 ἐπισκόπου
1145 377 1315 433 Νικήτα
1343 377 1438 430 ἔτος
1461 380 1513 424 α’.

210 447 242 480 D
372 441 520 501 Τούτῳ
566 445 624 500 τῷ
669 441 756 485 ἔτει
786 445 1016 497 Ἀβδελλᾶς
1041 443 1219 498 Ἰβιναλί
1259 447 1469 505 τέθνηκεν,
1499 452 1740 501 πτωθέντος

252 509 316 551 ἐπ’
347 505 483 552 adzo»
529 513 604 553 τοῦ
634 507 823 567 πύργου,
858 513 905 554 ἐν
941 506 977 570 ᾧ
1025 512 1300 568 ἐφρουρεῖτο·
1370 513 1395 556 ὅ
1436 517 1484 559 δὲ
1505 513 1768 572 Ἀβδελλᾶς5

114 578 238 624 Υ-294
253 576 483 633 α’μηρεύων
511 575 646 620 πολλὰ
689 577 798 621 κακοὶ
839 583 928 629 τοῖς
959 577 1043 620 ὖπὸ
1084 577 1163 634 τήν
1191 579 1334 637 α’ρχὴν
1361 584 1500 626 αὐτοῦ’
1523 587 1739 641 Χριστια-

251 650 338 694 νοϊς
371 645 617 697 ἐνεδείξατο.
674 644 777 696 τούς
804 645 887 702 γὰρ
917 645 1137 703 σταυρούς
1178 650 1262 691 τῶν
1290 650 1522 706 ἐκκλησιῶν
1551 652 1740 711 ἀφεῖλεν,

251 714 327 754 καί
364 712 651 768 παννυχεύειν
690 713 902 757 ἐκώλυσεν
943 717 1018 756 καί
1045 713 1282 769 μανθάνειν
1319 716 1373 760 τοὶ
1403 715 1572 762 ἑαυτῶν
1599 720 1739 776 γράμ-

250 796 381 833 ματα.
425 778 466 822 οἱ
494 782 541 822 δὲ
570 779 790 836 λεγόμενοι
819 786 919 837 παρ’
950 782 1092 832 αὐτοῖς
1122 783 1382 843 Ἀρουρῖται,
1408 784 1432 829 ὃ
1457 786 1740 844 ἑρμηνεύεται

253 846 464 903 ζηλωταί,
493 846 602 890 κατὰ
644 847 720 905 τήν
753 849 1056 906 Παλμυρηνὴν
1099 851 1389 909 ἐπανέστησαν
1417 851 1590 911 ἔρημον.
1645 854 1768 904 ἆλλί

249 915 419 957 ἐκείνων
454 918 535 969 μὲν
573 915 599 971 ἦ
631 918 758 959 κακία
799 917 908 972 πρὸς
948 915 1026 967 τὰς
1061 920 1140 960 τοῦ
1169 920 1276 961 θεοῦ
1305 921 1526 978 ἐκκλησίας
1555 921 1613 973 ὥς
1640 924 1739 967 ἀπί-

221 1014 222 1017 =
249 999 362 1025 στων
389 983 632 1039 προφανής.
694 983 718 1025 ὅ
751 985 799 1027 δὲ
827 987 1107 1038 Χριστιανῶν
1135 987 1377 1040 βασιλεύων
1419 988 1604 1046 α’φοίτοις
1631 992 1740 1033 θεοῦ

249 1050 454 1106 κρίμασιν
483 1050 609 1108 ἴσως,
649 1050 708 1102 ὥς
745 1053 825 1094 τοῦ
862 1050 1032 1108 Ἰσραὴλ
1073 1053 1113 1103 ὅΑ
1134 1053 1354 1111 μανιώδης
1389 1056 1568 1113 Ἀχαοίβ,
1599 1060 1742 1116 πολλῷ

249 1120 426 1173 χείρονα
465 1122 540 1175 τῆς
579 1121 666 1162 τῶν
708 1117 911 1176 Ἀράβων
949 1123 1107 1174 μανιάς
1145 1127 1235 1171 τοῖς
1276 1119 1362 1164 ὑπὸ
1401 1121 1477 1180 τὴν
1515 1124 1741 1178 βασιλείαν

118 1195 154 1230 Ρ.
170 1196 238 1243 37⁰
253 1185 391 1228 αὐτοῦ
430 1185 681 1243 ὄρθοδόξοις
725 1185 971 1238 ἐπισκόποις
1008 1190 1085 1230 καί
1122 1195 1328 1244 μοναχοῖς
1365 1205 1410 1233 τε
1451 1189 1527 1234 καί
1562 1195 1768 1247 kainon-,1

250 1248 437 1309 ἄρχουσί
464 1270 511 1297 τε
553 1257 628 1297 καί
667 1255 923 1311 α’ρχομένοις
961 1254 1233 1312 ἐπεδείξατο,
1278 1262 1503 1313 πανταχοῦ
1536 1262 1617 1313 μὲν
1661 1259 1738 1310 τάς

250 1325 479 1377 πρεσβείας
504 1323 580 1377 τῆς
612 1322 738 1378 ἁγίας
764 1326 984 1379 παρθένου
1014 1324 1090 1365 καί
1113 1323 1314 1367 θεοτόκου
1348 1327 1424 1368 καί
1452 1326 1621 1370 πάντων
1651 1329 1738 1370 ταῖν

251 1388 384 1443 ἁγίων
416 1388 638 1448 ἐγγράφως
663 1391 723 1441 ὥς
745 1393 982 1448 α’νωφελεῖς
1003 1390 1079 1434 καί
1097 1391 1305 1448 ἀγράφως
1340 1393 1651 1452 ἀποκηρύττων,
1682 1398 1740 1438 δι’

254 1451 314 1499 ὧν
350 1454 456 1513 ἡμῖν
487 1456 666 1514 πηγάζει
695 1460 815 1501 πᾶσα
842 1458 1038 1514 βοήθεια,
1066 1458 1142 1500 καί
1167 1457 1220 1502 τὰ
1252 1456 1352 1515 ἅγια
1382 1462 1568 1515 λείψανα
1597 1465 1740 1505 αὐτῶν

256 1523 534 1583 κατορύττων,
556 1526 632 1569 καί
652 1526 803 1584 α’φανῆ
829 1528 974 1583 ποιῶν,
1006 1524 1052 1569 εἴ
1067 1522 1149 1568 πού
1176 1542 1290 1579 τινος
1309 1528 1522 1584 ἐπισήμου
1549 1527 1768 1588 ἦκούετο,ῃ

358 1690 386 1712 ι.
414 1678 646 1724 ἐβούλλωσεν
665 1680 707 1722 A,
735 1678 954 1726 ἐβούλλοσιν
983 1679 1010 1721 f,
1036 1680 1247 1725 ἐβοὺλωσεν
1278 1681 1374 1727 vulg.
1495 1684 1527 1719 5.
1556 1680 1674 1720 αὐτὸν
1697 1686 1740 1728 Α,

354 1725 456 1774 αὐτῷ
481 1728 575 1773 vulg.
698 1740 732 1775 9.
759 1728 959 1776 λεγόμενοι
985 1727 1069 1761 add.
1094 1740 1139 1762 ex
1165 1729 1207 1763 A.
1310 1740 1362 1764 ιι.
1391 1728 1564 1768 ἀπίστων
1582 1733 1625 1775 A,
1651 1733 1741 1768 ἀπι-

354 1777 455 1856 σιῖῦν
480 1776 576 1822 vulg.
716 1777 767 1810 15.
796 1779 862 1812 καὶ
889 1775 975 1811 add.
1002 1787 1046 1811 ex
1073 1777 1115 1813 A.
1248 1787 1306 1812 20.
1340 1778 1530 1827 ἐπισήμου
1559 1780 1601 1823 Α,
1627 1780 1740 1829 ἁγίου

351 1835 399 1857 VU
418 1835 450 1869 g·
1153 1837 1155 1840 ⁴

257 1962 421 1996 archales
457 1962 566 1996 aedes
602 1963 701 2008 regio
737 1963 858 2008 sigillo
889 1962 1146 2008 obsignarent,
1171 1965 1289 2010 ipsum
1318 1955 1558 2011 patriarcham
1584 1967 1739 2013 primum

257 2011 432 2052 Ilieriam,
461 2015 538 2044 tum
565 2010 604 2044 in
623 2011 828 2056 Principum
855 2012 1012 2045 insulam
1039 2013 1183 2046 exulem
1209 2012 1394 2059 deportari
1420 2014 1548 2048 sanxit.

72 2063 244 2110 A.C.758
355 2059 512 2104 Cpoleos
542 2059 707 2105 episcopi
731 2060 884 2093 Nicetae
910 2072 1026 2093 annus
1051 2061 1201 2106 primus.

353 2106 433 2140 1100
458 2118 554 2140 anno
574 2106 748 2141 Abdellas
773 2107 907 2141 lbinali
935 2114 1047 2149 turre,
1077 2109 1116 2142 in
1141 2119 1213 2155 qua
1230 2108 1517 2150 custodiebatur,
1546 2115 1739 2144 corruente

255 2155 437 2188 extinctus
481 2160 546 2188 est.
606 2167 714 2200 porro
741 2155 914 2189 Abdeuas
947 2161 1148 2190 ameraturn
1175 2167 1302 2202 gerens
1331 2156 1547 2190 Christianis
1584 2158 1738 2204 imperio

254 2202 430 2237 subiectis
455 2203 571 2236 multa
595 2204 690 2236 mala
725 2203 863 2237 intulit.
914 2203 1082 2238 crucibus
1110 2205 1207 2238 enim
1245 2204 1477 2238 ecclesiarum
1506 2206 1652 2251 fastigio
1678 2219 1739 2240 su-

253 2251 454 2297 perpositis
479 2250 615 2295 deponi
641 2251 759 2292 iussis,
786 2257 984 2285 nocturnos
999 2258 1197 2286 conventus
1218 2252 1414 2293 celebrare,
1438 2259 1475 2287 et
1503 2254 1644 2287 litteras
1671 2254 1738 2288 do-

255 2299 329 2333 ceri
354 2297 557 2345 prohibuit.
607 2299 773 2332 Aruritae
798 2311 929 2344 porro,
953 2300 1122 2344 intellige
1152 2300 1308 2341 zelotas‚
1333 2301 1553 2335 seditionem
1579 2301 1625 2335 ad
1653 2302 1739 2336 Pal-

254 2358 443 2391 myrenum
471 2347 654 2380 desertum
682 2347 781 2380 inter
813 2358 876 2381 eos
904 2349 1124 2381 excitarunt.
1185 2353 1222 2381 et
1254 2348 1403 2382 illorum
1433 2349 1594 2395 quidem,
1623 2362 1687 2384 ceu
1716 2362 1738 2384 a

256 2395 330 2428 fide
355 2395 571 2435 alienorum,
602 2394 642 2427 in
670 2394 728 2428 dei
753 2395 922 2429 ecclesias
950 2395 1076 2430 odium
1101 2395 1348 2430 manifestum.
1397 2397 1625 2444 imperatoris
1650 2410 1735 2432 vero

255 2449 395 2477 secreto
434 2442 495 2476 dei
527 2441 663 2482 iudicio
701 2442 916 2476 Christianis
957 2444 1187 2489 praepositi,
1231 2444 1387 2478 furentis
1424 2445 1606 2491 quondam
1639 2446 1737 2492 apud

253 2491 439 2525 Israelitas
465 2489 587 2524 Achab
622 2490 771 2524 omnino
810 2491 939 2524 similis
970 2491 1146 2532 insaniae,
1171 2492 1306 2525 Arabes
1334 2493 1443 2538 longe
1474 2505 1650 2539 superans
1677 2506 1736 2527 ra-

252 2538 334 2573 bies
362 2539 568 2573 crudeliora
581 2538 621 2571 in
646 2537 870 2572 orthodoxos
897 2539 1100 2584 episcopos,
1129 2540 1326 2574 monachos
1351 2548 1390 2575 et
1414 2543 1622 2587 populares,
1647 2553 1736 2576 nec-

253 2599 330 2621 non
357 2588 395 2620 in
421 2588 618 2632 optimates
644 2598 687 2619 ac
711 2586 903 2620 inferiores
928 2587 1000 2620 sibi
1029 2586 1197 2621 subditos
1225 2590 1388 2623 exercuit
1409 2590 1603 2635 supplicia.
1651 2601 1736 2636 pre-

253 2647 313 2668 ces
339 2634 386 2667 ad
422 2641 582 2669 sanctam
617 2634 794 2679 virginem
830 2634 889 2668 dei
919 2635 1130 2679 genitricem
1157 2641 1194 2669 et
1222 2648 1345 2670 omnes
1370 2643 1515 2672 sanctos
1546 2643 1622 2672 tum
1648 2638 1734 2672 scri-

252 2684 326 2728 ptis
352 2688 427 2716 tum
451 2689 574 2717 mente
600 2688 817 2728 conceptas,
855 2692 900 2715 ex
937 2682 1070 2729 quibus
1096 2684 1272 2718 auxilium
1304 2697 1411 2719 omne
1439 2686 1547 2719 nobis
1572 2686 1734 2726 scaturit,

251 2736 427 2776 tanquam
467 2731 642 2772 inutiles,
670 2742 714 2764 ex
739 2730 839 2764 omni
867 2730 950 2764 loco
977 2731 1198 2774 eliminavit,
1237 2738 1444 2767 sanctorum
1471 2745 1619 2780 quoque
1646 2734 1734 2767 reli-

253 2779 358 2827 quias
381 2778 428 2813 ad
458 2779 658 2815 animarum
686 2789 953 2826 corporumque
980 2779 1176 2814 curandam
1203 2781 1356 2816 salutem
1385 2782 1577 2830 repositas,
1604 2787 1641 2816 et
1667 2792 1733 2829 pro
