1786 3204
257 147 372 210 266
544 159 546 161 ’
812 162 1163 207 ΤΗΕΟΡΗΑΝιε

251 269 309 315 ε’ν,
332 262 442 325 ἄλλῃ
467 263 590 310 πόλει
627 267 674 310 ἐν
708 263 866 317 πάσαις
906 271 1077 321 γενεαῖς.
1151 265 1175 308 ὅ
1202 267 1250 310 δὲ
1273 265 1576 321 εὐσεβέστατος
1602 270 1727 322 βασι-

250 333 351 386 λεῦς
384 330 618 386 Ἰουστῖνος
659 336 798 378 ταῦτα
837 333 993 388 μαθών
1032 331 1227 389 μεγάλως
1264 329 1422 390 ἤλγησε
1461 332 1535 390 τὴν
1562 333 1727 391 ψυχήν,

119 412 156 448 Ρ.
175 401 362 458 148a‘5ms
391 404 546 460 ἐπῇρεν
574 403 620 446 τὸ
650 401 841 459 διάδημα
868 405 943 458 τῆς
973 404 1157 458 κεφαλῆς
1188 403 1320 446 αὐτοῦ
1348 403 1422 445 καί
1448 401 1524 458 τὴν
1554 404 1727 460 πορφύ-

250 487 347 528 ραν,
364 469 439 514 καί
463 473 694 526 ἐπένθησεν
712 471 757 514 ἐν
778 469 918 528 σάκκῳ
946 470 1018 512 ὲπί
1045 469 1206 525 ἡμέρας
1229 468 1403 524 πολλάς,
1433 465 1544 512 ὥστε
1573 471 1647 512 καί
1674 472 1727 528 τῇ

251 537 380 597 ἑορτῇ
408 536 658 593 προσελθών
699 536 743 580 ἐν
770 538 820 594 τῇ
859 535 1065 596 ἐκκλησίᾳ,
1098 536 1151 579 οὐ
1179 538 1433 590 κατεδέξατο
1463 538 1645 594 φορέσαι
1679 534 1766 583 τὸ5

250 609 418 661 στέμμα
447 602 476 663 ἢ
513 604 592 661 τὴν
619 603 847 661 χλαμύδα·
916 606 1007 646 ἀλλ’
1043 602 1172 655 οὕτως
1199 606 1325 654 λιτῶς
1353 606 1593 661 προσῆλθεν
1617 620 1729 659 μαν-

250 674 353 718 δύον
382 673 634 730 πορφυροῦν
662 672 868 729 φορέσας,
902 673 977 715 καί
1002 674 1155 715 κλαίων
1177 674 1249 716 ἐπί
1275 670 1413 729 πάσης
1439 674 1515 728 τῆς
1544 671 1728 726 συγκλή-

249 757 343 797 του,
372 742 448 784 καὶ
474 740 629 791 πάντες
657 740 825 784 ἔκλαιον
850 739 930 784 σὺν
960 740 1075 798 αὐτῷ
1102 739 1563 798 πενθικάφοροῦντες.
1624 742 1729 783 α’τιέ-

250 814 413 854 στειλεν
441 810 489 852 δὲ
519 807 540 850 ὃ
570 807 775 863 βασιλευς
802 809 963 859 εὐθέως
992 812 1179 864 Καρκῖνον
1207 807 1283 851 τὸν
1310 807 1475 865 κόμητα
1505 807 1607 858 δούς
1635 824 1728 850 κεν-

250 879 430 933 τηνοίρια
458 878 579 920 πέντε
616 874 722 933 πρὸς
759 874 1012 932 ε’κχοϊσμόν,
1051 877 1090 919 εἴ
1115 894 1202 928 πως
1232 879 1401 935 δυνηθῇ
1430 876 1568 920 σῶσαί
1598 892 1727 929 τινας,
1748 893 1786 920 ιο

252 945 326 987 καί
349 943 400 988 τὰ
429 946 765 999 καταχωσθέντα
792 944 1023 1002 πράγματα
1047 946 1249 991 διασῶσαι
1281 947 1326 987 ὲκ
1354 946 1440 987 τῶν
1466 946 1629 1002 λῃστῶν
1657 945 1732 986 καί

211 1028 238 1062 Β
253 1010 472 1068 ἁρπάγων.
496 1012 572 1054 καί
588 1011 716 1054 πάλιν
738 1012 980 1055 ἀπέστειλεν
1009 1009 1030 1053 ὃ
1051 1011 1249 1066 βασιλεὺς
1292 1007 1468 1055 ὄπισθεν
1499 1012 1636 1054 αὐτοῦ
1655 1009 1730 1054 τὸν

249 1074 473 1136 πατρίκιον
497 1081 654 1122 Φωκᾶν
681 1081 758 1122 τοῦ
781 1080 1024 1135 Κρατεροῦ,
1057 1081 1124 1122 (αι’
1150 1077 1223 1122 τὸν
1240 1079 1464 1134 πατρίκιον
1483 1079 1727 1135 Ἀστέριον,

249 1150 322 1198 καὶ
351 1144 650 1203 τὸνλέπαρχον,
681 1141 841 1204 ἄνδρας
862 1145 1037 1204 σοφούς,
1057 1145 1152 1196 δὀὑς
1183 1148 1331 1197 αιῖτοῖς
1357 1145 1562 1203 χρήματα
1594 1145 1728 1190 πολλοὶ

250 1213 355 1271 πρὸς
384 1213 692 1270 ἀνακαινισμὸν
719 1218 793 1273 τῆς
825 1213 1000 1265 πόλεως.
1038 1216 1091 1273 τῷ
1119 1215 1430 1274 δὲ,Ἀπριλλι’ῳ
1458 1213 1564 1270 μηνὶ
1576 1212 1626 1270 δ’,
1655 1215 1786 1269 τῆς-τέ

253 1285 387 1339 αὐτῆς
416 1282 444 1324 ε’
477 1284 752 1336 ἰνδικτιιόνος,
786 1285 837 1341 τῇ
866 1279 996 1340 Ιἑορτῇ
1023 1285 1095 1325 τοῦ
1122 1281 1290 1337 πάσχα,
1322 1281 1565 1338 ἀσθενήσας
1584 1280 1620 1323 ’ὅ
1651 1285 1731 1336 βα-

251 1350 399 1401 σιλεῦς
423 1349 653 1401 Ἰουστῖνος
685 1352 1012 1407 προεχειρίσατο
1043 1348 1097 1392 ἐτι
1142 1351 1224 1403 ζῶν
1253 1351 1315 1398 εἰς
1342 1351 1523 1404 βασιλέα
1546 1349 1733 1394 Ἰουστι-

252 1418 412 1473 νιανόν,
440 1416 516 1460 τὸν
558 1417 670 1461 ἴδιον
699 1416 892 1472 ἀνεψιόν,
919 1419 993 1469 καί
1023 1415 1192 1472 ἔστεψεν
1222 1413 1376 1471 αὖτόν,
1405 1418 1480 1460 καί
1507 1417 1735 1471 συνεβασί-

251 1491 403 1530 λευσεν
434 1486 550 1544 αύτῷ
579 1487 717 1541 μῆνας
749 1484 798 1528 δ”.
830 1488 889 1543 τῷ
909 1487 949 1527 ‹5’
974 1483 1204 1544 ,Αὐγούστῳ
1221 1483 1326 1541 μηνὶ
1352 1486 1426 1540 τῆς
1454 1479 1584 1541 αὐτῆς
1614 1483 1643 1526 ε’
1674 1484 1734 1527 ἰν-

254 1554 474 1603 δικτιῶνος
515 1552 786 1609 ἐτελεύτησεν
820 1551 842 1595 ὃ
892 1553 1187 1608 εὐσεβέετατος
1215 1553 1446 1604 Ἰουστῖνος
1487 1554 1786 1595 καταλιπῶναε

256 1622 438 1678 βασιλέα
468 1619 542 1664 τὸν
563 1621 884 1665 Ἰουστινιανόν.

354 1730 389 1775 4.
417 1731 459 1767 ἰν
488 1741 557 1764 om.
574 1730 616 1772 A,
643 1731 684 1766 ἐν
709 1730 834 1778 σάκκῳ
862 1742 930 1765 om.
951 1730 978 1764 s.
1068 1740 1102 1775 9.
1129 1728 1284 1776 Κάριον
1307 1740 1339 1762 a.
1439 1728 1492 1762 ¹3.
1517 1727 1661 1762 Φωκᾶν
1688 1748 1731 1755 --

354 1793 402 1806 ——
425 1782 625 1825 πατρίκιον
650 1790 721 1813 om.
743 1781 783 1812 A.
927 1778 978 1822 14.
1002 1772 1065 1815 τὸν
1099 1779 1270 1824 ἔπαρχον
1298 1778 1327 1811 Α
1356 1788 1387 1818 e,
1413 1770 1480 1813 τὸν
1506 1770 1583 1812 ἀπὸ
1612 1775 1736 1823 ἐπάρῃ

349 1839 434 1874 χων
458 1827 555 1872 vulg.
681 1838 737 1860 20.
765 1826 784 1862 ὃ
810 1825 893 1861 add.
922 1837 966 1860 ex
989 1825 1025 1860 A.
1146 1837 1203 1859 αι.
1231 1821 1298 1862 τὸν
1321 1824 1404 1859 add.
1435 1836 1480 1859 ex
1497 1825 1538 1859 A.

259 1930 334 1960 tem
363 1925 561 1971 imperator
584 1925 749 1958 Iustinus
771 1935 813 1958 ea
835 1937 872 1959 re
902 1925 1049 1970 cognita,
1073 1924 1212 1970 ingenti
1238 1923 1348 1957 animi
1375 1922 1503 1957 dolore
1528 1934 1733 1969 percussus,

259 1973 403 2007 sublato
433 1973 564 2019 capitis
596 1973 652 2006 sui
682 1972 914 2016 diademate,
953 1983 1179 2019 purpuraque
1206 1971 1386 2018 deposita,
1412 1971 1534 2018 plures
1561 1971 1638 2005 dies
1667 1971 1733 2005 (le-

257 2022 365 2055 formi
409 2033 512 2054 sacco
539 2021 680 2055 velatus
723 2022 861 2054 luctum
893 2022 986 2066 egit:
1016 2020 1107 2054 adeo
1139 2026 1179 2054 ut
1219 2020 1350 2054 festivo
1379 2019 1438 2053 die
1466 2019 1667 2066 procedens
1693 2019 1733 2053 in

258 2068 448 2103 ecclesiam
473 2079 630 2102 coronae
665 2069 807 2114 insigne
832 2068 891 2104 vel
921 2068 1130 2103 chlamidem
1165 2067 1307 2101 deferre
1331 2080 1408 2101 non
1434 2067 1642 2112 admiserit:
1669 2078 1733 2100 ve-

257 2129 335 2164 rum
361 2117 410 2150 sic
437 2117 594 2162 simplici
631 2115 759 2151 habitu
798 2119 1021 2163 processerit,
1047 2118 1125 2150 solo
1151 2116 1306 2159 mandya
1343 2126 1526 2161 purpureo
1554 2115 1735 2148 suborna-

255 2171 327 2207 tus,
357 2170 394 2198 et
417 2176 538 2197 coram
564 2169 643 2198 toto
671 2171 801 2199 senatu
827 2167 1078 2211 ingemiszens:
1107 2165 1314 2208 caeterique
1333 2175 1456 2197 omnes
1482 2162 1648 2208 lugubria
1671 2164 1733 2196 in-

255 2213 336 2247 duti
363 2224 436 2245 una
461 2224 541 2245 cum
568 2223 611 2245 eo
638 2212 821 2246 luxerunt.
883 2215 1072 2260 imperator
1107 2224 1213 2259 porro
1241 2212 1410 2245 Carinum
1435 2213 1604 2245 comitem
1637 2209 1733 2245 datis

254 2262 333 2295 auri
359 2260 578 2294 centenariis
607 2261 771 2306 quinque
798 2261 983 2295 confestim
1007 2261 1115 2301 misit,
1143 2259 1188 2293 ad
1208 2258 1432 2293 effodiendas
1459 2260 1734 2305 egerendasque

255 2310 388 2350 ruinas,
417 2308 446 2341 si
471 2308 566 2341 forte
596 2314 721 2353 posset
746 2308 906 2354 aliquem
931 2310 1086 2355 periculo
1114 2308 1284 2348 liberare,
1317 2313 1354 2342 et
1378 2319 1398 2340 a
1422 2307 1670 2353 praedonibus
1697 2312 1735 2341 et

255 2356 462 2403 raptoribus
491 2367 545 2389 res
572 2355 762 2389 ruderibus
787 2356 970 2391 immersas
993 2358 1062 2391 suis
1081 2355 1348 2402 possessoribus
1373 2366 1526 2390 servare.
1557 2354 1735 2390 subinde-

255 2417 328 2455 que
346 2410 427 2451 post
455 2415 536 2437 eum
556 2403 595 2436 in
616 2403 694 2438 eius
715 2404 866 2449 vestigia
880 2404 1025 2439 Phocam
1038 2405 1173 2439 Crateri
1193 2404 1307 2437 filium
1334 2403 1539 2450 patricium,
1550 2403 1734 2438 Asterium

255 2455 403 2501 quoque
421 2451 613 2498 patricium
639 2457 676 2485 et
700 2453 967 2498 expraefectum
985 2454 1075 2486 vfros
1097 2452 1263 2486 cordatos
1290 2452 1389 2486 misit
1415 2452 1625 2498 imperator,
1655 2451 1733 2498 qui,

254 2501 495 2548 pecuniarum
527 2500 700 2533 immensa
725 2500 759 2532 vi
787 2499 830 2533 ab
858 2512 900 2534 eo
929 2507 1083 2547 accepta,
1123 2506 1331 2546 repararent
1358 2499 1496 2534 urbem.
1547 2507 1733 2534 caeterum

253 2550 390 2595 Aprilis
406 2549 549 2582 'mensis
579 2547 639 2581 die
670 2553 810 2593 quarto,
832 2548 993 2594 paschali
1024 2549 1117 2582 festo
1149 2548 1310 2582 eiusdem
1328 2548 1480 2595 quintae
1505 2548 1732 2588 indictionis,

253 2598 381 2632 morbo
409 2601 596 2642 correptus
632 2595 827 2642 imperator
851 2597 1006 2630 Iustinus
1034 2596 1275 2630 Iustinianum
1320 2608 1528 2642 germanum
1558 2601 1732 2643 nepotem

254 2648 512 2688 imperatorem
540 2643 660 2677 adhuc
685 2644 782 2677 vivus
802 2645 967 2686 instituit,
994 2656 1159 2678 coronam
1184 2646 1332 2691 insuper
1353 2645 1540 2691 imposuit,
1567 2650 1604 2678 et
1629 2655 1733 2677 men-

256 2693 312 2728 se's
340 2699 497 2740 ‹iiiutuor
524 2692 716 2737 potestatis
737 2692 910 2737 collegam
936 2693 1072 2727 hahuit.
1125 2695 1286 2738 Augusto
1312 2704 1395 2727 vero
1414 2703 1539 2729 mense
1569 2692 1732 2726 eiusdem

256 2743 408 2789 quintae
437 2740 660 2822 iuchssouis,
686 2740 885 2776 Iustiniano
913 2741 951 2776 in
976 2741 1227 2788 imperatorem
1252 2741 1393 2783 relicto,
1418 2741 1601 2787 piissimus
1621 2740 1734 2774 Iusti-

255 2802 324 2825 nus
352 2789 449 2823 diem
475 2800 496 2823 o
525 2789 582 2822 iit.
