1786 3204
273 124 308 180 3
324 146 339 179 ι
356 146 384 179 2
831 144 1178 186 THEOPHANIS

270 243 446 294 τούτους
476 246 674 299 λαβόντες
711 244 789 287 σὺν
824 252 917 295 ταῖς
946 243 1150 300 καμήλοις
1193 242 1267 286 καί
1296 244 1407 304 πάσῃ
1438 249 1486 303 τῇ
1515 247 1652 305 ἡλικίᾳ
1683 251 1741 297 εἰς

268 311 534 369 Καρχηδόνα
561 313 757 370 εἰσῄεσαν
783 312 859 368 την
887 315 1088 354 ἐπινίκιον
1116 309 1264 367 ἑορτήν
1285 307 1468 366 ἄγοντες.
1501 312 1539 355 οἱ
1571 316 1618 355 δὲ
1633 315 1741 370 βάρ-

264 378 551 434 βαροιπάλιν
590 383 974 434 συναθροισθέντες
1015 381 1227 435 πανδημεί
1265 378 1346 421 σὺν
1376 382 1544 435 γυναιξί
1570 385 1641 423 καὶ
1674 385 1740 424 τέ-

255 462 395 501 κνοις,
425 448 589 503 μηδένα
622 446 937 499 καταλιπόντες,
966 444 1255 502 ἐστράτευσαν
1275 447 1383 489 κατὰ
1405 447 1641 503 Ῥωμαίων,
1671 449 1743 491 καί

264 512 318 556 τὰ
352 515 397 556 ὲν
425 516 628 572 Βυζακίῳ
667 516 807 568 χωρία
848 515 1076 570 ἐληΐζοντο.
1149 513 1351 568 Σολομῶν
1390 516 1438 557 δὲ
1476 512 1584 569 ἄρας
1630 516 1780 560 κατάὄ

262 580 395 636 τάχος
421 583 504 623 πᾶν
536 580 583 624 τὸ
628 581 899 635 στράτευμα,
940 583 1004 624 ἐπ’
1035 580 1190 631 αὐτοὺς
1233 577 1313 639 ᾔει.
1371 580 1590 638 γενόμενος
1621 585 1667 626 δὲ
1698 586 1744 627 ἐν

263 650 580 703 Βουλγαρίωνι,
618 646 723 691 ἔνθα
757 647 796 690 οἱ
814 651 1010 702 πολέμιοι
1040 650 1489 704 ἐστρατοπεδεύσαντο,
1521 649 1743 706 διεκόσμη-

223 722 335 758 Βσεν
362 715 408 758 τὸ
434 714 708 770 στράτευμα,
750 716 808 766 αἷς
837 717 897 766 εἰς
925 716 1081 772 μάχην.
1152 714 1190 758 οἱ
1226 718 1272 759 δὲ
1300 716 1582 772 Μαυρούσιοι
1612 720 1656 761 ἐν
1685 721 1744 777 τῷ

261 777 352 837 ὄρει
383 784 465 825 τῶν
487 786 769 838 Βουλγαρίων
797 784 869 825 ἐπί
895 787 1039 825 πλεῖον
1065 781 1230 838 ἔμενον,
1260 785 1321 834 εἰς
1348 783 1396 827 τὸ
1425 787 1569 827 πεδίον
1597 791 1743 828 κατελ-

259 853 353 892 θεῖν
379 848 438 905 μή
458 850 723 904 βουλόμενοι.
764 849 966 903 Σολομῶν
981 851 1027 892 δὲ
1048 852 1296 894 ἀποστέλλει
1313 851 1538 906 Θεόδωρον
1569 851 1639 894 διὰ
1671 856 1746 907 τῆς
1764 872 1786 896 ιἸ

258 915 409 967 νυκτὸς
441 915 521 959 σύν
545 919 703 971 χιλίοις
734 919 890 968 πεζοῖς,
922 919 996 959 καί
1021 920 1104 960 τῶν
1134 922 1380 974 σημειωτῶν
1408 918 1518 973 τινά,
1543 916 1657 971 ὅπως
1686 922 1746 970 εἰς

258 983 305 1026 τὸ
334 981 432 1040 ὄρος
462 986 508 1026 ἐκ
534 986 618 1027 τῶν
647 979 826 1027 ὄπισθεν
858 986 1000 1027 αὐτῶν
1016 985 1085 1027 διὰ
1117 987 1191 1041 τῆς
1221 984 1365 1035 νυκτὸς
1392 987 1646 1041 α’νέλθωσιν,
1674 987 1748 1029 καί

261 1049 353 1106 ἅμα
383 1053 443 1109 τῷ
490 1052 594 1110 ἡλίῳ
639 1052 853 1107 ἀνίσχοντι
898 1052 950 1095 τὰ
996 1060 1151 1109 σημεῖα
1181 1049 1368 1108 ὕπερθεν
1398 1050 1590 1108 ἄραντες,
1635 1053 1743 1097 κατὰ

259 1121 343 1161 τῶν
375 1119 587 1173 πολεμίων
611 1116 880 1175 χωρήσουσιν.
939 1121 1098 1173 ὁμοίως
1136 1121 1181 1162 δὲ
1211 1119 1285 1161 καί
1314 1119 1442 1172 αιῖτὸς
1471 1116 1633 1178 ὄρθρου
1663 1126 1744 1176 βα-

259 1189 360 1236 θέος
390 1186 609 1241 ἀνελθών,
652 1183 743 1240 ἅμα
783 1186 889 1230 κατὰ
921 1191 1002 1231 τῶν
1045 1189 1256 1241 πολεμίων
1294 1186 1525 1245 ἐχώρησεν.
1585 1188 1786 1240 ἰδόντεςι,

260 1256 310 1296 δὲ
339 1252 378 1295 οἱ
396 1252 626 1311 βάρβαροι,
653 1250 717 1297 ὅτι
747 1256 791 1297 ἐν
810 1257 927 1312 μέσῳ
948 1258 1030 1297 τῶν
1052 1253 1279 1308 Ῥωμαίων
1307 1253 1540 1311 γεγόνασιν,
1572 1257 1632 1307 εἰς
1659 1274 1743 1314 φυ-

260 1319 341 1376 γὴν
370 1318 578 1377 ὥρμησαν
609 1321 714 1364 κατὰ
746 1324 830 1365 τῶν
849 1324 1046 1378 κρημνῶν
1065 1321 1292 1374 (ἐθίζοντες
1318 1319 1499 1373 ἑαυτοὺς
1528 1326 1604 1367 καί
1621 1325 1745 1366 α’ναι-

223 1390 447 1444 Οροῦντες,
507 1391 721 1431 α’πὲθανον
758 1389 805 1430 δὲ
836 1391 881 1431 ἐν
914 1390 974 1446 τῷ
1011 1392 1180 1447 πολέμῳ
1213 1392 1511 1445 Μαυρουσίων
1538 1391 1746 1447 μυριάδες

259 1455 304 1508 ε’,
333 1457 418 1498 τῶν
440 1457 486 1498 δὲ
511 1454 735 1509 Ῥωμαίων
756 1454 803 1498 τὸ
825 1453 1029 1511 παράπαν
1045 1456 1147 1498 οὐδὲ
1176 1451 1251 1508 εἷς,
1272 1457 1322 1498 οὕ
1343 1455 1428 1513 μην
1458 1459 1557 1499 οὐδὲ
1585 1459 1747 1514 πληγήν

262 1539 357 1566 τινα
373 1521 537 1578 ἔλαβεν,
564 1523 674 1566 ἀλλὰ
704 1524 859 1573 πάντες
889 1523 1022 1579 ὑγιεῖς
1046 1521 1120 1579 τήν
1149 1525 1267 1580 νίκην
1297 1518 1464 1581 ἤραντο.
1496 1523 1535 1568 οἱ
1563 1527 1609 1569 δὲ
1628 1530 1786 1570 πλεῖ-2.

369 1707 395 1728 ι.
419 1693 523 1743 πάσῃ
552 1695 592 1743 τῇ
618 1697 697 1743 λείᾳ
724 1707 755 1729 a.
902 1696 936 1729 5.
964 1691 1058 1731 κατά
1102 1695 1216 1742 τάχος
1238 1697 1282 1738 Α,
1322 1694 1417 1732 κατὰ
1442 1692 1484 1733 τὸ
1510 1697 1623 1744 τάχος
1644 1699 1740 1743 vulg.

367 1754 418 1775 12.
445 1745 671 1781 εἰσέλθωσιν
694 1745 721 1778 A
748 1756 778 1777 e.
860 1746 913 1789 14.
936 1743 1170 1790 χωρήσωσιν
1192 1746 1235 1787 A,
1258 1748 1484 1791 χωρίσωσιν
1506 1747 1602 1791 vulg.
1675 1750 1742 1792 βα-

357 1794 456 1830 θέως
481 1792 577 1837 vulg.
702 1803 754 1838 ¹7·
785 1791 862 1829 τῶν
887 1791 972 1825 add.
1000 1804 1044 1825 ex
1070 1793 1111 1826 A.
1239 1788 1397 1833 ἑαυτοὺς
1419 1793 1460 1835 Α,
1485 1790 1620 1834 αὐτοὺς
1642 1795 1739 1839 vulg.

262 1939 480 1972 camelorum
510 1939 676 1984 gregibus
704 1946 741 1974 et
764 1941 881 1974 omnis
907 1941 1036 1974 aetatis
1047 1939 1258 1974 hominibus
1284 1941 1461 1983 abductis,
1486 1942 1641 1976 victores
1654 1942 1740 1975 Car—

264 1987 448 2031 thaginem
466 1988 617 2031 ingressi
644 1988 720 2021 dies
746 1988 858 2022 festos
887 1988 934 2021 ob
951 1994 1089 2034 partam
1106 1989 1291 2022 victoriam
1317 1997 1479 2034 egerunt.
1505 2002 1630 2024 verum
1658 1990 1743 2023 har-

260 2033 340 2068 bari
359 2035 463 2068 nullo
479 2047 523 2068 ex
546 2035 618 2069 suis
643 2035 784 2078 relicto,
802 2048 873 2070 una
897 2048 977 2070 cum
999 2036 1172 2070 uxoribus
1187 2042 1223 2070 et
1246 2036 1372 2070 liberis
1389 2038 1426 2071 in
1447 2049 1559 2071 unum
1586 2038 1744 2081 collecti,

260 2082 400 2115 bellum
436 2083 605 2117 adversus
630 2085 809 2117 Romanos
855 2084 1168 2129 redintegratum,
1210 2090 1247 2118 et
1281 2096 1391 2129 pagos
1423 2086 1516 2118 circa
1553 2087 1741 2130 Byzacium

262 2129 477 2175 depopulati
504 2136 598 2163 sunt.
650 2131 823 2165 Salomon
852 2143 895 2166 ex
920 2131 1069 2165 adverso
1099 2131 1214 2177 copiis
1252 2133 1428 2165 exercitus
1462 2133 1627 2167 omnibus
1652 2146 1751 2167 con-

261 2178 410 2218 vocatis,
440 2183 567 2211 contra
586 2179 772 2224 profectus
794 2185 867 2212 est:
895 2180 1040 2226 iamque
1059 2180 1324 2224 Bulgarionem,
1345 2180 1409 2224 qui
1431 2180 1531 2214 locus
1550 2181 1739 2215 hostilium

261 2231 456 2259 castrorum
481 2230 569 2267 erat,
594 2238 673 2259 cum
701 2227 888 2271 attigisset,
918 2229 1116 2261 exercitum
1142 2238 1286 2260 omnem
1311 2228 1414 2274 quasi
1444 2240 1599 2274 pugnam
1625 2230 1742 2263 initu-

259 2285 320 2307 rus
347 2273 537 2318 disposuit.
591 2274 768 2307 Maurusii
793 2275 832 2307 in
860 2275 1050 2319 planitiem
1083 2274 1303 2308 descendere
1327 2276 1446 2318 veriti,
1485 2277 1523 2309 in
1549 2277 1739 2322 Bulgario-

258 2333 345 2354 num
375 2327 498 2354 monte
539 2320 678 2355 diutius
703 2321 957 2356 substiterunt.
1010 2323 1181 2356 Salomon
1219 2334 1289 2356 una
1317 2335 1397 2356 cum
1424 2324 1609 2369 peditibus
1635 2326 1738 2359 mille

259 2368 511 2411 Theodorum,
538 2375 576 2403 et
600 2381 644 2402 ex
669 2370 852 2415 signiferis
880 2371 1065 2416 quendam
1103 2370 1149 2403 de
1187 2377 1294 2404 nocte
1323 2373 1511 2413 summisit,
1542 2373 1606 2418 qui
1632 2379 1738 2406 tene-

257 2416 333 2450 bris
356 2417 443 2451 tecti
462 2443 472 2458 ‚
500 2422 626 2451 monte
651 2422 746 2451 retro
777 2417 999 2452 adversarios
1020 2429 1230 2459 conscenso,
1258 2431 1337 2452 cum
1368 2421 1555 2454 exoriente
1584 2421 1738 2466 primum

258 2465 335 2499 sole
363 2476 407 2497 ex
441 2466 627 2511 superiore
662 2465 744 2499 loco
779 2466 879 2510 signa
917 2467 1094 2500 tollerent
1136 2467 1174 2498 in
1205 2466 1330 2508 altum,
1352 2479 1392 2501 ac
1416 2468 1525 2501 simul
1549 2480 1672 2502 omnes
1700 2469 1738 2502 in

257 2512 482 2546 adversarios
518 2513 774 2558 irrumperent.
837 2514 916 2559 ipse
952 2512 1134 2558 profunda
1174 2513 1293 2548 adhuc
1327 2522 1435 2549 nocte
1476 2516 1543 2549 sub
1573 2528 1736 2550 auroram

258 2572 331 2593 una
356 2572 435 2593 cum
462 2561 536 2594 iuis
560 2560 758 2594 ascendens
798 2562 836 2594 in
862 2561 985 2594 hostes
1011 2562 1082 2594 iter
1105 2561 1241 2605 dirigit.
1300 2562 1444 2596 barbari
1472 2565 1642 2597 Romanis
1666 2565 1737 2597 cir-

258 2612 489 2654 cumqua‘que
517 2621 555 2642 se
579 2609 734 2642 vallatos
769 2615 805 2642 et
831 2609 991 2642 inclusos
1027 2610 1310 2654 comperientes,
1344 2623 1409 2656 per
1433 2618 1628 2657 praerupta
1654 2613 1736 2645 loca

256 2656 295 2688 in
322 2656 441 2701 fugam
480 2668 518 2690 se
544 2656 742 2698 dederunt,
774 2657 930 2690 invicem
960 2668 997 2690 se
1035 2657 1247 2702 perturbato
1287 2659 1415 2692 ordine
1454 2665 1672 2705 prementes,
1699 2666 1737 2694 et

255 2709 416 2737 mutuam
442 2704 512 2737 sibi
536 2703 683 2738 caedem
713 2704 924 2738 inferentes.
983 2704 1053 2738 hoe
1079 2705 1117 2738 in
1142 2707 1337 2741 certamine
1364 2707 1632 2740 Maurusiorum
1654 2719 1737 2751 my-

256 2750 372 2786 riades
404 2752 568 2799 quinque
610 2752 818 2799 perierunt,
856 2753 1099 2787 Romanorum
1134 2764 1180 2786 ne
1209 2754 1304 2788 ullus
1334 2755 1481 2802 quidem
1511 2754 1642 2797 defuit,
1671 2760 1735 2789 aut
