1768 3106
220 126 332 181 δοὶ
788 148 1136 193 THEOPHANJS

216 244 523 300 συνταξαῖμεθα
556 248 713 304 ατῖτοῖς,
745 245 805 291 δ’τι
828 252 1120 305 παραδίδομεν
1147 268 1210 301 σε,
1243 255 1316 294 καί
1335 247 1577 304 ιῖπολτῖομεν
1607 250 1695 306 ἅμα

215 319 302 363 τοῖς
322 313 565 369 ἀνθρώποις
594 316 737 365 αι’τοϊς
756 317 886 373 ἡμῶν,
917 320 990 359 καί
1007 318 1389 373 καταμανθάνομεν
1406 321 1483 370 τὰς
1505 324 1696 363 κλεισού-

216 397 296 435 ρας
314 382 471 437 αὐτῶν,
494 382 568 424 καί
586 384 883 441 κουρσεύομεν,
903 388 976 427 καί
988 387 1251 443 ἀφανίζομεν
1272 386 1350 442 τήν
1366 386 1514 442 χώραν
1538 389 1694 440 athaia»,

171 450 419 503 Βποιοῦμεν
461 449 538 505 την
579 453 814 505 θεραπείαν
852 453 989 506 ἡμῶν.
1048 456 1133 497 τῶν
1172 456 1219 498 δὲ
1248 455 1584 510 ἀποκρισιαρίων
1612 457 1695 498 τῶν

211 513 402 559 Ἀλανῶν
441 516 711 560 ἀπελθόντων
761 519 822 568 εἰς
863 518 1103 575 Ἀβασγίαν
1142 525 1518 580 καί-συνθεμένων
1551 527 1730 578 παρα-5

212 581 346 626 δίδειν
362 582 433 626 τὸν
451 583 705 642 σπαθιέριον,
737 589 909 629 πλεῖστα
933 590 1046 639 ξένια
1075 594 1176 644 παρ’
1207 589 1351 632 αὐτῶν
1368 588 1592 646 εἰλήφασι·
1621 591 1696 632 καί

210 651 406 700 πλείονας
444 651 798 707 οἶποκρισιαριόυς
843 652 969 697 πάλιν
1010 657 1341 700 α’ποστέλλουσιν
1380 656 1486 711 μετὰ
1517 656 1591 699 καί
1618 659 1693 713 τῆς

209 720 437 774 ποσότητος
475 721 556 761 τοῦ
588 721 774 775 χρυσίου
803 721 909 776 πρὸς
948 722 993 765 τὸ
1029 728 1295 779 παραλαβεῖν
1323 723 1397 767 τὸν
1436 723 1693 779 σπαθάριον.

208 783 247 827 οἱ
276 786 322 828 δὲ
354 786 535 830 Ἀλανοὶ
559 789 727 841 λέγουσι
758 791 818 848 τῷ
852 792 1108 848 σπαθαρίῳ,
1139 787 1203 834 ὅτι
1239 790 1276 834 οἱ
1310 787 1528 847 ἅνθρωποι
1563 787 1691 848 οὗτοι,

206 851 354 903 καθώς
397 855 471 897 καί
498 853 778 912 προείπομεν,
814 859 887 899 ὲπί
922 857 968 900 τὸ
1007 862 1154 913 λαβεῖν
1183 875 1232 902 σε
1273 863 1576 916 παρεγένοντο,
1618 860 1758 902 naim

205 919 230 974 ἡ
261 920 477 976 ’Λβασγία
506 922 731 977 ἑκδέχεταί
743 939 807 967 σε.
840 923 914 967 καί
939 926 1033 968 ἐπεὶ
1051 926 1340 982 πλησιάζομεν
1368 927 1539 981 αὐτοῖς,
1581 944 1692 982 πρα-

205 987 446 1042 γματευταί
465 987 749 1044 α’περχὸμενοι
777 991 884 1047 πρὸς
914 992 1077 1043 αὐτούς
1104 993 1155 1034 ου’
1184 993 1487 1037 διαλείπουσιν.
1544 993 1693 1036 λοιπὸν

207 1057 276 1098 ἵνα
303 1053 360 1110 μη
396 1057 610 1115 διαβληθῇ
639 1056 662 1099 ὅ
692 1058 848 1108 σκοπὸς
878 1056 1023 1116 ἡμῶν,
1058 1061 1369 1115 παραδώσομέν
1399 1077 1446 1105 σε
1475 1064 1689 1117 φανερῶς·

73 1125 194 1170 P-329
207 1121 281 1165 καί
311 1119 627 1168 ἇποκινούντων
650 1126 804 1183 αὐτῶν,
835 1127 1106 1182 ἀπολύσομεν
1135 1131 1328 1184 κρυπτῶς
1358 1130 1404 1172 ἐκ
1433 1129 1515 1172 τῶν
1543 1128 1691 1184 ὀπίσω,

206 1189 280 1233 καὶ
306 1189 490 1242 ἐκείνους
517 1195 597 1246 μὲν
627 1193 942 1250 οἷποκτείνομεν,
974 1197 1022 1237 σὲ
1051 1198 1097 1238 δὲ
1131 1196 1383 1254 κρύπτομεν,
1412 1197 1491 1248 ἕως
1520 1193 1575 1240 ἄν
1605 1214 1689 1239 σω-
1709 1198 1754 1239 15

204 1261 343 1316 ρευθῇ
381 1256 404 1300 ὅ
445 1258 549 1309 λαὸς
584 1259 706 1316 ἡμῶν
740 1263 815 1305 καί
859 1263 1133 1319 ἀσυμφώνως
1166 1267 1429 1318 εἰσέλθωμεν
1461 1266 1507 1308 ἐν
1551 1267 1606 1323 τῇ
1636 1265 1688 1321 γῇ

205 1327 364 1369 αὖτῶν.
394 1325 416 1370 ὃ
445 1330 519 1370 καὶ
548 1331 727 1383 γέγονεν.
769 1331 1093 1385 παραλαβόντες
1127 1333 1174 1374 δὲ
1205 1334 1290 1374 ταῖν
1315 1333 1548 1388 Ἀβασγῶν
1579 1328 1688 1374 ἀπο..

204 1391 437 1452 κρισιάριοι
475 1394 550 1439 τὸν
581 1395 825 1455 σπαθάριον
853 1397 936 1442 σύν
965 1405 1053 1451 τοῖς
1081 1398 1327 1457 ἀνθρώποις
1355 1402 1503 1456 αὐτοῦ,
1533 1398 1688 1458 δήσαν-

304 1546 336 1588 4.
363 1543 550 1592 ποιοῦμεν
574 1546 616 1589 Α,
639 1547 812 1595 ποιῶμεν
836 1548 932 1594 vulg.
1041 1551 1074 1584 5.
1103 1548 1362 1595 παραδιδόναι
1388 1550 1428 1583 Α.
1551 1551 1586 1585 8.
1611 1562 1689 1586 πα-

305 1592 485 1638 ραλαβεῖν
497 1594 537 1636 A,
561 1595 690 1641 λαβεῖν
716 1597 812 1641 vulg.
907 1608 968 1633 ἰο.
992 1594 1123 1638 καθώς
1145 1601 1210 1633 καὶ
1238 1599 1278 1640 A,
1303 1591 1435 1637 καθώς
1457 1597 1554 1642 vulg.
1633 1598 1685 1643 ¹4·

305 1639 602 1690 ἄπολύσομενΑ,
627 1643 847 1692 ἀπολύομεν
875 1645 970 1690 vulg.
1074 1647 1125 1680 15.
1156 1645 1412 1694 ἄποκτένομεν
1439 1645 1479 1685 Α,
1507 1644 1688 1682 ἀποκτέν-

302 1700 421 1736 νομεν
446 1702 466 1723 a
491 1690 516 1723 f.
617 1692 659 1727 σὲ
690 1692 729 1727 δὲ
754 1694 793 1734 Α,
817 1694 882 1727 καὶ
909 1694 951 1729 σὲ
975 1694 1071 1739 vulg.
1197 1706 1248 1740 ¹7·
1272 1693 1555 1743 παραλαβόντες
1583 1694 1623 1730 δὲ
1646 1695 1689 1737 A,

303 1739 669 1787 παραλαμβάνοντες
693 1734 770 1789 γὰρ
791 1741 888 1787 vulg.

208 1882 349 1904 manum
387 1872 424 1905 in
460 1872 638 1908 ditionem
677 1875 751 1908 itur
774 1874 1041 1922 undequaque,
1067 1880 1107 1908 ut
1145 1875 1275 1916 cernis,
1304 1875 1499 1908 interclusa
1527 1880 1592 1917 est,
1618 1888 1687 1910 nec

208 1919 315 1952 istinc
344 1919 484 1965 digredi
513 1921 581 1955 tibi
612 1923 719 1956 facile
745 1923 970 1958 conceditur.
1029 1934 1142 1969 quare
1169 1935 1247 1956 cum
1276 1922 1450 1969 hostibus>
1469 1923 1555 1957 dolo
1579 1924 1686 1958 nobis

206 1967 397 2010 agendum.
447 1981 514 2003 nos
543 1971 667 2017 itaque
697 1971 895 2005 tradituros
921 1978 957 2006 te
986 1972 1071 2016 ipsis
1098 1972 1178 2005 ficte
1204 1972 1474 2012 conveniamus,
1500 1977 1575 2004 turn
1602 1983 1687 2005 vero

204 2020 241 2047 te
268 2027 347 2049 cum
372 2017 592 2063 quibusdam
626 2031 645 2052 e
675 2020 807 2053 nostris
828 2020 949 2060 misso,
980 2020 1216 2060 clusurarum,
1242 2030 1335 2065 quae
1361 2019 1457 2064 apud
1480 2020 1563 2052 illos
1588 2025 1686 2062 sunt,

203 2063 387 2098 anfractus
418 2066 711 2111 explorabimus,
744 2074 782 2101 et
815 2068 953 2112 impetu
995 2067 1138 2101 demum
1175 2068 1213 2101 in
1241 2078 1301 2100 eos
1327 2067 1422 2100 facto
1460 2079 1525 2112 per
1559 2078 1683 2100 eorum

204 2112 370 2155 regiones
395 2115 571 2158 grassati,
609 2115 709 2160 quod
740 2115 887 2149 obvium
922 2116 1008 2156 fiet,
1035 2115 1281 2155 vastabimus,
1308 2121 1418 2160 atque
1446 2115 1520 2155 ita,
1543 2126 1637 2160 quae
1664 2127 1684 2149 e

203 2170 240 2192 re
268 2166 389 2193 nostra
415 2167 510 2203 sunt,
539 2163 845 2207 promovebimus.
895 2164 1090 2197 Alanorum
1117 2163 1228 2207 igitur
1253 2163 1474 2208 apocrisiarii
1506 2163 1544 2195 in
1571 2162 1686 2196 Abas-

202 2208 295 2251 giam
325 2209 508 2254 profecti,
538 2215 574 2243 et
599 2211 820 2256 spatharium
849 2211 1048 2244 tradituros
1077 2211 1186 2256 pacti,
1212 2210 1367 2255 plurima
1394 2209 1439 2242 ab
1468 2211 1556 2255 ipsis
1583 2216 1684 2244 retu-

203 2257 326 2289 lerunt
351 2268 510 2290 munera.
562 2258 692 2303 Abasgi
718 2259 874 2293 subinde
905 2260 1025 2305 plures
1061 2270 1080 2292 e
1109 2259 1182 2291 suis
1211 2269 1289 2291 cum
1318 2257 1455 2291 eisdem
1483 2259 1683 2303 apocrisia-

202 2304 272 2337 rios
297 2303 525 2347 delegarunt,
553 2307 616 2351 qui
640 2307 852 2351 promissam
871 2308 946 2340 auri
973 2317 1146 2340 summam
1171 2311 1447 2346 enumerare-nt,
1475 2312 1512 2340 et
1533 2305 1685 2350 spatha-

202 2352 295 2385 rium
323 2352 536 2398 reciperent.
598 2359 675 2387 tum
704 2365 789 2388 vero
823 2355 930 2388 Alani
961 2354 1007 2387 ad
1039 2353 1284 2400 spatharium:
1318 2352 1486 2387 homines
1526 2354 1598 2394 isti,
1622 2355 1682 2388 in-

201 2400 345 2445 quiunt,
374 2406 409 2434 te
435 2401 505 2434 sibi
532 2401 724 2442 traditum,
752 2407 792 2436 ut
832 2403 1060 2442 monuimus,
1089 2401 1385 2446 comprehensuri
1417 2407 1616 2443 venerunt,
1643 2407 1682 2436 et

201 2449 271 2481 iam
298 2454 334 2482 te
358 2449 516 2483 vinctum
545 2448 697 2493 Abasgia
722 2455 799 2484 tota
827 2450 1083 2494 praestolatur.
1150 2449 1196 2482 ad
1221 2461 1281 2482 eos
1310 2461 1408 2490 vero,
1435 2460 1499 2483 ceu
1528 2450 1680 2495 provin-

200 2497 275 2530 cine
301 2502 447 2530 nostrae
474 2498 730 2538 conterminos,
756 2503 973 2530 mercatores
1005 2509 1023 2529 e
1049 2497 1180 2530 nostris
1206 2497 1349 2543 saepius
1377 2498 1468 2531 itare
1494 2502 1531 2531 et
1558 2503 1681 2530 trans-

199 2545 252 2577 ire
291 2545 447 2579 noveris.
498 2556 609 2592 quare
634 2556 681 2578 ne
710 2545 901 2578 consilium
943 2557 959 2576 a
987 2544 1094 2578 nobis
1121 2551 1304 2590 arreptum
1333 2546 1370 2579 in
1400 2545 1534 2578 erImen
1559 2550 1681 2578 verta-

199 2598 269 2631 tur,
295 2593 332 2625 in
358 2604 483 2627 manus
525 2604 648 2627 eorum
675 2592 868 2639 manifeste
896 2592 1080 2626 trademus
1117 2598 1166 2632 te,
1193 2593 1343 2638 illisque
1370 2598 1407 2626 te
1434 2604 1554 2626 secum
1580 2593 1680 2638 rapi-

200 2639 345 2673 entibus
383 2652 427 2674 ex
464 2641 594 2675 ultimo
629 2646 833 2674 nostrorum
862 2641 1002 2684 agmine
1028 2640 1204 2686 quosdam
1231 2641 1373 2674 occulte
1401 2641 1679 2680 summittemus,

199 2687 261 2732 qui
289 2699 351 2721 eos
375 2689 482 2723 armis
510 2688 723 2723 adoriantur
747 2694 785 2722 et
812 2687 993 2722 occidant:
1019 2693 1053 2721 te
1079 2700 1176 2729 vero,
1204 2687 1321 2722 donec
1350 2688 1529 2722 exercitus
1555 2693 1680 2721 noster

198 2735 236 2768 in
263 2741 392 2769 terram
422 2747 546 2771 eorum
580 2737 677 2782 pacis
708 2736 807 2770 omni
844 2735 993 2770 foedere
1026 2735 1146 2770 soluto
1170 2737 1375 2781 irrupturus
1401 2736 1603 2779 colligatur,
1632 2734 1678 2768 ab

199 2784 315 2817 oculis
343 2791 481 2820 secreto
511 2784 771 2820 removendum
793 2785 949 2819 noveris.
1001 2784 1152 2818 consilio
1178 2796 1232 2818 res
1259 2785 1441 2818 successit.
1493 2789 1599 2829 capto
1626 2783 1675 2816 si-
