1708 3172
614 690 1040 741 PRAEFATIO

286 879 288 881 v
350 843 518 906 lOA
539 844 773 907 NNIS
827 843 1310 907 CLASSENI.

92 1151 435 1228 Theophanis
470 1164 525 1210 in
558 1181 688 1231 novo
723 1164 825 1212 hoc
858 1165 1232 1229 Byzantinorum
1271 1167 1563 1230 scriptorum

93 1265 302 1311 corpore
353 1246 534 1294 edendi
576 1247 827 1310 officium,
882 1249 1021 1312 quod
1078 1251 1127 1295 B.
1178 1250 1566 1298 Niebuhrius

90 1331 388 1378 adolescenti
432 1331 556 1378 mihi
603 1350 780 1378 novem
825 1333 1005 1380 abhinc
1046 1334 1185 1380 annis
1236 1334 1564 1381 demandave-

90 1424 188 1476 rat,
222 1413 310 1461 diu
343 1415 672 1463 intermissum
710 1425 758 1462 et
789 1425 992 1479 propter
1026 1418 1246 1463 locorum
1286 1427 1333 1464 et
1368 1427 1563 1481 tempo-

92 1516 200 1545 rum
236 1498 590 1545 vicissitudines
623 1517 779 1563 paene
817 1501 1165 1563 renuntiatum,
1202 1519 1333 1547 nuuc
1363 1502 1562 1548 tandem

89 1599 145 1628 ex
182 1582 468 1629 auctoritate
503 1583 760 1629 Illustrium
787 1584 1039 1646 Virorum,
1070 1586 1155 1648 qui
1191 1603 1430 1632 summam
1468 1586 1563 1632 hu-

89 1667 163 1712 ius
199 1665 430 1726 editionis
474 1684 639 1714 curam
690 1677 886 1730 gerunt,
931 1668 995 1714 ita
1038 1670 1249 1731 absolvi,
1283 1679 1337 1716 ut
1371 1669 1561 1716 studio—

87 1766 195 1795 rum
231 1767 454 1796 meorum
502 1750 713 1796 rationes
762 1760 810 1796 et
856 1751 1184 1798 subsidiorum
1226 1754 1397 1816 copiae
1433 1754 1557 1800 tule-

88 1841 214 1878 runt.
297 1831 464 1892 Quum
513 1834 644 1879 enim
681 1834 908 1897 princeps
950 1835 1094 1881 huius
1134 1836 1556 1899 chronographiae

87 1914 267 1977 editio,
314 1933 441 1980 quae
478 1917 670 1974 Parisiis
716 1934 846 1963 anno
895 1919 1038 1965 1655.
1078 1918 1292 1981 prodiit,
1327 1920 1556 1966 inchoata

86 1999 164 2045 illa
200 2017 227 2045 a
259 1999 420 2046 Goaro
455 2010 502 2046 et
538 2010 649 2064 post
684 2001 991 2047 immaturam
1031 2002 1134 2047 eius
1170 2011 1377 2048 mortem
1417 2020 1443 2048 a
1480 2004 1554 2048 lo-

85 2099 211 2128 anne
254 2081 531 2130 Combefiso
586 2084 649 2130 ad
694 2083 843 2130 finem
895 2083 1157 2147 perducta,
1201 2095 1305 2132 tum
1352 2096 1554 2149 propter

85 2165 330 2212 editorum
378 2167 476 2213 sive
507 2168 866 2214 festinationem
902 2169 1000 2214 sive
1046 2169 1413 2233 negligentiam,
1450 2180 1552 2216 tum

84 2259 288 2313 propter
332 2267 493 2296 serum
540 2251 791 2313 codicum,
836 2270 962 2316 quos
1010 2253 1134 2298 nacti
1191 2263 1334 2316 sunt,
1386 2272 1554 2316 usum,

84 2342 181 2379 tam
214 2334 378 2380 multis
413 2335 608 2381 obsessa
626 2345 751 2382 esset
782 2337 935 2397 vitiis,
969 2346 1022 2383 ut
1051 2354 1283 2401 persaepe
1316 2338 1553 2401 impedita

84 2416 306 2463 haereret
341 2417 506 2464 lectio:
544 2418 643 2465 hoc
677 2419 800 2466 mihi
841 2437 967 2467 nova
1012 2421 1297 2467 recensione
1334 2420 1551 2467 efficien-

83 2498 200 2546 dum
237 2502 500 2564 proposui,
536 2511 589 2548 ut.
622 2504 831 2566 scriptor
862 2513 1097 2567 quantum
1121 2504 1225 2551 fieri
1251 2514 1413 2568 posset
1448 2523 1550 2550 non

89 2582 192 2627 aliis
226 2600 374 2646 quam
412 2601 537 2646 quae
582 2586 731 2649 ipsius
783 2587 983 2633 tarditas
1032 2588 1211 2653 ingenii
1259 2598 1306 2634 et
1359 2589 1550 2635 fatuitas

83 2666 427 2728 commisisset5
460 2668 584 2713 vitiis
614 2679 931 2731 premeretur.
1023 2671 1238 2718 Primum
1280 2672 1420 2734 igitur
1454 2673 1547 2717 sar-

81 2749 296 2811 raginem
337 2750 464 2797 illam
501 2752 741 2799 variarum
779 2754 1072 2816 lectionum,
1106 2771 1226 2817 quas
1263 2754 1421 2802 editor
1454 2756 1547 2802 Pa-
