1786 3204
271 103 344 170 40
834 115 1176 160 THEoPHANis

379 235 486 276 Κατ’
534 230 661 274 αὐτὸν
687 230 762 274 τὸν
790 233 933 286 καιρὸν
978 230 1052 272 καί
1078 227 1104 284 ἦ
1133 227 1323 283 μακαρία
1347 224 1489 281 Ἑλένη
1518 222 1726 282 ἐκοιμήθη

270 301 315 343 ἒν
357 303 487 356 κυρίῳ
528 297 630 341 ἐτῶν
658 294 934 353 ὄγδοήκοντα,
982 294 1114 339 πολλοὶ
1146 293 1409 348 ἐντειλαμένη
1435 293 1492 350 τῷ
1520 290 1601 350 υἱῷι
1628 291 1729 348 περὶ

269 369 341 422 τῆς
369 368 428 415 εἰς
456 364 643 421 Χριστὸν
671 365 901 419 εὐσεβείας.
968 362 1103 420 ἐτάφη
1135 364 1182 404 δὲ
1214 363 1259 404 ἐν
1287 363 1344 419 τῷ
1371 361 1458 418 ναῷ
1488 360 1571 402 τῶν
1594 359 1728 415 ἁγίων

270 432 509 475 ἀποστόλων
552 433 597 474 ἐν
624 430 1095 482 Κωνσταντινουπόλει,
1145 426 1192 471 ὃν
1231 426 1392 471 ἔκτισεν
1422 426 1443 469 ὅ
1474 425 1568 476 υἱὸς
1597 429 1727 482 αὐτῆς

271 502 611 553 Κωνσταντῖνος,
656 499 715 549 εἰς
742 497 787 541 τὸ
818 496 1059 541 θάπτεσθαι
1104 496 1204 546 τοὺς
1230 496 1514 544 τελευτῶντας
1537 497 1765 550 βασιλεῖςό

271 564 569 621 Χριστιανούς.
641 565 787 621 πρώτη
815 567 861 608 δὲ
891 567 936 607 ἐν
965 565 1085 624 αὐτῷ
1113 562 1251 620 ἐτάφη
1291 561 1318 618 ἦ
1344 563 1536 617 μακαρία
1560 561 1728 618 Ἑλένη,

271 634 457 687 μνήμαις
487 634 687 689 φαιδραΐς
719 634 794 674 καί
819 633 1046 687 παννυχίσι
1075 633 1321 686 τιμηθεῖσα.
1388 627 1432 671 αἱ
1463 630 1510 672 δὲ
1537 628 1730 685 ένἹερο-

231 698 472 754 Βσολὺμοις
501 697 614 754 ἱεραὶ
638 702 859 753 παρθένοι,
901 696 969 749 αἷς
1009 695 1175 741 ἑστῶσα
1219 698 1274 739 δι’
1301 692 1482 752 ἑαυτῆς,
1513 695 1570 747 ὦς
1598 694 1731 752 θερά-

273 783 424 819 παινα,
455 771 544 816 ταῖς
571 768 799 821 τραπέζαις
829 764 1011 822 διηκόνει
1043 766 1068 821 ἢ
1097 763 1299 822 θεόφρων
1319 763 1489 819 Ἑλένη,
1523 764 1593 806 διὰ
1624 781 1732 807 παν-

274 831 346 882 τὸς
369 836 506 882 θείαις
542 830 729 889 μνήμαις
757 833 891 888 αὐτὴν
919 832 1186 889 ἐμακάριζον.
1216 832 1410 890 Εὕσεβίῳ
1441 833 1487 874 δὲ
1515 833 1572 891 τῷ
1599 835 1728 886 Παμ·
1752 847 1786 873 ι(

275 901 402 955 φίλου
430 903 602 954 βίβλους
628 898 748 956 ἱερὰς
767 899 1082 943 κατασκευάσαι
1101 899 1123 941 ὅ
1143 898 1345 954 βασιλεὺς
1366 901 1595 955 προσέταξε
1624 901 1733 958 λόγῳ

274 968 357 1008 τῶν
386 969 610 1022 ἐκκλησιῶν
638 967 1123 1022 Κωνστατινουπόλεως,
1154 965 1389 1024 παρασχών
1419 967 1534 1027 αὐτῷ
1561 965 1636 1010 καί
1659 968 1733 1024 δη-

273 1033 400 1088 μόσια
425 1035 635 1090 χρήματα.

69 1110 263 1146 A.M.5818
390 1099 533 1160 Τούτῳ
569 1104 629 1160 τῷ
666 1100 750 1146 ἔτει
783 1105 1097 1153 Κωνσταντῖνος
1135 1100 1157 1144 ὅ
1199 1104 1331 1158 μέγας
1364 1101 1471 1145 κατὰ
1502 1104 1736 1159 Γερμανῶν

170 1158 261 1192 p·²2
276 1170 348 1210 καί
379 1171 617 1224 ,Σαρματῶν
635 1172 707 1212 καί
734 1168 908 1212 Γότθων
936 1172 1198 1224 στρατεύσας
1227 1172 1343 1226 νίκην
1368 1165 1501 1226 ἤρατο
1529 1168 1735 1223 κραταιάν
1753 1170 1786 1212 1!

278 1234 349 1278 διὰ
380 1237 453 1291 τῆς
478 1238 556 1279 τοῦ
583 1239 724 1290 τιμίου
751 1239 942 1292 σταυροῦ
985 1236 1228 1291 δυνάμεως,
1258 1239 1333 1279 καί
1358 1238 1537 1288 τούτους
1567 1236 1737 1294 ἐρημώ-

277 1319 356 1354 σας
385 1305 444 1354 εἰς
472 1302 657 1359 ἐσχάτην
687 1302 844 1354 αύτούς
873 1303 1081 1361 κατήγαγε
1109 1305 1320 1348 δουλείαν.

372 1473 406 1507 3.
436 1471 635 1521 εὐσεβείας]
660 1471 820 1515 πίστεως
843 1474 882 1508 Α.
1002 1487 1032 1520 7.
1062 1478 1244 1522 πανυχίσι
1266 1477 1341 1510 Par.
1463 1487 1498 1521 9.
1525 1477 1737 1524 τραπέζαις]

369 1519 531 1566 πράξεσι
555 1533 574 1555 e
600 1522 623 1554 f.
799 1522 849 1566 14.
886 1521 905 1558 ὃ
929 1523 1058 1571 μέγας]
1095 1518 1239 1568 νικητὴς
1276 1524 1294 1560 ὃ
1323 1522 1586 1571 εὐσεβέστατος
1608 1525 1637 1559 Α
1664 1538 1683 1559 e
1712 1527 1737 1559 f.

377 1571 427 1603 15.
457 1579 549 1614 quae
584 1569 622 1601 in
646 1569 742 1614 vulg.
780 1577 863 1615 post
890 1571 1119 1617 στρατεύσας
1151 1577 1274 1618 aperte
1317 1579 1486 1618 corrupta
1524 1579 1562 1607 et
1587 1573 1738 1607 confusa

372 1615 558 1660 leguntur:
586 1611 652 1652 τὸν
675 1618 866 1664 Δανοῦβιν
889 1619 1062 1667 περάσας
1087 1621 1264 1667 γεφύραν
1289 1621 1331 1656 ἐν
1359 1620 1457 1667 αὐτῷ
1484 1621 1594 1669 [ἔνθα
1628 1621 1647 1656 ὅ
1670 1625 1738 1669 με’-

370 1676 442 1709 γας
464 1667 754 1705 Κωνσταντῖνος
775 1666 950 1714 γεφύραν
976 1669 1017 1703 ἐν
1042 1669 1091 1715 τῷ
1116 1670 1312 1716 Δανουβίῳ
1339 1668 1472 1717 ἔκτισε]
1495 1671 1642 1711 λιθίνης)
1670 1683 1741 1704 κα·-

370 1711 608 1750 τασκευάσας
639 1723 709 1745 om.
740 1724 819 1746 cum
844 1716 872 1749 A
899 1726 918 1748 e
944 1716 963 1749 f
984 1721 1021 1750 et
1038 1717 1250 1759 Anastasio,
1287 1729 1397 1763 quum
1426 1717 1526 1751 haud
1555 1717 1666 1751 dubie
1696 1730 1741 1752 ex

374 1770 405 1791 a.
433 1759 500 1792 320
525 1758 596 1792 huc
621 1762 840 1806 transposita
866 1763 948 1797 sint.
1115 1762 1231 1811 ἤρατο
1255 1765 1285 1798 Α
1311 1776 1331 1798 a
1359 1777 1377 1798 e
1402 1765 1438 1807 f,
1474 1763 1616 1812 ηὕρατο
1643 1766 1738 1812 vulg.

380 1808 431 1841 16.
457 1810 581 1854 τιμίου
606 1818 675 1841 om.
703 1809 733 1842 A
762 1820 781 1842 e
808 1809 833 1843 f.
961 1822 1012 1857 ¹7·
1038 1811 1224 1860 κατήγαγε
1245 1813 1292 1855 A,
1317 1812 1436 1861 ἤγαγε
1459 1814 1556 1859 vulg.

373 1965 447 1999 Sub
473 1967 568 2001 idem
595 1972 734 2015 tempus
760 1970 867 2005 beata
891 1972 1044 2014 Helena,
1085 1975 1188 2008 annis
1212 1975 1307 2009 vitae
1332 1975 1515 2020 octoginta
1542 1975 1743 2009 numeratis

279 2012 474 2060 multisque
490 2014 709 2050 Christianae
737 2018 833 2051 vitae
859 2022 1060 2067 praeceptis
1086 2023 1160 2056 filio
1191 2024 1339 2064 relictis,
1365 2022 1587 2056 obdormivit
1611 2024 1650 2056 in
1674 2021 1742 2056 do-

278 2060 390 2093 mino.
440 2062 581 2106 sepulta
607 2070 661 2097 est
684 2065 788 2110 Cpoli
812 2067 849 2099 in
875 2068 965 2102 aede
996 2075 1195 2104 sanctorum
1223 2072 1483 2117 apostolorum,
1511 2082 1619 2117 quam
1646 2071 1743 2105 filius

280 2107 357 2141 eius
388 2107 665 2153 Constantinus,
692 2119 734 2146 ut
757 2114 993 2159 imperatores
1018 2117 1211 2152 Christiani
1248 2120 1301 2152 ibi
1333 2125 1417 2165 post
1444 2119 1583 2152 obitum
1611 2118 1742 2152 huma-

278 2161 423 2197 rentur,
450 2163 707 2193 construxerat.
771 2162 884 2205 prima
909 2175 992 2197 vero
1026 2165 1132 2199 beata
1159 2167 1299 2201 Helena
1331 2168 1369 2201 in
1396 2167 1465 2201 hac
1489 2167 1633 2213 sepulta
1659 2167 1743 2208 fuit,

277 2203 500 2237 solemnibus
534 2206 706 2240 ecclesiae
749 2207 873 2242 officiis
900 2216 936 2244 et
976 2214 1160 2247 nocturnis
1199 2215 1327 2259 vigiliis
1366 2215 1558 2249 honorata.
1620 2226 1743 2248 sacrae

275 2255 396 2283 autem
433 2251 782 2296 Hierosolymitanae
821 2258 995 2302 virgines,
1033 2261 1166 2306 quibus
1204 2264 1370 2308 religiose
1413 2263 1458 2297 de
1486 2263 1556 2297 deo
1583 2263 1744 2297 sentiens

276 2296 418 2331 Helena
444 2310 621 2333 servarum
647 2313 747 2335 more.
772 2309 867 2338 stans
900 2308 1055 2352 propriis
1083 2310 1250 2344 manibus
1284 2311 1531 2352 ministrabat,
1559 2311 1634 2355 iugi
1660 2311 1743 2357 pia-

274 2354 346 2390 que
385 2346 634 2381 recordatione
675 2361 806 2385 nomen
836 2353 912 2387 eius
942 2355 1177 2398 celebrantes,
1204 2365 1386 2392 aeternam
1411 2360 1446 2392 ei
1474 2358 1744 2392 beatitudinem

271 2392 524 2448 precabantur.
575 2394 734 2443 denique
760 2398 798 2432 in
826 2401 1054 2436 ecclesiarum
1079 2405 1202 2450 Cpolis
1232 2408 1381 2451 gratiam
1415 2407 1611 2441 Eusebium
1639 2407 1743 2440 Pam-

271 2438 389 2484 plnh,
415 2441 655 2488 suppeditatis
685 2456 729 2478 ex
757 2448 895 2481 aerario
931 2450 1078 2495 publico
1112 2456 1278 2499 expensis
1295 2481 1305 2496 ,
1333 2456 1440 2490 iussit
1461 2456 1660 2502 imperator
1683 2466 1743 2488 sa—

272 2497 349 2520 cros
378 2487 490 2522 libros
516 2491 697 2535 colligere.

366 2535 444 2569 Hoc
468 2548 563 2571 anno
590 2550 740 2583 magnus
777 2541 1037 2579 Constantinus
1073 2547 1309 2592 expeditione
1335 2549 1505 2584 adversus
1531 2551 1745 2592 Germanos,

274 2582 451 2636 Sarmatas
481 2590 518 2618 et
535 2584 691 2620 Gotthos
709 2596 887 2635 suscepta,
912 2599 1120 2628 constructo
1145 2595 1183 2628 in
1202 2596 1384 2639 Danubio,
1410 2610 1518 2644 quem
1541 2599 1763 2645 pertransi-⁴

270 2634 342 2670 vit,
370 2631 516 2677 lapideo
554 2639 690 2679 ponte,
730 2638 955 2672 venerandae
996 2642 1111 2676 crucis
1148 2644 1281 2678 virtute
1318 2647 1508 2680 maximam
1546 2647 1745 2692 reportavit

268 2676 483 2759 victoriam,
523 2679 795 2730 devastati-sque
833 2696 957 2722 eorum
981 2689 1094 2735 agris,
1130 2696 1324 2727 extremam
1351 2694 1388 2729 in
1413 2706 1475 2729 eos
1496 2694 1642 2731 induxit
1663 2705 1742 2730 ser-

269 2735 302 2758 vi
323 2736 344 2758 u
366 2736 432 2761 em.

81 2525 259 2564 A.c.318
