1768 3106
306 142 419 217 49²
877 163 1226 207 THEOPHANIS

305 264 583 308 α’ποσταλεῖσι
608 266 870 321 τρισχιλίοις,
900 265 974 308 καί
1002 267 1235 308 α’κολουθεῖ
1258 264 1393 308 ὀπίσω
1414 265 1560 309 αὐτοῦ.
1616 268 1688 309 καί
1714 283 1766 309 κα

306 331 507 386 ταλαβών
537 331 615 389 τήν
643 336 822 387 Νινευί,
850 333 924 376 καί
956 333 1148 389 περάσας
1181 333 1203 375 ὃ
1229 333 1432 387 βασιλεὺς
1459 332 1529 376 τὸν
1556 336 1690 389 μέγαν
1714 350 1767 376 πο

306 399 441 455 ταμὸν
467 402 618 455 Ζαβιῐν
645 401 726 457 πρὸ
755 405 834 443 τοῦ
862 403 1019 455 γνῶναι
1049 401 1121 443 τὸν
1136 399 1354 457 Χοσρόην.
1379 402 1544 452 κέλάσας
1572 403 1619 446 δὲ
1639 403 1680 444 Γ
1678 401 1768 457 εώρ.

305 483 398 522 γιος
425 470 548 521 μίλια
590 467 660 524 μη’
705 467 777 511 διὰ
826 471 900 525 τῆς
940 467 1090 519 νυκτὸς
1119 469 1349 524 ἐκράτησεν
1378 467 1456 519 τὰς
1480 471 1691 526 τέσσαρας
1718 485 1764 524 γε

309 535 456 592 φύρας
492 537 572 578 τοῦ
612 539 770 592 μικροῦ
803 538 958 591 Ζαβᾶ·
1029 536 1101 578 καί
1127 535 1269 592 εὑρών
1314 538 1359 579 ἑν
1405 542 1494 587 τοῖς
1528 539 1764 580 καστελλιόι

309 605 505 660 Πέρσας,
534 604 707 654 τούτους
733 602 986 661 ἐζώγρησεν.
1045 606 1099 662 τῇ
1128 606 1174 647 δὲ
1203 604 1259 659 κγ’
1301 606 1380 647 τοῦ
1409 606 1675 661 Δεκεμβρίου
1705 620 1765 659 μη

309 669 378 720 νὸς
407 669 584 727 φθάσας
614 669 637 713 ὅ
664 671 870 727 βασιλεὺς
898 674 960 722 εἷς
987 670 1065 721 τὰς
1101 670 1294 728 γεφύρας
1319 673 1539 730 ἐπέρασεν,
1568 673 1642 714 καί
1668 672 1768 726 η’πλι

310 754 462 781 κευσεν
490 741 551 788 εἰς
587 738 689 790 τούς
735 738 876 791 οἴκους
913 741 990 782 τοῦ
1026 742 1210 793 Ἰεσὸέμ·
1289 741 1363 783 καί
1400 741 1617 783 ἀνέπαυσε
1645 737 1716 781 τόν
1743 756 1765 781 τ

273 805 499 863 Βστρατόν
525 808 599 850 καί
630 806 680 850 τὰ
723 803 857 863 ἄλογα
873 844 884 865 ,
916 809 991 851 καί
1015 806 1186 863 ἐποίησε
1213 808 1292 864 τήν
1322 804 1470 864 ἑορτὴν
1491 808 1568 864 τῆς
1596 809 1768 863 Χριστσ

309 874 541 930 γεννήσεως
565 876 611 917 ἐν
639 874 783 935 ἐκείνῳ
810 877 868 934 τῷ
895 874 1021 934 τόπῳ.
1053 874 1178 930 γνούς
1208 877 1256 917 δὲ
1283 874 1308 917 ὅ
1336 874 1534 931 Χοσρόης
1560 869 1634 927 ,ὅτι
1666 873 1768 929 ἐκρά

310 958 447 997 τησαν
474 942 511 984 οὶ
537 942 751 995 ςΡωμαῖοι
779 941 858 993 τὰς
882 941 1076 1000 γεφύρας
1100 946 1178 985 τοῦ
1198 944 1359 1000 μικροῦ
1375 945 1514 999 Ζαβᾶ,
1544 943 1765 985 ἀπέστειλε

310 1008 420 1065 πρὸς
450 1008 521 1052 τὸν
565 1009 782 1065 Περσικὸν
822 1009 927 1053 λαὸν
963 1010 1034 1053 τὸν
1070 1008 1175 1064 μετὰ
1214 1012 1293 1053 τοῦ
1313 1007 1551 1064 Ῥαζὰτου,
1581 1009 1652 1052 ἵνα
1673 1014 1768 1051 ’πολτ

310 1076 592 1121 σπουδάσωσι
622 1079 696 1120 καί
723 1078 975 1133 προλάβωσι
1010 1078 1084 1122 τὸν
1111 1080 1305 1135 βασιλέα,
1334 1078 1410 1121 καί
1436 1079 1655 1120 α’πὲλθωσι
1685 1076 1766 1130 πρὸ

313 1144 458 1188 αὐτόν.
516 1144 775 1196 σπεύσαντες
802 1149 851 1189 δὲ
881 1147 1006 1190 αὐτοὶ»
1034 1149 1108 1190 καί
1129 1145 1388 1203 περάσαντες
1415 1146 1488 1190 τόν
1515 1143 1668 1201 μικρὸν
1699 1147 1766 1186 Ζα

315 1215 400 1267 βᾶν
440 1215 487 1256 ἑν
526 1208 670 1263 ἄλλοις
707 1214 853 1264 τόποις
881 1218 1169 1270 προεποιήσαν
1191 1212 1281 1256 τὸν
1307 1214 1504 1269 βασιλέα,
1533 1213 1607 1254 καί
1634 1209 1768 1266 &jimna

314 1284 421 1324 σθεν
449 1279 712 1336 ἐπορεύοντο.
771 1282 1026 1337 καταλαβών
1055 1283 1103 1326 δὲ
1132 1279 1154 1324 ὃ
1184 1280 1389 1337 βασιλεύς
1421 1279 1560 1337 ἕτερον
1587 1277 1768 1323 παλάτιο

313 1350 393 1390 τοῦ
406 1347 624 1404 Χοσρόου,
655 1348 700 1392 τὸ
735 1350 1028 1405 ἐπιλεγόμενον
1050 1350 1225 1406 Poma,
1246 1352 1320 1392 καί
1340 1351 1466 1393 τοῦτο
1494 1349 1768 1404 κατέστρεψε]

315 1414 526 1473 ὑφωρᾶτο
555 1418 603 1459 δὲ
631 1413 696 1459 ὅτι
718 1419 764 1461 ἐν
791 1419 843 1476 τῇ
866 1415 1036 1475 γεφύρᾳ
1065 1419 1144 1459 τοῦ
1179 1418 1319 1474 Τορνᾶ
1347 1417 1542 1471 ποταμοῦ
1574 1414 1615 1458 οἱ
1643 1415 1768 1470 ἐχθρι

279 1488 519 1539 Οπολεμεῖν
547 1485 682 1528 αὐτόν
711 1485 954 1540 μέλλουσιν.
1013 1484 1120 1528 α’λλοὶ
1149 1486 1274 1528 τοῦτο
1298 1484 1469 1540 ἰδόντες,
1494 1482 1768 1526 καταλιπόντι

316 1550 396 1608 τήν
422 1555 618 1610 γέφυραν
646 1551 819 1611 ἔφυγον.
877 1550 898 1595 ὅ
928 1555 976 1597 δὲ
1004 1552 1210 1609 βασιλεύς
1235 1550 1427 1610 περάσας
1458 1551 1688 1601 α’κωλὺτως
1715 1567 1768 1593 κα

416 1685 446 1708 ι.
473 1671 722 1709 ἅποσταλεῖσι
746 1673 789 1714 Α,
818 1675 985 1710 σταλεῖσι
1009 1674 1105 1720 vulg.
1205 1684 1238 1707 2.
1260 1668 1437 1721 ποταμὸν
1461 1667 1531 1707 oin.
1553 1673 1579 1706 A
1609 1672 1635 1707 f.
1758 1677 1768 1704 ι

411 1717 476 1756 διὰ
501 1723 564 1767 τῆς
588 1716 723 1762 νυκτὸς
746 1721 832 1756 add.
861 1734 906 1756 ex
929 1724 970 1756 A.
1108 1723 1141 1758 5.
1167 1723 1322 1762 κελλίοις
1348 1725 1389 1756 A.
1530 1731 1581 1755 ια.
1609 1718 1701 1755 κατὰ
1729 1733 1768 1756 το

407 1769 456 1804 Ῥ.
486 1769 511 1805 b
541 1782 573 1804 e.
677 1772 730 1808 15.
756 1774 1048 1819 προσεποίησαν
1063 1771 1104 1805 Α.
1191 1782 1243 1817 ¹7·
1273 1771 1339 1805 καὶ
1361 1770 1469 1808 τοῦτο
1493 1769 1536 1812 Α,
1563 1769 1671 1805 τοῦτο
1697 1769 1768 1814 vulg

317 1885 482 1933 periculo
507 1887 683 1933 elapsum,
709 1888 829 1922 tribus
852 1888 1043 1923 hominum
1073 1888 1236 1922 millibus
1267 1899 1287 1921 a
1311 1887 1472 1922 chosroe
1505 1898 1545 1920 se
1571 1885 1768 1920 adiunxisse

317 1941 356 1968 et
381 1947 462 1969 eum
490 1947 508 1969 e
534 1937 685 1981 vestigio
709 1937 813 1983 sequi
840 1937 1038 1983 imperator
1063 1937 1271 1971 intellexit:
1297 1947 1408 1982 quare
1433 1936 1602 1970 Ninivem
1628 1945 1764 1980 occupa

316 1988 356 2016 et
382 1983 480 2028 prius
505 1995 673 2029 magnum
702 1984 851 2019 fluvium
877 1985 1007 2019 Zabam
1033 1985 1181 2026 traiicit,
1206 1996 1314 2031 quam
1331 1984 1507 2018 Chosroes
1533 1982 1579 2016 de
1606 1983 1682 2015 eius
1706 1993 1768 2016 con

317 2031 408 2064 siliis
434 2032 614 2077 percipiat
638 2034 845 2079 quicquam.
874 2033 1054 2079 Georgius
1069 2059 1078 2075 ‚
1101 2034 1255 2066 emensis
1281 2043 1348 2078 per
1371 2037 1516 2065 noctem
1543 2029 1686 2064 unicam
1709 2041 1768 2075 pas

316 2090 423 2112 suum
447 2080 615 2114 millibus
638 2081 878 2127 quadraginta
904 2088 999 2123 octo,
1030 2087 1190 2127 quatuor
1213 2081 1362 2113 minoris
1385 2079 1499 2113 Zabae
1526 2084 1658 2124 pontes
1684 2090 1768 2111 occu

316 2128 436 2172 pavit,
464 2134 704 2174 repertosque
741 2141 806 2176 per
844 2130 944 2164 varia
977 2129 1249 2175 propugnacula
1274 2129 1397 2162 Persas
1433 2133 1582 2160 cunctos
1609 2126 1768 2160 custodia

315 2175 467 2208 militari
495 2177 726 2221 mancipavit.
786 2178 896 2223 igitur
922 2178 1134 2211 Decembris
1169 2177 1229 2210 die
1262 2176 1436 2219 vigesimo
1461 2175 1572 2209 tertio
1598 2175 1768 2220 imperat(

316 2222 363 2255 ad
388 2229 518 2268 pontes
544 2224 742 2259 adveniens
773 2237 904 2271 aquam
929 2226 1085 2267 traiecit,
1111 2231 1149 2258 et
1166 2224 1213 2257 ad
1235 2223 1376 2257 Iesdern
1404 2223 1532 2257 domos
1563 2228 1679 2257 castra
1703 2223 1764 2255 fixi

315 2271 491 2304 exercitui
528 2283 548 2304 a
586 2273 710 2306 labore
739 2272 843 2307 dedit
869 2273 1056 2315 inducias,
1089 2284 1201 2318 equos
1233 2271 1364 2304 itinere
1400 2271 1619 2316 defatigatos
1647 2270 1768 2304 refice:

314 2319 491 2365 permisit,
523 2325 558 2353 et
596 2320 635 2354 iu
663 2321 792 2354 eodem
834 2321 978 2355 demum
1018 2321 1100 2355 loco
1136 2319 1272 2354 Christi
1309 2321 1559 2354 natalitiorum
1598 2318 1765 2352 celebrav

315 2367 599 2401 solemnitatem.
668 2368 847 2403 Chosro'es
886 2370 1035 2402 minoris
1064 2368 1177 2401 Zabae
1201 2372 1331 2413 pontes
1356 2379 1376 2400 a
1404 2368 1573 2401 Romanis
1601 2372 1768 2412 occupat(

317 2415 383 2448 ubi
408 2415 614 2456 intellexit,
641 2415 687 2448 ad
712 2417 892 2451 Persicum
926 2418 1144 2457 exercitum,
1169 2416 1233 2462 qui
1262 2415 1418 2449 Rhazate
1459 2415 1552 2449 duce
1575 2414 1763 2448 merebatu

319 2469 361 2497 ut
386 2475 495 2509 quam
535 2463 708 2497 citissimo
743 2476 847 2497 cursu
884 2464 1162 2505 contenderent,
1207 2469 1244 2497 et
1267 2464 1495 2510 imperatoris
1524 2469 1622 2497 trans
1647 2463 1768 2497 fluviul

318 2512 453 2545 itinere
478 2511 695 2557 praepedito·
723 2524 801 2545 cum
828 2523 872 2545 eo
902 2512 1221 2557 congrederentur,
1267 2512 1407 2546 scribit.
1456 2512 1513 2544 illi
1539 2511 1674 2545 festino
1701 2510 1768 2556 ped

319 2561 386 2593 lati
411 2560 589 2594 minorem
614 2559 743 2594 Zabam
769 2561 1001 2601 traiecerunt,
1030 2566 1067 2594 et
1094 2572 1158 2605 per
1195 2560 1267 2592 alia
1294 2560 1465 2605 deinceps
1490 2560 1570 2594 loca
1597 2560 1768 2604 imperate

320 2619 397 2641 rem
424 2613 709 2654 praevertentes‚
735 2620 818 2641 eum
848 2609 888 2642 in
916 2608 1176 2642 metationibus
1202 2607 1381 2641 habendis
1396 2607 1677 2655 praecedebant.
1729 2607 1768 2639 in

320 2661 468 2701 perator
493 2655 540 2689 ad
566 2654 668 2689 aliud
692 2655 863 2690 Chosrois
888 2657 1086 2702 palatium,
1113 2658 1170 2690 cui
1196 2660 1331 2691 nomen
1357 2657 1463 2697 Rusa,
1488 2655 1678 2701 digressus,
1702 2654 1768 2688 illu

320 2704 489 2738 funditus
517 2704 658 2738 evertit.
718 2716 765 2737 ne
803 2715 889 2738 vero
915 2704 960 2737 ad
990 2705 1135 2738 'fornae
1173 2705 1333 2738 fluminis
1359 2710 1509 2750 pontem
1538 2715 1619 2736 eum
1647 2702 1768 2736 invade

323 2758 405 2785 rent
426 2751 574 2793 hostes,
602 2751 818 2786 verebatur:
850 2764 975 2787 verum
1014 2763 1056 2786 eo
1089 2759 1280 2799 praesente
1317 2758 1527 2797 conspecto,
1562 2751 1689 2784 relicto
1714 2761 1768 2783 me

322 2805 449 2846 ponte,
474 2801 513 2836 iu
539 2801 659 2848 sugam
684 2813 722 2836 se
751 2800 897 2842 dedere.
946 2802 1143 2850 imperator
1166 2802 1271 2838 nullo
1296 2800 1500 2837 obsistente
1518 2800 1655 2835 flumen
1680 2804 1768 2834 tran:
