1786 3204
244 150 274 184 2
282 149 356 184 ΟΟ
804 148 1102 190 THEOPHAN
1109 150 1153 190 lS

238 247 313 292 καί
341 249 449 306 πρὸς
478 250 638 301 πάντας
671 250 718 292 δὲ
744 249 845 300 τούς
874 252 946 306 τῆς
977 248 1186 306 ἀνατολῆς
1217 245 1430 304 ἄρχοντας
1459 246 1615 304 καὶτῆς
1633 249 1719 292 Αἶ-

236 316 399 372 γύπτου
430 315 506 360 καί
528 318 604 372 τῆς
617 318 790 375 Λιβύης
812 319 1007 374 ἐποίησεν
1020 315 1195 373 σάκρας,
1226 314 1334 359 aiore
1362 317 1567 370 δέξασθαι
1579 315 1717 360 Λεόν-

234 400 327 427 τιον
353 385 533 438 βασιλέα
576 387 649 427 καί
673 384 733 441 μη
763 387 1017 439 ἀντιστῆναι.

23 459 220 506 Α.Μ.5974
344 451 669 509 Ἀλεξανδρειας
707 450 941 496 ἐπισκόπου
962 491 964 495 ,
986 450 1183 495 Ἰωάννου
1238 453 1317 495 τοῦ
1361 452 1718 507 Ταβεννισιώτου,

197 520 495 574 ΒἈντιοχειάς
524 518 758 563 ἐπισκόπου
788 518 1102 571 Καλανδίωνος
1132 517 1225 570 ἔτος
1250 517 1303 563 α’.
1733 524 1758 565 5

117 595 162 629 V.
177 596 224 643 89
354 584 498 646 Τούτῳ
527 589 585 646 τῷ
617 585 706 630 ἔτει
735 589 1069 642 καταλαβουσῶν
1096 589 1181 630 τῶν
1196 585 1366 644 σάκρων
1393 588 1469 643 τῆς
1498 589 1719 644 δεσποίνης

233 655 415 710 Βερίνης
443 653 519 696 καί
550 654 931 710 ἀναγνωσθεισῶν,
967 642 1028 697 ὧν
1055 652 1081 711 ἦ
1113 654 1294 712 περιοχὴ
1335 652 1497 706 οὕτως·
1557 656 1717 710 Βερίνα

234 721 454 777 αὖγούστα
503 727 590 773 τοῖς
646 719 867 778 ἡμετέροις
909 717 1097 778 ἄρχουσι
1140 723 1214 764 καὶ
1264 723 1559 780 φιλοχρίστοις
1598 727 1719 773 λαοῖς

232 791 418 846 χαίρειν.
474 787 565 831 ἴστε
594 784 662 832 ὅτι
693 787 738 832 τὸ
766 788 985 844 βασίλειον
1014 787 1220 845 ἡμέτερόν
1248 792 1378 845 ἐστιν,
1407 791 1482 833 καί
1511 785 1573 833 ὅτι
1604 788 1717 844 μετὰ

235 855 311 912 την
354 852 589 910 ἆποβίωσιν
632 859 712 899 τοῦ
751 857 857 911 ἐμοῦ
893 856 1051 915 α’νδρὸς
1081 860 1270 909 Λέοντος
1312 856 1715 915 προεχειρησάμεθα
1737 875 1786 902 ιο

236 926 420 979 βασιλέα
467 927 505 966 Τ
504 928 865 981 ρασκαλισσαῖον,
906 923 979 968 τὸν
1018 924 1338 982 μετακληθέντα
1367 926 1574 981 Ζήνωνα,
1609 922 1718 967 ὥστε

238 989 426 1047 ὑπήκοον
454 993 822 1048 ἑπιβελτιωθῆναι.
895 991 1075 1049 ὅρῶντες
1115 995 1163 1036 δὲ
1193 992 1269 1050 τὴν
1299 996 1514 1036 πολιτείαν
1542 993 1721 1036 κατόπιν

238 1059 476 1117 φερομένην
502 1061 548 1101 ἑκ
577 1061 650 1114 τῆς
679 1055 817 1102 αὐτοῦ
845 1061 1083 1117 α’πληστίας
1105 1096 1116 1118 ,
1174 1062 1404 1116 α’ναγκαῖον
1435 1057 1720 1116 ἐλογισάμεθα

200 1129 420 1182 (ζβασιλέα
457 1123 562 1181 ὑμῖν
601 1129 762 1182 στέψαι
808 1126 1062 1186 χριστιανὸν
1107 1128 1304 1187 εὐσεβείᾳ
1351 1127 1425 1171 καί
1473 1127 1718 1185 δικαιοσύνῃ

238 1197 578 1251 κεκοσμημένον,
610 1195 680 1237 ἵνα
718 1193 772 1238 τά
803 1211 850 1237 τε
880 1196 951 1251 τῆς
981 1198 1194 1247 πολιτείας
1222 1196 1440 1254 περισώσῃ
1471 1193 1721 1252 πράγματα,
1740 1201 1786 1243 15

237 1260 314 1304 καί
352 1260 398 1305 τὸ
426 1260 652 1322 πολεμικὸν
691 1260 864 1318 ἡσύχως
901 1259 993 1321 ἄξῃ.
1052 1265 1291 1318 έστέψαμεν
1333 1265 1381 1306 δὲ
1409 1263 1619 1306 Λεόντιον
1649 1263 1722 1306 τὸν

238 1325 543 1383 εὐσεβέστατον
586 1332 769 1384 βασιλέα
804 1330 1054 1385 Ῥωμαίων,
1085 1329 1129 1381 ὃς
1169 1323 1330 1381 πάντας
1371 1330 1484 1385 ὑμᾶς
1523 1330 1722 1387 προνοίας

239 1393 428 1449 ἀξιώσει.
497 1395 535 1441 οἱ
581 1398 629 1443 δὲ
670 1397 976 1453 ἀποδεξάμενοι
1016 1397 1276 1457 εὐφήμησαν
1303 1397 1377 1443 τὸν
1408 1397 1614 1444 Λεόντιον
1641 1401 1721 1454 βα-

241 1466 379 1510 σιλέα.

341 1627 374 1650 2.
403 1615 555 1662 σάκραν
579 1628 611 1650 a.
731 1618 767 1652 6.
793 1616 870 1652 τῶν
896 1616 1049 1665 σὰκρων
1074 1629 1144 1650 om.
1172 1628 1204 1658 a,
1239 1615 1529 1662 καταλαβόντων
1553 1615 1628 1653 τῶν
1654 1625 1723 1651 σα-

342 1665 448 1709 κρῶν
471 1666 566 1710 vulg.
685 1676 718 1711 7.
745 1658 814 1713 ὧν]
842 1663 887 1708 ἦν
911 1665 951 1698 Α.
1054 1667 1088 1699 8.
1114 1671 1190 1705 τοῖς
1215 1665 1257 1706 A,
1285 1665 1350 1710 τῆς
1374 1665 1471 1710 vulg.
1600 1675 1651 1698 ια.
1683 1664 1723 1699 δὲ

341 1709 410 1755 τὴν
437 1712 490 1755 Α,
519 1713 560 1751 δὲ
583 1713 649 1747 καὶ
673 1709 740 1756 τὴν
766 1725 812 1756 a,
842 1713 882 1749 δὲ
906 1713 977 1751 νῦν
1003 1715 1068 1748 καὶ
1101 1709 1169 1758 τὴν
1194 1714 1291 1759 vulg.
1422 1715 1474 1748 16.
1503 1711 1568 1762 ἄξῃ
1597 1713 1638 1754 Α,
1664 1712 1722 1761 ἓξιη

341 1761 437 1807 vulg.
555 1762 698 1808 ἔστεψα
724 1762 766 1795 Α.

249 1899 503 1945 imperatorem
519 1900 759 1946 susciperent,
786 1911 828 1933 ac
853 1900 1002 1946 insuper
1015 1900 1062 1934 ad
1089 1911 1212 1934 omnes
1238 1899 1403 1940 orientis,
1433 1898 1585 1945 Aegypti
1614 1904 1724 1945 atque

250 1947 384 1991 Libyae
415 1948 617 1993 praefectos
641 1959 756 1981 sacras
781 1949 891 1982 etiam
913 1948 1026 1990 dedit,
1044 1953 1085 1982 ut
1111 1947 1305 1981 Leontium
1331 1948 1587 1993 imperatorem
1613 1959 1726 1993 agno-

251 2001 396 2028 scerent
438 2007 506 2029 nec
534 1996 610 2028 ulla
634 1997 776 2029 ratione
806 2002 931 2030 contra
952 1997 1150 2030 obstarent.

63 2046 105 2082 A.
118 2046 158 2080 C.
172 2046 240 2092 474
347 2043 588 2076 Alexandriae
622 2044 784 2090 episcopi
812 2045 960 2078 Ioannis
988 2043 1287 2084 Tabennisiotae‚
1314 2042 1530 2077 Antiochiae
1560 2042 1726 2089 episcopi

253 2090 489 2125 Calandionis
518 2103 633 2125 annus
657 2093 804 2137 primus.

347 2139 424 2172 Hoc
463 2151 559 2173 anno
596 2139 767 2173 dominae
803 2139 959 2173 Verinae
996 2151 1114 2172 sacrae
1142 2138 1286 2172 delatae
1324 2143 1410 2172 sunt
1448 2144 1485 2172 et
1525 2138 1643 2185 palam
1671 2138 1726 2172 le-

252 2192 353 2221 ctae:
380 2187 435 2220 his
465 2193 585 2220 autem
606 2187 724 2221 verbis
751 2193 949 2233 conceptae
977 2187 1133 2221 fuerant.
1182 2187 1318 2220 Verina
1349 2192 1500 2231 augusta
1535 2187 1727 2232 praefectis

252 2235 386 2269 nostris
419 2240 456 2268 et
483 2234 661 2269 Christum
690 2235 894 2269 amantibus
931 2235 1077 2281 populis
1116 2235 1283 2269 salutem.
1344 2234 1537 2280 imperium
1562 2240 1724 2269 nostrum

254 2294 334 2317 esse
359 2283 531 2324 novistis,
576 2289 613 2316 et
637 2289 722 2329 post
746 2284 878 2317 Leonis
903 2284 1067 2328 coniugis
1106 2282 1291 2316 decessum
1319 2282 1638 2324 Trascalissaeum,
1664 2283 1725 2328 qui

252 2330 484 2380 postmodum
509 2332 603 2364 Zeno
627 2337 859 2376 nuncupatus
890 2337 956 2372 est,
983 2331 1239 2376 imperatorem
1267 2331 1626 2372 renunciaveramus,
1656 2331 1728 2364 rei-

253 2380 424 2426 publicae
454 2378 490 2412 in
518 2379 707 2412 meliorem
735 2385 865 2413 statum
903 2377 1126 2412 revocandae
1160 2390 1260 2424 spem
1289 2378 1492 2412 habentes:
1517 2391 1614 2414 nunc
1642 2390 1727 2412 vero

254 2439 337 2461 cum
362 2438 441 2460 earn
478 2427 517 2460 in
558 2426 720 2460 deterius
760 2427 935 2461 inclinare
966 2432 1002 2460 et
1037 2426 1084 2459 ob
1114 2426 1376 2472 inexplebilem
1404 2426 1507 2460 istius
1543 2426 1728 2473 cupidita-

253 2481 327 2510 tem
364 2474 493 2509 cadere
527 2486 735 2515 cernamus,
776 2474 879 2509 vobis
923 2475 1180 2520 imperatorem
1216 2474 1457 2508 Christianum
1504 2479 1541 2509 et
1589 2475 1728 2521 pietate

254 2535 372 2570 aeque
398 2534 440 2557 ac
463 2523 602 2557 institia
627 2528 795 2556 ornatum
829 2534 1003 2556 coronare
1028 2534 1213 2556 necessum
1245 2522 1430 2557 duximus:
1457 2528 1499 2557 ut
1523 2522 1727 2568 rempubli-

254 2583 331 2605 cam
366 2571 499 2605 salvam
537 2576 698 2616 praestet
737 2570 951 2616 bellumque
984 2569 1172 2604 moderate
1197 2576 1309 2617 atque
1343 2570 1544 2617 prudenter
1570 2570 1729 2605 admini-

254 2625 357 2654 stret.
407 2619 598 2653 Leontium
622 2619 732 2664 igitur
765 2619 965 2665 piissimum
993 2619 1232 2652 Romanorum
1259 2621 1512 2665 imperatorem
1537 2619 1728 2652 coronavi-

256 2679 347 2709 mus,
373 2667 438 2714 qui
462 2679 526 2701 vos
550 2678 674 2702 omnes
701 2678 786 2700 cura
810 2678 873 2714 sua
898 2672 1009 2713 atque
1041 2666 1270 2712 providentia
1308 2667 1525 2712 dignabitur.
1580 2667 1637 2700 illi
1666 2678 1728 2701 ⁴sa-

256 2716 325 2748 cris
373 2715 530 2764 acceptis
571 2715 763 2751 Leontium
809 2715 1064 2764 imperatorem
1119 2716 1247 2752 t'austis
1295 2715 1621 2751 acclamationibus
1663 2726 1728 2750 ex-

256 2774 398 2811 cepere.
1463 2775 1466 2777 ’
