1786 3204
250 125 363 194 234
808 146 1158 188 THEOPHAMS

245 243 508 304 ταράξαντας
551 246 629 303 τὴν
657 246 870 304 ἀνατολήν
904 250 979 291 καί
1021 241 1107 292 ὦδε
1136 249 1275 290 ταῦτα
1304 245 1585 304 πράσσοντας.
1642 250 1730 294 'lw-

246 314 373 371 άννης
405 315 453 357 δὲ
483 314 507 359 ὅ
531 314 756 366 ἐπίσκοπος
777 311 1111 372 Ἀλεξανδρείας
1139 317 1355 370 δισχιλίας
1376 317 1522 372 λίτρας
1544 318 1729 373 χρυσίου

247 381 382 425 δίδειν
414 381 624 437 ὑπέσχετο
668 386 728 441 τῷ
758 387 955 439 βασιλεῖ’,
999 384 1041 426 εἰ
1080 382 1157 439 τήν
1186 385 1231 426 ἐν
1278 383 1527 441 Χαλκηδόνι
1555 382 1732 428 σύνοδον

246 452 423 505 ἐκβαλεῖ
445 452 628 501 τελείως.
699 450 723 493 ὅ
749 453 797 494 δὲ
824 449 1031 507 βασιλεῦς
1075 449 1311 507 ἠνάγκαζεν
1341 449 1617 496 Μακεδόνιον
1645 468 1730 495 κοι-

243 515 432 575 νωνῆσαι
459 524 546 568 τοῖς
588 515 930 575 ἇποκρισιαρίοις
961 516 1155 563 Ἰωάννου
1196 518 1272 561 καί
1295 518 1491 576 Ἰωάννην
1521 521 1770 573 δέξασθαιό

243 585 304 642 μή
339 585 566 642 δεχόμενον
593 589 702 644 μηδὲ
743 587 1000 642 ἐκβάλλοντα
1028 585 1104 642 την
1132 586 1326 631 σύνοδον.
1383 585 1652 638 Μακεδόνιος
1683 589 1731 630 δὲ

244 655 419 711 α’ντέστη
449 655 602 698 εἰπών·
673 654 731 712 μὴ
764 660 979 698 κοινωνεῖν
1017 655 1167 704 αὐτοῖς
1198 687 1209 706 ,
1243 654 1284 697 εἰ
1308 653 1367 711 μή
1397 651 1731 712 ὁμολογήσουσιν

204 732 233 768 C
244 725 406 780 μητέρα
451 725 524 766 καί
562 723 820 767 διδάσκαλον
844 721 922 779 τήν
953 723 1000 766 ἐν
1028 720 1275 780 Χαλκηδόνι
1299 720 1491 766 σύνοδον.
1567 723 1731 767 Δευτέ-

243 806 336 847 ριος
362 792 409 834 δὲ
442 789 465 834 ὅ
494 791 720 841 ἐπίσκοπος
752 792 835 833 τῶν
861 790 1099 845 Ἀρειανῶν
1130 791 1207 832 τοῦ
1237 789 1480 843 Βυζαντίου
1510 791 1731 846 βαπτίζων

241 858 334 901 τινα
373 859 594 914 βάρβαρον
635 859 862 914 λεγόμενον
901 856 1018 914 παρὰ
1057 856 1133 914 τὴν
1173 855 1428 914 δεσποτικήν
1471 855 1729 913 παράδοσιν,
1749 874 1786 902 ιε

243 927 475 984 ἐτόλμησεν
513 927 670 970 εἰπεῖν·
745 927 1001 982 βαπτίζεται
1045 924 1267 982 βάρβαρος
1312 927 1374 977 εἰς
1402 925 1449 971 τό
1492 920 1627 981 ὄνομα
1656 927 1732 968 τοῦ

242 994 402 1052 πατρὸς
445 996 501 1037 δι’
533 993 630 1037 υἱοῦ
656 995 701 1037 ἐν
735 993 841 1053 ἁγίῳ
869 994 1095 1048 πνεύματι.
1171 994 1244 1037 καί
1268 994 1433 1044 εὐθέως
1462 992 1673 1050 ἐξηράνθη
1703 992 1729 1049 ἧ

240 1062 538 1119 κολυμβήθρα.
613 1063 637 1105 ὅ
674 1064 722 1105 δὲ
749 1059 972 1119 βάρβαρος
1020 1060 1209 1119 ἔμφοβος
1247 1062 1468 1117 γενόμενος
1496 1059 1628 1119 ἔφυγε
1659 1062 1733 1103 καὶ

240 1134 373 1175 πᾶσιν
417 1129 622 1187 ἐγνώρισε
667 1128 714 1173 τό
745 1131 912 1184 θαῦμα.
988 1128 1010 1172 ό
1042 1131 1088 1172 δὲ
1121 1129 1326 1185 βασιλεὺς
1358 1130 1627 1173 Μακεδόνων
1658 1128 1733 1172 τόν

244 1197 739 1249 Κωνσταντινουπόλεως
769 1197 1006 1255 ἠνάγκαζεν
1036 1198 1352 1252 α’ναθεματίσαι
1375 1197 1453 1254 τήν
1481 1198 1527 1240 ἐν
1556 1199 1730 1253 Χαλκη-
1748 1199 1786 1241 ιΞ

195 1267 335 1310 Βδόνι
361 1266 556 1321 σύνοδον,
585 1264 782 1322 καθάπερ
811 1264 886 1308 καί
908 1265 1062 1315 Ἠλίας
1093 1262 1116 1308 ὅ
1136 1263 1464 1323 Ἱεροσολύμων·
1493 1264 1516 1308 ὅ
1546 1266 1594 1308 δὲ
1623 1267 1730 1308 Ma-

239 1336 426 1386 κεδόνιος
466 1333 606 1391 χωρίς
650 1335 944 1389 οἰκουμενικῆς
978 1332 1162 1376 συνόδου
1200 1332 1384 1390 ἐχούσης
1419 1331 1629 1390 πρόεδρον
1655 1331 1733 1380 τὸν,

232 1400 399 1460 Ῥώμης
452 1403 678 1446 ἐπίσκοπον
726 1401 943 1445 ἀδύνατον
991 1399 1131 1457 ἔλεγεν
1181 1403 1308 1444 τοῦτο
1349 1402 1542 1458 ποιῆσαι.
1627 1396 1730 1443 ὅθεν

237 1468 456 1528 ἐχθράνας
495 1471 612 1530 αὐτῷ
643 1469 666 1513 ὅ
693 1469 924 1526 βασιλεύς,
965 1468 1067 1520 τούς
1106 1466 1452 1528 προσφεύγοντας
1497 1470 1549 1527 τῇ
1578 1470 1729 1525 ἐκκλη-

341 1643 370 1666 ι.
397 1632 564 1678 ταράξας
600 1634 625 1667 Α
650 1633 685 1667 b.
784 1635 849 1668 καὶ
873 1628 961 1673 τούς
988 1632 1110 1668 ταῦτα
1136 1632 1163 1666 Α
1190 1644 1223 1674 e,
1252 1633 1318 1668 καὶ
1344 1630 1394 1670 ὥς
1419 1630 1536 1666 ταῦτα
1562 1641 1594 1663 a.
1691 1630 1725 1674 4.

334 1682 481 1727 ἐκβαλεῖ
497 1683 538 1722 Α,
569 1682 700 1730 ἐκβάλῃ
726 1682 823 1727 vulg.
922 1682 957 1716 6.
989 1680 1197 1729 δεχόμενον
1218 1681 1314 1728 μηδὲ
1341 1681 1381 1722 Α,
1411 1678 1621 1727 δεχόμενον
1659 1677 1728 1711 αὗ-

331 1726 398 1766 τὸν
419 1730 515 1777 μηδὲ
543 1731 635 1774 vulg.
806 1742 839 1776 7.
880 1728 1186 1778 ὁμολογήσουσιν
1210 1731 1260 1771 Α,
1301 1728 1593 1777 ὁμολογήσωσιν
1629 1727 1726 1771 vulg.

331 1791 367 1824 9·
392 1778 457 1814 τοῦ
482 1780 689 1820 Βυζαντίου
724 1778 807 1812 add.
837 1789 881 1811 ex
907 1778 948 1811 A.
1124 1779 1174 1813 16.
1200 1776 1220 1813 ὃ
1246 1783 1331 1811 ante
1362 1776 1446 1824 Ἶερ.
1482 1775 1564 1809 add.
1603 1785 1647 1808 ex
1686 1775 1726 1808 A.

338 1839 394 1908 1⁶5.¹
420 1824 488 1864 τὸν
501 1826 641 1875 Ῥώμης
666 1828 708 1870 A,
733 1830 798 1871 τῆς
818 1825 866 1861 Ῥ.
894 1826 989 1871 vulg.
1094 1838 1146 1874 ¹9·
1173 1824 1499 1874 προσφεύγοντας
1520 1824 1568 1866 Α,
1603 1835 1728 1871 προφ.

332 1886 379 1908 VU
399 1886 431 1920 g·
1714 1888 1725 1899 '

240 2018 364 2048 centas
388 2014 467 2047 auri
495 2014 609 2048 libras
636 2014 848 2060 imperatori
870 2025 907 2048 se
935 2013 1106 2048 daturum
1131 2012 1319 2059 pollicitus
1345 2017 1412 2053 est,
1438 2012 1467 2045 si
1494 2009 1604 2044 modo
1630 2011 1729 2044 cele-

239 2062 379 2096 bratam
421 2062 654 2097 Chalcedone
694 2062 874 2107 synodum
912 2062 1079 2096 funditus
1114 2061 1316 2105 abrogaret.
1381 2060 1580 2105 imperator
1604 2058 1730 2105 itaque

237 2110 495 2144 Macedonium
538 2122 619 2144 cum
654 2111 800 2144 Ioannis
837 2112 964 2156 legatis
1001 2109 1296 2144 communionem
1332 2107 1466 2141 habere
1502 2106 1656 2151 cogebat
1693 2111 1732 2141 et

239 2159 370 2194 Ioanni
395 2159 487 2204 ipsi,
518 2160 581 2206 qui
607 2170 674 2193 nec
703 2160 901 2204 reciperet,
936 2171 1005 2192 nec
1031 2163 1221 2204 respueret
1246 2156 1423 2200 synodum
1441 2181 1450 2196 ‚
1475 2167 1601 2200 pacem
1630 2154 1728 2188 dare.

238 2209 278 2241 in
306 2207 496 2240 adversum
530 2207 704 2252 opposuit
727 2219 764 2240 se
777 2206 1011 2241 Macedonius
1032 2207 1180 2240 dicens:
1207 2205 1344 2238 nullam
1371 2215 1408 2238 se
1435 2203 1729 2237 communionem

238 2256 285 2289 iis
309 2255 501 2301 impertiri,
526 2256 597 2288 nisi
627 2262 776 2289 matrem
808 2261 844 2289 et
872 2257 1078 2300 magistram
1107 2253 1369 2300 profiterentur
1394 2251 1731 2285 chalcedonensem

241 2303 432 2348 synodum.
491 2303 686 2337 Deuterius
726 2314 835 2349 porro
861 2304 1077 2337 Arianorum
1114 2302 1307 2347 episcopus
1331 2300 1494 2344 Byzantii
1520 2300 1732 2346 quempiam

241 2353 391 2387 nomine
416 2350 609 2385 barbarum
631 2351 817 2397 baptizare
836 2357 996 2398 paratus,
1019 2356 1244 2397 repugnante
1261 2350 1346 2383 licet
1365 2348 1546 2382 dominica
1563 2347 1733 2382 traditio-

239 2412 300 2442 ne,
330 2399 441 2434 verba
468 2399 674 2433 istiusmodi
701 2400 862 2446 proferre
880 2412 987 2433 ausus
1014 2408 1088 2433 est:
1108 2398 1316 2444 baptizatur
1334 2396 1510 2431 barbarus
1529 2397 1566 2430 in
1582 2396 1732 2430 nomine

238 2449 367 2495 patris,
390 2460 456 2494 per
480 2449 619 2489 filium,
663 2449 700 2481 in
740 2453 866 2482 sancto
907 2448 1059 2494 spiritu:
1097 2452 1133 2480 et
1167 2446 1358 2480 confestim
1404 2445 1547 2479 exaruit
1577 2445 1728 2490 piscina.

239 2496 417 2531 barbarus
436 2503 571 2531 terrore
596 2496 785 2542 perculsus
804 2496 910 2542 fugae
929 2507 966 2529 se
991 2495 1093 2529 dedit
1119 2500 1155 2528 et
1174 2494 1340 2528 omnibus
1358 2493 1603 2540 postmodum,
1630 2491 1732 2539 quod

239 2546 443 2590 contigerat
473 2546 707 2585 miraculum,
749 2544 1008 2578 manifestavit.
1059 2543 1098 2576 in
1135 2542 1190 2576 his
1232 2543 1426 2588 imperator
1471 2540 1730 2575 Macedonium

239 2594 397 2640 Cpoleos
433 2594 640 2640 praesulem
679 2592 842 2626 habitam
894 2593 982 2626 olim
1016 2590 1247 2625 Chalcedone
1288 2590 1469 2635 synodum
1511 2589 1730 2635 reprobare,

239 2642 548 2688 quemadmodum
576 2648 614 2676 et
640 2642 974 2685 Hierosolymorum
1002 2641 1195 2686 episcopus
1213 2640 1322 2680 Elias,
1350 2638 1517 2684 cogebat.
1565 2637 1611 2671 ad
1639 2636 1731 2670 haec

238 2689 504 2724 Macedonius:
538 2691 626 2724 citra
653 2690 891 2723 universalem
921 2689 1112 2733 synodum,
1140 2688 1198 2721 cui
1231 2689 1366 2732 primus
1392 2686 1571 2720 assideret
1598 2687 1723 2718 Roma-

238 2750 307 2771 nus
334 2740 548 2785 episcopus,
577 2738 614 2772 id
642 2751 679 2772 se
709 2739 840 2784 exequi
881 2749 955 2771 non
982 2749 1089 2783 posse
1119 2736 1314 2770 referebat.
1366 2735 1503 2781 quibus
1531 2735 1730 2779 imperator

240 2793 490 2834 exasperatus„
519 2788 758 2822 immunitatis
787 2785 1017 2834 quaerendae
1046 2796 1153 2820 causa
1187 2785 1442 2831 confugientes
1469 2783 1507 2818 in
1538 2781 1729 2817 ecclesiam
