1786 3204
280 195 393 260 270
839 199 1192 243 THEOPHANJS

277 301 511 353 αὖτὸνέἰς
561 297 640 358 τῆν
680 297 797 344 ι’ὃιάν
834 300 983 357 χώραν
1040 302 1267 360 φυλάττειν
1310 302 1361 347 τοὶ
1402 301 1630 358 Ῥωμαϊκά
1686 305 1760 350 καὶ

272 369 353 427 τὴν
391 368 617 426 Βόσπορον
659 368 807 423 πόλιν,
850 367 941 426 ἥτις
978 368 1139 427 ἐκλήθη
1182 372 1229 414 ἐκ
1271 373 1347 414 τοῦ
1385 377 1604 419 συντελεῖν
1640 373 1758 416 ἰΡω-

136 446 173 483 Ρ.
194 449 258 484 150
270 440 416 494 μαίοις
446 436 540 480 α’ντί
563 434 799 494 χρημάτων
839 436 947 492 βόας
985 442 1092 481 κατ’·
1118 437 1212 491 ἔτος
1253 470 1266 483 .
1303 467 1322 483 .ι
1349 471 1359 482 .
1395 470 1407 483 .
1437 458 1454 483 ·.
1499 442 1643 495 μαίων
1684 441 1760 486 καὶ

270 498 778 564 τριβούνωνφφυλάττειν
809 504 885 561 τὴν
914 505 1039 548 πόλιν
1068 504 1140 549 διὰ
1169 506 1268 557 τοὺς
1297 506 1496 564 Οὕννους,
1525 507 1600 551 καί
1624 509 1755 553 α’παι-

267 579 355 618 τεῖν
382 571 460 625 τοὶς
489 574 731 623 συντελείας
764 576 847 615 τῶν
874 575 1000 625 βοῶν.
1056 569 1108 630 ἦν
1138 575 1185 616 δὲ
1213 576 1259 618 ἐν
1286 577 1338 634 τῇ
1362 576 1474 634 αὐτῇ
1502 576 1624 619 πόλει
1653 582 1786 625 (xvv-5

269 642 521 698 αλλάγματα
565 639 702 682 πολλὰ
740 640 975 693 Ῥωμαίων
1011 640 1084 683 καὶ
1124 637 1314 686 Οὗννων.
1381 642 1404 686 ὅ
1447 644 1495 686 δὲ
1532 643 1754 700 γενόμενος

268 708 534 766 Χριστιανὸς
575 707 656 765 ῥὴξ
689 709 775 750 ταῖν
809 703 1007 763 Οὔννων,
1039 709 1240 752 ἀπελθών
1262 713 1323 762 εἰς
1350 710 1424 767 τὴν
1450 712 1564 754 ἰδίαν
1588 711 1753 766 χώραν,

269 773 494 834 εὗρεντὸν
522 774 634 819 ἴδιον
665 772 868 832 α’ὃελφόν,
908 777 982 818 καί
1010 778 1239 832 διηγήσατο
1268 779 1385 838 αὐτῷ
1415 777 1495 835 τήν
1522 782 1596 822 τοῦ
1623 782 1751 834 βασι-

128 858 172 895 V.
191 869 254 894 ⁸20
269 848 373 896 λέως
401 842 669 900 οἷγάπηνκαί
698 842 961 901 φιλοτιμίαν,
993 843 1066 886 καί
1094 841 1158 887 δ’τι
1174 847 1438 902 Χριστιανός
1464 848 1645 902 γέγονεν,
1680 846 1754 890 καὶ

267 911 412 969 λαβών
440 910 491 955 τὰ
526 906 762 967 ἀγάλματα,
792 909 822 954 (ἲ
850 913 1048 966 ἐσέβοντο
1079 910 1119 955 οἱ
1144 908 1314 971 Οῧννοι,
1341 916 1478 957 ταῦτα
1499 913 1748 970 ἐχώνευσεν,
1769 944 1782 971 1

265 977 376 1039 ἦσαν
406 980 486 1037 γὰρ
517 979 686 1036 α’ργυρᾶ
725 977 798 1021 καί
821 973 1059 1035 ἠλέκτρινα.
1120 983 1194 1024 καί
1222 984 1475 1036 χολέσαντες
1497 979 1547 1024 »οῖ’
1579 977 1750 1037 Οὖννοι,

267 1049 610 1105 συμπυιὴσαντες
636 1047 745 1101 μετὰ
774 1049 853 1090 τοῦ
880 1049 1076 1105 α’δελφοῦ
1103 1049 1253 1105 αὐτοῦ,
1282 1048 1542 1099 ἀπελθόντες
1559 1047 1752 1107 ἔσφαξαν

230 1116 423 1170 Βαῦτόν·
481 1117 554 1158 καί
581 1114 786 1170 ἐποίησαν
818 1114 929 1171 ᾄῆγα
971 1113 1449 1173 τὸν-ἀδελφὸν-αὕτοῦ
1472 1118 1750 1172 ΙΙΙουαγέρην.

268 1183 343 1228 καί
370 1184 628 1242 φοβηθέντες
656 1177 716 1239 m}
739 1180 1028 1238 ἐκζητήσωσιν
1052 1181 1184 1226 αὐτὸν
1213 1184 1252 1226 οἱ
1271 1183 1488 1239 “Ρωμαῖοι
1515 1179 1649 1242 ἦλθον
1681 1184 1749 1228 αἶ’-

269 1268 378 1311 φνης
402 1252 448 1295 ἐν
474 1253 527 1309 τῇ
539 1247 758 1309 Βοσπόρῳ·
777 1248 911 1305 πόλει,
941 1251 1015 1292 καί
1034 1249 1273 1309 ἐφόνευσαν
1297 1250 1373 1294 τόν
1396 1253 1620 1307 τριβοῧ-νον
1633 1256 1746 1297 Δαλ-
1768 1274 1780 1299 ι

266 1319 435 1375 μάτιον,
470 1320 545 1360 καί
572 1315 672 1368 τούς
701 1315 975 1372 στρατιώτας.
1005 1321 1078 1361 καί
1107 1318 1293 1370 οἰκούσας
1321 1322 1460 1363 ταῦτα
1490 1319 1513 1362 ὅ
1545 1321 1750 1376 βασιλεὺς

266 1388 518 1431 ἀπέστειλεν
553 1383 625 1428 τὸν
655 1381 747 1427 ἆνιό
782 1384 957 1428 ὑπάτων
994 1385 1207 1441 Ἰωάννην,
1249 1384 1324 1429 τόν
1354 1385 1522 1443 ἔγγονον
1545 1387 1751 1431 Ἰωάννου

265 1457 347 1500 τοῦ
365 1455 555 1508 Σκύθου,
584 1449 684 1496 υἱόν
715 1454 762 1496 δὲ
789 1455 863 1495 τοῦ
890 1455 1113 1507 πατρικίου
1134 1453 1389 1511 “Ρουφι’νου,
1409 1454 1523 1510 μετὰ
1545 1457 1751 1511 βοηθείας

263 1525 480 1580 Σκυθικῆς
506 1523 676 1578 πολλῆς,
712 1523 786 1564 καί
814 1520 1099 1577 ἐστράτευσεν
1128 1524 1218 1564 κατ’
1246 1522 1406 1577 αὐτῶν,
1438 1518 1531 1578 ἅμα
1558 1524 1630 1566 καί
1657 1526 1697 1566 Γ
1696 1540 1751 1565 ω-

359 1688 392 1711 2.
418 1677 459 1712 ἐκ
483 1674 555 1712 τοῦ
578 1674 604 1710 Α
622 1700 632 1718 ,
662 1673 746 1712 ἀντὶ
785 1673 855 1711 τοῦ
886 1675 982 1720 vulg.
1122 1676 1156 1709 3.
1182 1676 1263 1711 κατ’
1288 1673 1383 1724 ἔτος]
1413 1676 1573 1716 nastros
1601 1675 1643 1718 A,
1666 1678 1746 1711 κατ’

358 1726 449 1764 ἔθος
473 1725 571 1769 vulg.
695 1724 825 1757 lacuna
850 1723 953 1756 nulla
984 1722 1019 1756 Ιι.
1043 1722 1067 1758 l.
1096 1724 1133 1757 in
1161 1724 1266 1759 codd.
1292 1730 1454 1760 notatur.
1558 1735 1611 1758 ιι.
1641 1724 1747 1767 ἢλεκ-

356 1772 495 1821 τριανά
524 1773 560 1807 b.
614 1786 616 1788 ·
705 1782 757 1807 12.
789 1766 1003 1819 συμβουλὴν
1028 1771 1255 1817 ποιήσαντες
1279 1773 1321 1807 Α.
1434 1784 1487 1820 ¹7·
1516 1772 1679 1822 ἔγγονον
1703 1776 1744 1815 Α,

355 1822 499 1870 ἔγγονα
521 1821 618 1867 vulg.
745 1831 797 1865 ¹9·
825 1819 1003 1864 Γώδηλαν
1028 1820 1069 1854 A.

263 1967 483 2014 imperatore
520 1969 731 2011 susceptus:
765 1964 964 2010 multisque
991 1963 1151 1998 subinde
1177 1963 1221 1997 ab
1262 1974 1304 1998 eo
1330 1961 1542 1998 muneribus
1571 1963 1743 2009 acceptis,

262 2015 310 2049 ad
337 2018 517 2049 Romanos
542 2014 634 2047 fines
659 2012 844 2054 tutandos,
872 2018 909 2046 et
939 2014 1137 2058 Bosporum
1164 2012 1361 2053 civitatem,
1389 2023 1410 2045 a
1436 2011 1549 2045 boum
1573 2023 1744 2045 nummo-

262 2075 340 2097 rum
365 2070 402 2098 et
427 2062 664 2109 pecuniarum
704 2062 784 2094 vice
817 2061 1006 2094 annuatim
1045 2072 1159 2107 penso
1183 2060 1323 2094 tributo
1357 2061 1410 2094 ita
1435 2066 1612 2101 vocatam,
1637 2060 1743 2093 armis

260 2110 559 2158 propugnandam
597 2110 728 2143 missus
754 2109 792 2142 in
818 2110 1003 2155 propriam
1042 2110 1226 2154 regionem
1252 2109 1410 2142 secessit.
1462 2107 1597 2142 locavit
1622 2114 1744 2141 autem

261 2165 300 2194 et
323 2160 480 2193 militum
509 2160 752 2192 Romanorum
779 2168 969 2190 numerum
998 2161 1036 2191 et
1062 2156 1302 2198 tribunorum,
1329 2161 1370 2189 ut
1396 2155 1624 2190 custodirent
1651 2156 1745 2189 civi·-

259 2212 372 2242 tatem
399 2211 547 2253 propter
576 2207 712 2247 Unnos,
739 2211 776 2238 et
800 2205 910 2238 boum
939 2205 1077 2239 tributa
1113 2205 1319 2249 exigerent:
1346 2215 1514 2249 magnum
1540 2204 1679 2250 quippe
1705 2204 1744 2238 in

261 2255 409 2290 civitate
435 2254 606 2289 Romanis
642 2266 721 2287 cum
749 2254 865 2287 Unnis
901 2253 1158 2286 commercium
1193 2252 1408 2286 intercessit.
1459 2253 1646 2286 Unnorum
1672 2253 1744 2286 ita-

260 2314 334 2351 que
374 2314 438 2337 rex
470 2303 586 2336 factus
616 2301 865 2343 Christianus,
901 2302 940 2335 in
976 2302 1157 2347 propriam
1198 2301 1383 2345 regionem
1425 2312 1597 2342 reversus,
1627 2300 1742 2341 fratri,

261 2363 372 2398 quem
397 2351 476 2384 illic
502 2350 667 2390 offendit,
692 2350 920 2395 imperatoris
949 2349 1210 2383 humanitatem
1242 2354 1351 2394 atque
1381 2348 1657 2390 liberalitatem,
1683 2359 1743 2382 se-

260 2411 332 2447 que
362 2398 605 2434 Christianum
643 2398 776 2431 factum
807 2408 885 2431 esse
913 2398 1081 2430 narravit.
1133 2395 1179 2429 ad
1212 2397 1301 2430 haec
1327 2396 1469 2442 direpta
1495 2396 1742 2443 undequaque

260 2449 465 2489 simulacra,
495 2456 590 2493 quae
615 2444 883 2478 venerabantur
914 2445 1033 2486 Unni,
1063 2450 1193 2478 cuncta
1212 2445 1398 2479 conflavit:
1433 2450 1535 2479 erant
1560 2445 1656 2479 enim
1677 2444 1743 2478 illa

260 2502 442 2542 argentea,
469 2500 507 2528 et
533 2493 717 2527 electrina.
779 2492 1017 2539 quamobrem
1055 2492 1107 2525 ira
1143 2493 1306 2527 succensi
1345 2493 1456 2535 Unni,
1487 2493 1741 2527 coniuratione

260 2556 342 2579 cum
369 2544 446 2579 eius
477 2541 588 2576 fratre
614 2541 789 2582 excitata,
821 2541 858 2573 in
885 2551 968 2573 eum
994 2541 1173 2575 irruentes
1210 2553 1336 2574 necem
1363 2541 1580 2583 intulerunt,
1608 2547 1644 2575 et
1668 2541 1742 2574 fra-

258 2598 351 2627 trem
377 2593 455 2626 eius
477 2590 685 2634 Muagerem
705 2594 920 2622 creaverunt
949 2599 1080 2633 regem.
1107 2589 1214 2623 veriti
1240 2601 1362 2635 porro,
1381 2601 1428 2623 ne
1454 2600 1589 2635 poenas
1618 2594 1654 2623 et
1682 2600 1741 2622 re-

259 2652 339 2686 gem
365 2640 522 2674 occisum
551 2642 766 2682 expeterent
789 2636 952 2677 Romani,
980 2637 1019 2670 in
1051 2637 1236 2671 civitatem
1264 2638 1460 2683 Bosporum
1500 2637 1742 2671 convolarunt

259 2689 491 2735 quantocius,
523 2691 560 2720 et
584 2685 771 2719 tribunum
801 2684 1023 2717 Dalmatium
1064 2685 1395 2732 praesidiariosque
1421 2686 1557 2719 milites
1586 2685 1741 2718 interfe-

259 2742 398 2771 cerunt.
458 2735 515 2769 his
551 2734 750 2780 imperator
789 2732 948 2773 auditis,
974 2733 1075 2767 misit
1110 2734 1283 2768 Ioannem
1320 2733 1567 2774 exconsulem,
1592 2733 1740 2766 loannis

259 2784 417 2829 Scythae
450 2788 623 2830 nepotem
642 2808 651 2824 ‚
681 2781 825 2828 patricii
851 2781 970 2814 Rufini
1003 2781 1142 2824 lilium,
1185 2793 1264 2815 cum
1294 2781 1496 2815 numerosis
1524 2780 1739 2825 Scytharum

258 2834 385 2880 copiis,
410 2832 473 2879 qui
500 2830 674 2865 adiuncto
704 2828 775 2864 sibi
803 2840 868 2876 per
894 2834 1066 2864 terrestre
1093 2830 1165 2864 iter
1189 2835 1227 2865 et
1249 2829 1506 2877 odyssopolim
1525 2828 1673 2865 Godilla
1701 2832 1739 2862 et
