1786 3204
266 157 344 232 94
836 163 1184 206 THEOPHANJS

268 277 511 326 διεδέξατο,
541 269 589 314 ὃν
617 269 656 312 οἱ
692 269 906 324 Ἀρειανοί
937 266 1008 308 διά
1047 280 1157 315 τινος
1185 261 1369 317 Μάγνου
1398 261 1483 303 τῶν
1510 262 1744 315 βασιλικῶν

266 344 500 400 θησαυρῶν
537 339 671 391 ταμία
709 333 962 390 α’πήλασαν·
1023 333 1215 376 Λούκιον
1257 331 1304 372 δὲ
1351 326 1741 383 ἅντικατέστησαν·

267 410 363 455 τότε
391 409 538 452 πολλοὶ
563 409 646 450 τῶν
673 400 916 464 ὄρθοδόξων
946 403 1142 456 ἀνδρῶν,
1172 400 1247 440 καί
1272 397 1487 453 γυναικῶν
1516 398 1746 452 παρθένων

268 480 408 528 ἀθέως
434 475 699 535 ᾖκίσθησαν,
728 473 877 514 πολλοὶ
916 472 962 512 δὲ
990 471 1062 510 καί
1093 471 1138 510 ἐν
1181 464 1385 521 βασάνοις
1419 463 1744 520 ἐτελειώθησαν.

267 548 291 590 ὅ
323 549 371 589 δὲ
402 547 572 598 Πέτρος
615 539 757 598 φυγάς
802 539 862 588 εἰς
893 537 1061 591 Ῥώμην
1102 529 1237 593 ᾤχετο
1281 530 1385 589 πρὸς
1421 530 1658 586 Δάμασον,
1687 529 1783 580 ὦςό

268 612 491 669 ὁμόδοξον·
567 606 633 652 ὅτε
662 610 736 650 καί
761 605 813 649 τὰ
855 605 1059 661 γενόμενα
1090 605 1135 645 ἐν
1160 602 1458 660 Ἀλεξανδρειζι
1487 602 1542 642 δι’
1573 601 1743 642 ἐπιστο-

267 685 343 738 λῆς
370 679 555 737 ἔγραψεν
595 674 790 735 φρικώδη
828 673 909 716 ὑπὸ
950 673 1206 727 Ἀρειανῶν·
1272 670 1331 729 τῷ
1370 670 1406 711 δ’
1445 669 1560 727 αὐτῷ
1603 666 1689 711 ἔτει
1719 665 1742 709 ὅ

227 757 255 792 C
271 750 495 797 Βασίλειος
516 746 592 801 τῆς
620 741 881 800 Καισαρέων
900 739 1189 796 ἐπισκόπησεν,
1210 739 1423 793 Εὕσεβιόυ
1444 736 1633 793 εὐσεβῶς
1657 752 1744 779 κοι-

268 819 484 873 μηθέντος.
667 807 670 810 ⁴

59 890 257 930 A.M.5866
386 880 528 940 Τούτῳ
568 882 626 938 τῷ
659 877 745 922 ἔτει
779 874 1037 932 Ἀμβρόσιος
1080 871 1190 929 μετὰ
1224 873 1463 925 Αὕξέντιον
1492 873 1569 929 τῆς
1597 873 1744 929 ἔκκλη-
1765 883 1778 910 ι

267 953 362 1001 σιἀς
397 948 678 993 Μεδιολάνων
718 942 906 1002 ἡγήσατο
952 940 1102 994 οὕτως.
1169 944 1248 986 τοῦ
1276 939 1415 999 δήμου
1445 938 1746 993 στασιάζοντος

266 1018 366 1075 περὶ
391 1018 602 1073 προβολῆς
621 1012 865 1067 ἐπισκόπου,
894 1011 1152 1067 Ἀμβρόσιος
1167 1007 1336 1067 ἡγεμών
1350 1011 1423 1066 τῆς
1437 1009 1585 1065 χώρας
1611 1010 1746 1052 τελῶν

223 1085 467 1142 Βέπέμφθη
495 1082 578 1126 ὑπὸ
616 1082 974 1126 Οιῖαλεντινιανοῦ
1014 1080 1092 1121 τοῦ
1120 1080 1334 1134 βασιλέως
1365 1079 1500 1121 ἐκεῖσε
1532 1075 1748 1132 διάγοντος

267 1155 459 1197 κωλῦσαι
499 1151 574 1207 τὴν
602 1148 774 1202 στάσιν,
817 1148 1076 1203 ἅβοὶπτιστος
1119 1149 1199 1202 μὲν
1231 1144 1294 1189 ἔτι
1337 1141 1417 1203 α’ἷν,
1451 1144 1565 1188 πάνυ
1597 1146 1644 1188 δὲ
1669 1144 1747 1186 τοῦ

267 1223 432 1265 δικαίου
460 1221 707 1277 φροντίζων,
736 1219 812 1259 καί
838 1216 937 1266 τούς
963 1215 1164 1270 μείζονας
1187 1208 1400 1270 ἄρχοντας
1425 1213 1630 1269 γενναίως
1660 1214 1746 1254 διε-
1766 1226 1779 1252 ι

267 1293 428 1345 λέγχων
468 1289 732 1337 α’δικοῦντας.
800 1284 822 1327 ὁ
864 1280 939 1327 οὖν
989 1285 1123 1340 δῆμος
1165 1281 1440 1337 παυσάμενος
1478 1282 1552 1336 τῆς
1594 1279 1748 1338 ἔριδος,

267 1355 502 1414 ὁμοφώνως
530 1354 601 1398 τὸν
631 1354 887 1410 Ἀμβρόσιον
917 1351 1143 1395 ἐπίσκοπον
1172 1352 1454 1408 ἐψηφίσαντο,
1485 1346 1590 1404 ὅπερ
1620 1347 1750 1392 α’κού-

267 1440 347 1475 σας
400 1421 751 1472 Ουάλεντινιανός
797 1423 990 1464 ἐκέλευσε
1027 1422 1252 1476 μυηθέντα
1292 1418 1647 1475 χειροτονηθῆναι
1679 1415 1751 1459 τὸν

264 1490 519 1549 Ἀμβρόσιον
548 1490 782 1544 ἐπίσκοπον,
811 1490 1081 1546 ευ’χαριστῶν
1112 1490 1176 1531 ἐπ’
1213 1482 1344 1542 ὄψεσι
1374 1485 1544 1530 πάντων
1574 1487 1634 1544 τῷ
1663 1486 1753 1542 θεῷ

812 1579 824 1594 .

365 1636 398 1659 2.
431 1627 549 1672 ταμία
580 1625 619 1666 Α,
645 1629 782 1671 ταμεῖα
805 1623 902 1667 vulg.
1039 1620 1367 1665 ἄντεκατέστησαν
1396 1620 1476 1653 Par.
1627 1618 1661 1663 4.
1686 1620 1752 1653 καὶ

363 1673 446 1706 add.
473 1685 517 1706 ex
544 1674 584 1706 A.
728 1684 759 1716 7.
789 1672 963 1718 ἔγραψαν
988 1671 1017 1704 Α
1043 1676 1081 1704 et
1107 1670 1181 1703 alii.
1307 1671 1340 1704 8.
1369 1667 1641 1716 ἕπισκόπησεν]
1667 1668 1749 1703 ἐπί-

366 1732 508 1760 σκοπος
537 1722 586 1762 Α,
616 1721 699 1754 sort.
727 1719 999 1763 ἢπισκὸπησεν.
1153 1720 1203 1762 'll-
1231 1717 1303 1765 μὲν
1333 1716 1415 1750 add.
1444 1729 1488 1750 ex
1513 1718 1552 1750 A.
1699 1716 1750 1748 16.

365 1769 384 1804 ὁ
412 1765 481 1806 οὖν
503 1769 555 1811 Α,
592 1767 611 1804 ὁ
638 1768 678 1804 δὲ
709 1769 805 1813 vulg.
995 1779 1047 1812 ¹7-
1075 1765 1294 1815 ὁμοφώνως
1320 1767 1362 1808 Α,
1391 1764 1624 1815 ὃμοφρόνως
1650 1764 1749 1809 vulg.

363 1819 603 1866 ἐψηφίσαντο
628 1818 668 1859 Α,
696 1818 913 1864 ἑψηφίσατο
937 1816 1035 1861 vulg.

270 1935 376 1987 patus
404 1949 520 1973 annos
546 1949 609 1972 sex
635 1943 672 1972 et
691 1937 942 1983 quadraginta,
969 1950 1123 1985 quorum
1149 1938 1310 1982 integros
1329 1935 1571 1984 quadraginta
1598 1935 1637 1970 in
1664 1946 1751 1982 per-

272 1987 520 2023 secutionibus
559 1987 807 2033 periculisque
839 1999 904 2032 pro
931 1987 1002 2021 fide
1030 1993 1067 2020 et
1091 1987 1228 2033 pietate
1255 1985 1434 2031 susceptis
1454 1989 1660 2031 peregerat,
1683 1985 1752 2018 Pe-

273 2041 347 2070 trus
372 2035 468 2069 sedis
495 2033 655 2068 obtinuit
686 2035 968 2077 successionem,
995 2047 1103 2082 quem
1139 2034 1265 2069 Ariani
1297 2045 1367 2080 ope
1406 2033 1528 2079 magni
1564 2032 1753 2067 cuiusdam

273 2084 372 2128 regio
403 2083 540 2116 aerario
583 2082 781 2128 praefecti,
821 2084 932 2117 Lucio
978 2083 1016 2116 in
1060 2083 1235 2118 thronum
1278 2083 1472 2124 restituto,
1519 2081 1754 2127 expulerunt.

273 2132 439 2178 plerique
466 2136 554 2164 tunc
579 2130 885 2173 orthodoxorum,
910 2132 999 2172 viri,
1024 2133 1208 2174 mulieres,
1233 2132 1392 2177 virgines
1406 2130 1619 2166 verberibus
1645 2129 1754 2164 foedo

276 2185 361 2214 aunt
386 2179 553 2220 lacerati,
580 2179 703 2224 plures
729 2180 837 2212 etiam
867 2181 1067 2225 perierunt.
1095 2182 1219 2214 Petrus
1246 2186 1380 2222 autem,
1416 2179 1630 2224 significatis
1655 2179 1755 2224 prius

275 2240 340 2274 per
367 2227 559 2273 epistolam
598 2227 813 2260 Arianorum
856 2228 1043 2262 horrendis
1079 2229 1292 2272 sceleribus,
1318 2227 1539 2262 Alexandria
1565 2227 1757 2271 fugitivus,

277 2276 324 2310 acl
353 2276 545 2309 Damasum
571 2275 742 2308 catholici
777 2275 952 2320 dogmatis
977 2284 1180 2311 consortem
1214 2280 1364 2311 Romam
1389 2277 1577 2322 pergebat.
1628 2274 1758 2309 eodem

278 2335 373 2358 anno
397 2323 636 2357 Caesariensis
656 2324 828 2356 ecelesiae
850 2325 964 2358 factus
990 2331 1045 2359 est
1065 2327 1256 2373 episcopus
1282 2325 1450 2369 Basilius,
1475 2323 1633 2359 Eusebio
1660 2324 1759 2370 piam

277 2384 345 2407 nec
372 2372 522 2406 nomine
549 2371 705 2404 alienam
730 2378 880 2405 mortem
911 2373 1081 2406 obeunte.

88 2431 265 2466 Acc.366
372 2420 451 2454 Hoc
485 2431 581 2453 anno
609 2425 694 2466 post
723 2421 942 2454 Auxentium
974 2421 1319 2456 Mediolanensium.
1344 2421 1520 2455 ecclesiae
1545 2420 1758 2455 Ambrosius

279 2467 489 2515 praeficitur
503 2468 693 2513 episcopus
710 2468 747 2500 in
765 2468 860 2502 hunc
881 2468 1038 2503 modum.
1065 2471 1313 2505 tumultuante
1330 2471 1374 2504 de
1395 2470 1557 2516 episcopi
1576 2471 1759 2504 electione

279 2517 433 2564 populo,
458 2516 669 2550 Ambrosius
695 2517 898 2560 provinciae
927 2518 1128 2562 praesidem
1155 2530 1275 2564 agens,
1302 2519 1500 2554 tumultum
1526 2517 1713 2552 sedaturus
1738 2528 1759 2550 a

278 2564 541 2600 Valentiniano
555 2563 607 2597 ihi
626 2569 714 2597 tunc
729 2564 820 2598 forte
846 2577 979 2598 moram
996 2565 1154 2601 habente
1180 2568 1350 2602 mittitur.
1380 2566 1544 2600 nondum
1567 2567 1631 2600 ille
1659 2578 1759 2600 sacro

280 2615 415 2648 tinctus
442 2618 520 2646 erat
545 2611 775 2658 baptismate,
800 2613 884 2646 iusti
908 2619 1028 2647 tamen
1055 2621 1091 2648 et
1118 2617 1227 2661 aequi
1253 2616 1487 2662 praecipuam
1512 2626 1632 2649 curam
1658 2625 1760 2660 gere—

280 2662 367 2703 bat,
397 2666 434 2695 et
461 2660 621 2706 insignes
660 2672 825 2707 quosque
861 2663 1106 2707 magistratus,
1133 2670 1277 2710 praeter
1299 2665 1388 2698 iuris
1419 2664 1556 2710 placita
1584 2662 1760 2697 nonnihil

281 2714 534 2757 perpetrantes
572 2719 746 2754 generoso
782 2709 911 2743 ductus
949 2712 1070 2744 animo
1100 2712 1286 2756 arguebat.
1343 2713 1503 2759 populus
1529 2711 1757 2746 dissensione

284 2759 448 2804 deposita
465 2783 474 2798 ‚
501 2767 573 2790 una
597 2768 684 2791 voce
714 2769 859 2803 unaque
889 2760 1070 2792 sententia
1095 2759 1258 2804 designat
1286 2762 1500 2807 episcopum
1517 2760 1758 2794 Ambrosium.

284 2806 382 2853 quod
408 2818 487 2840 cum
509 2804 653 2840 audiret
677 2805 970 2850 Valentinianus,
997 2804 1186 2842 confestim
1214 2809 1444 2843 Ambrosium
1477 2820 1579 2844 sacro
1621 2808 1762 2856 baptis-
