1768 3106
222 405 246 438 B

211 1149 238 1184 C

33 1550 127 1586 AM.
139 1550 235 1632 6⁰8ss

66 2778 104 2810 A.
121 2775 158 2810 C.
173 2774 241 2810 580

267 143 381 212 402
827 163 1174 208 THEOPHANJS

262 263 335 318 γὰν
370 265 612 321 πεποίηκεν·
651 262 723 307 καί
748 263 772 306 ὅ
803 255 997 320 Πρίσκος
1026 265 1152 308 πάλιν
1182 266 1242 314 εἷς
1271 264 1739 321 Βυζάντιον,ὖπέστρε-

262 342 368 385 ψεν·
429 330 452 374 ὅ
474 333 520 375 δὲ
549 328 884 389 στρατὸςὸρκοις
902 334 1476 390 κατη(ῐφαλι’ζετο,μηδαμῶς
1505 331 1739 376 257113Mav-

262 397 398 455 ρικίου
439 401 761 454 βασιλεύεσθαι.
831 398 871 441 οἱ
900 402 948 442 δὲ
985 399 1202 456 βάρβαροι
1233 406 1323 450 ταῖς
1343 399 1600 453 Ῥωμαϊκαῖς
1627 416 1738 455 συμ-

259 474 413 523 φοραῖς
443 465 701 522 ἐνετρύφων.
739 466 762 508 ὅ
787 469 834 510 δὲ
868 466 1143 523 αὕτοκράϊωρ
1171 465 1498 522 Ἀριστόβουλον
1535 465 1611 510 τὸν
1635 483 1737 509 κου-

258 534 419 591 ράτορα
450 536 533 576 τῶν
574 536 808 588 βασιλικῶν
851 533 977 577 οἴκων
1017 534 1122 589 πρὸς
1151 533 1226 578 τὸν
1268 533 1452 591 στρατὸν
1480 535 1768 590 &asez-alem&

257 598 371 651 ὅπως
406 598 547 657 ὅρκοις
588 601 658 643 καί
706 599 857 656 δώροις
906 600 1087 660 διαλύσῃ
1126 601 1203 658 τὴν
1236 603 1484 659 τυραννίδα,
1516 601 1542 644 ὃ
1567 605 1640 645 καί
1661 618 1735 644 πε-

255 670 440 725 ποίηκεν.
500 671 573 723 τῆς
620 670 666 711 δὲ
693 668 941 723 τυραννίδος
977 670 1327 726 α’ποσπασθείσης
1354 672 1516 725 γίνεται
1546 671 1735 725 Περσῶν

255 737 329 778 καί
361 737 587 789 Ῥωμαίων
635 735 742 779 κατὰ
787 735 863 791 τήν
904 737 1247 794 Μαρτυρόπολιν
1299 735 1480 790 πόλεμος
1524 739 1733 791 μέγιστος.

254 806 338 846 τῶν
371 806 417 845 δὲ
449 803 674 857 Ῥωμαίων
721 803 898 858 δυνάμει
930 806 1003 847 καί
1037 804 1269 862 στρατηγία
1296 803 1735 862 καταπολεμησάντων

252 869 352 922 τούς
381 874 583 929 Πέρσας,
615 873 858 926 α’ναιρεῖται
901 871 923 913 ὅ
955 873 1040 914 τῶν
1069 868 1255 927 Περσῶν
1300 870 1533 928 στρατηγὸς
1560 871 1765 928 Boeoti-1

255 940 353 989 ζας·
412 935 788 993 συλλαμβάνονται
827 941 874 982 δὲ
918 941 992 982 καί
1032 940 1189 992 ζῶντες
1223 941 1454 996 τρισχίλιοι
1483 941 1557 982 καί
1583 938 1623 982 οἱ
1650 941 1734 982 τῶν

252 1007 484 1062 Περσικῶν
525 1006 754 1061 ταγμάτων
796 1009 1049 1062 ταξίαρχοι·
1113 1010 1250 1062 χίλιοι
1277 1008 1325 1049 δὲ
1360 1005 1483 1059 μόνοι
1526 1006 1599 1050 τὸν
1638 1007 1734 1062 (ἰρι-

249 1072 365 1126 θμὸν
393 1072 671 1131 διεσώθησαν,
702 1073 747 1117 οἳ
769 1077 843 1117 καί
867 1074 977 1129 μετὰ
1008 1074 1220 1118 κινδύνων
1231 1075 1305 1117 ἐπὶ
1329 1071 1407 1131 τήν
1421 1076 1619 1130 Περσίδα
1641 1075 1735 1117 α’νέ-

250 1152 457 1197 στρεψαν.
531 1140 571 1184 οἱ
601 1143 648 1184 δὲ
671 1141 877 1197 Ῥωμαῖοι
904 1144 1163 1197 ἐκπέμπουσι
1195 1141 1301 1198 πρὸς
1332 1142 1407 1184 τὸν
1436 1142 1732 1196 αὐτοκράτορα

249 1210 296 1250 ἐκ
343 1210 428 1251 τῶν
462 1213 693 1265 Περσικῶν
740 1209 948 1267 λαφύρων
988 1210 1147 1267 πολλά,
1191 1209 1266 1253 καί
1304 1208 1406 1259 τούς
1440 1212 1764 1266 ζωγρηθένταςῐ

250 1271 446 1328 ἅπαντας
476 1276 557 1319 σὺν
586 1283 673 1327 τοῖς
705 1276 892 1332 βάνδοις.
952 1277 976 1319 o‘
1007 1279 1054 1320 δὲ
1076 1279 1321 1333 Μαυρίκιος
1355 1275 1516 1320 ἔκτισεν
1543 1276 1616 1320 τὸν
1633 1279 1732 1320 Ka-

249 1342 398 1398 ριανόν
440 1342 620 1398 ἔμβολον
657 1345 702 1387 ἐν
732 1346 1004 1401 Βλαχέρναις
1048 1334 1306 1400 ὑπογράψας
1336 1345 1390 1387 ἐν’
1409 1346 1524 1402 αὐτῷ
1547 1343 1619 1386 διὰ
1653 1345 1734 1396 ζω-

248 1411 430 1468 γράφων
470 1410 546 1467 τρὶς
587 1407 749 1454 ἑαυτοῦ
790 1414 836 1455 ἐκ
875 1412 1084 1455 παιδόθεν
1114 1411 1288 1467 πράξεις
1330 1413 1461 1467 μέχρι
1491 1414 1568 1466 τῆς
1596 1412 1735 1453 αὐτοῦ’

249 1480 470 1532 βασιλείας
488 1496 499 1508 ·
562 1479 634 1520 καί
662 1478 964 1535 ἀνεπλήρωσεν
988 1478 1035 1522 τὸ
1064 1482 1108 1522 ἐν
1141 1479 1257 1537 αὐτῷ
1289 1479 1492 1535 δημόσιον
1520 1478 1704 1533 λουτρόν.

368 1544 514 1605 Τούτῳ
554 1546 610 1604 τῷ
648 1544 732 1588 ἔτει
764 1548 870 1603 μηνί
901 1549 1176 1606 Σεπτεμβρίῳ
1219 1546 1446 1589 ῐνδικτιῶνι
1478 1544 1509 1596 ς’
1551 1544 1590 1589 οἱ
1619 1551 1768 1603 stay-2

343 1726 377 1749 2.
405 1713 534 1762 ὅρκοις
558 1715 598 1757 Α,
625 1712 763 1761 ὅρκους
789 1717 885 1761 vulg.
986 1716 1019 1750 3.
1044 1714 1270 1764 Ῥωμαϊκαῖς
1292 1716 1334 1757 Α,
1359 1719 1609 1763 βαρβαρικαῖς
1636 1717 1729 1762 vulg.

342 1766 375 1809 4.
402 1763 624 1812 ἐνετρύφων
640 1765 682 1804 A,
710 1762 939 1811 ἀνετρύφων
965 1764 1062 1809 vulg.
1159 1767 1192 1801 6.
1221 1761 1241 1799 ὃ
1266 1766 1330 1799 καὶ
1356 1776 1444 1800 neu.
1470 1765 1512 1806 A,
1538 1762 1559 1801 ὃ
1585 1764 1625 1800 δὲ
1645 1777 1731 1800 πεπ.

343 1813 440 1857 vulg.
571 1823 622 1845 ιιι.
643 1813 761 1858 χίλιοι
790 1812 830 1847 δὲ
853 1813 970 1860 μόνοι
995 1813 1036 1855 Δ,
1058 1813 1175 1859 χίλιοι
1196 1813 1270 1861 μὲν
1298 1813 1337 1848 οἱ
1367 1813 1463 1858 vulg.
1572 1819 1574 1821 “

248 1965 370 2011 petiit.
423 1966 600 1999 exercitus
625 1977 711 2000 vero
731 1966 905 2001 Mauricio
932 1978 970 2001 se
1000 1966 1099 2001 haud
1125 1967 1279 2014 amplius
1305 1968 1344 2000 in
1367 1966 1476 2000 bellis
1501 1966 1730 2013 obsequutu-

249 2025 307 2046 ros
337 2012 514 2047 adhibitis
553 2015 767 2048 iuramentis
794 2014 990 2048 affirmare:
1021 2026 1064 2049 ex
1095 2026 1168 2061 quo
1193 2015 1339 2048 barbari
1364 2014 1409 2048 de
1435 2016 1602 2048 Romanis
1631 2016 1731 2048 cala-

251 2061 442 2094 mitatibus
468 2061 609 2103 laetari,
637 2068 674 2096 et
697 2063 736 2095 in
760 2063 988 2109 voluptatem
1016 2062 1143 2097 dilabi.
1197 2062 1340 2097 demum
1366 2063 1564 2108 imperator
1589 2062 1732 2097 Aristo-

250 2109 381 2142 bulum
408 2109 656 2154 imperialium
694 2110 882 2144 domorum
919 2117 1125 2145 curatorem
1152 2110 1198 2144 ad
1224 2110 1421 2144 exercitum
1447 2111 1637 2152 summisit,
1668 2111 1732 2158 qui

250 2155 322 2190 fide
348 2167 413 2202 per
436 2157 680 2190 iuramentum
707 2165 853 2199 asserta,
879 2170 947 2192 nec
972 2170 1046 2194 non
1072 2159 1283 2193 muneribus
1308 2157 1511 2192 distributis
1537 2159 1731 2193 excitatam

248 2203 479 2248 tyrannidem
507 2204 677 2246 dilueret,
701 2205 802 2252 quod
840 2205 1001 2241 fideliter
1026 2207 1223 2254 praestitit.
1273 2217 1315 2238 ea
1339 2205 1533 2249 tyrannide
1559 2206 1732 2241 distracta

248 2251 445 2285 vehemens
485 2254 663 2286 Romanos
703 2254 799 2287 inter
836 2261 874 2288 et
896 2256 1018 2289 Persas
1050 2255 1096 2288 ad
1119 2254 1394 2299 Martyropolim
1421 2255 1650 2289 commissum
1676 2260 1732 2289 est

248 2299 400 2334 bellum.
452 2301 623 2334 Romanis
648 2311 731 2335 vero
758 2302 894 2336 bellico
921 2303 1052 2337 robore
1076 2303 1304 2348 militiaeque
1333 2302 1463 2348 peritia
1475 2303 1598 2336 Persas
1624 2314 1728 2337 exsu-

250 2346 479 2394 perantibns‚
509 2348 694 2382 Persarum
721 2349 792 2383 dux
819 2351 972 2385 Baruzas
997 2351 1224 2391 interficitur,
1249 2350 1320 2383 vivi
1349 2349 1396 2383 ad
1419 2356 1475 2384 ter
1501 2351 1602 2385 mille
1630 2362 1731 2385 com—

250 2395 549 2442 prehenduntur,
575 2396 614 2429 in
644 2397 777 2443 quibus
804 2399 1027 2433 Persicorum
1055 2398 1223 2433 ordinum
1249 2398 1436 2444 praecipui
1467 2405 1635 2432 rectores.
1662 2399 1731 2432 soli

250 2455 401 2478 numero
429 2443 532 2477 mille
570 2445 731 2489 periculo
759 2446 902 2486 servati,
931 2448 994 2493 qui
1021 2446 1142 2480 denuo
1172 2447 1343 2492 periculis
1383 2445 1525 2491 fatigati
1551 2446 1732 2480 Persidem

252 2497 417 2538 repetere
444 2491 609 2538 permissi
636 2498 731 2527 sunt.
782 2500 963 2527 caeterum
983 2500 1123 2540 partem
1152 2505 1195 2527 ex
1218 2495 1367 2528 Persicis
1393 2495 1519 2540 spoliis
1537 2495 1731 2540 spectatis-

253 2541 380 2574 simam
409 2540 589 2573 Romanus
616 2542 794 2575 exercitus
828 2541 874 2574 ad
908 2543 1163 2588 imperatorem
1201 2542 1410 2583 transmisit,
1444 2554 1535 2589 quos
1560 2542 1731 2576 nimirum

250 2589 351 2622 vivos
375 2588 486 2634 cepit,
513 2593 550 2622 et
575 2594 701 2634 erepta
725 2589 763 2622 in
788 2589 927 2635 praelio
954 2596 1084 2624 cuncta
1103 2590 1234 2624 banda.
1260 2590 1467 2625 aedificavit
1492 2601 1600 2636 porro
1625 2591 1731 2624 Mau-

254 2636 362 2670 ricius
380 2635 438 2680 ,ad
461 2634 678 2681 Blachernas
708 2637 896 2671 Carianam
933 2638 1126 2684 porticum,
1156 2644 1358 2685 cunctaque
1384 2649 1404 2672 a
1429 2639 1550 2685 pueris
1576 2637 1622 2671 ad
1649 2650 1730 2671 sus-

254 2690 399 2730 ceptum
425 2694 541 2731 usque
570 2685 759 2729 imperium
789 2697 806 2718 a
826 2697 864 2719 se
883 2692 982 2730 gesta
1005 2687 1186 2733 pictorum
1212 2692 1290 2721 arte
1315 2686 1354 2720 in
1383 2698 1426 2721 ea
1450 2686 1666 2733 descripsit:
1694 2690 1732 2718 et

254 2732 443 2778 publicum
469 2730 569 2779 quod
596 2732 673 2767 illic
697 2732 902 2767 habebatur
926 2734 1097 2768 balneum
1124 2734 1291 2768 absolvit.

353 2780 429 2814 Hoc
458 2791 554 2813 anno
583 2791 706 2815 mense
733 2781 950 2828 Septembri,
976 2782 1176 2818 indictione
1205 2788 1318 2826 sexta,
1343 2780 1572 2827 Longobardi
1603 2779 1723 2814 adver-
