1768 3106
271 156 387 231 690
828 171 1176 215 T11E0PHAN15

139 277 471 332 Ρ.376μοναχῶ“ν
517 273 587 317 διὰ
615 275 834 330 μαστίγων
874 273 1116 332 ἀνήλωσεν·
1162 271 1252 318 ἔστι
1293 274 1342 316 δὲ
1368 269 1445 323 οὓς
1472 270 1545 315 διὰ
1575 274 1750 329 ξίφους,

270 342 592 399 ἀναριθμήτους
621 344 670 386 δὲ
698 342 959 400 ἐτύφλωσεν.
1018 342 1092 385 καί
1114 344 1197 385 τῶν
1226 343 1307 397 μὲν
1335 338 1411 391 τὰς
1434 339 1596 397 ὗπήνας
1622 356 1750 396 κηρε-

268 413 373 470 λαίῳ
403 411 607 468 ἀλείφων,
637 409 809 468 ὖφῆπτε
837 410 938 466 πῦρ,
968 409 1041 452 καὶ
1067 406 1179 453 οὕτω
1210 406 1262 453 τά
1291 424 1338 451 τε
1367 405 1575 464 πρόσωπα
1605 408 1751 451 αὐτῶν

128 481 256 525 V·299
268 481 343 522 καί
365 478 441 530 τὰς
471 476 663 535 κεφαλάς
690 479 938 520 κατέκαιεν·
999 476 1101 528 τούς
1130 479 1179 520 δὲ
1208 475 1315 532 μετὰ
1349 474 1506 524 πολλὰς
1533 475 1752 530 βασάνους

267 553 363 598 ταῖς
392 547 574 601 έξοριάις
594 546 839 599 ἐξέπεμπεν.
867 546 943 588 καί
966 546 1083 595 τέλος
1110 546 1187 588 ούκ
1216 543 1359 588 εἴασεν
1387 546 1449 594 εἰς
1477 539 1574 586 ὅλον
1600 541 1645 586 τὸ
1676 541 1768 585 1571’!

267 613 400 658 αύτόν
419 616 534 667 θέμα
555 611 629 655 ἕνα
658 605 886 667 ἄνθρωπον
901 610 1129 666 μοναδικόν
1146 613 1503 669 περιβεβλημένον
1531 612 1693 667 σχῆμα.
1728 606 1754 652 ὃ

266 683 340 725 καί
365 679 521 736 μαθών
553 679 575 722 ὅ
605 679 849 736 μισάγαθος
875 677 1080 735 βασιλεὺς
1109 677 1298 736 ἔγραψεν
1327 679 1444 737 αύτῷ
1471 678 1753 735 εύχαριστίας

268 753 423 806 λέγων,
451 745 512 792 ὅτι
542 742 672 804 εὗρόν
701 763 749 791 σε
779 743 916 804 ἄνδρα
946 746 1055 790 κατὰ
1091 746 1171 804 τὴν
1198 747 1380 803 καρδίαν
1410 761 1511 802 μου,
1540 744 1587 796 ὃς
1619 750 1754 796 ποιεῖς

268 815 408 860 πάντα
449 815 503 859 τοὶ
546 812 766 872 θελήματά
805 832 903 870 μου.
969 818 1116 859 τοῦτον
1156 810 1230 858 οὖν
1271 813 1561 871 μιμησάμενοι
1609 813 1684 855 καί
1712 811 1751 856 οἱ

229 886 410 927 nioman*
438 882 492 927 τοὶ
521 882 650 939 ὅμοια
682 885 955 938 διέπραττον.

58 958 255 1004 A.M.6264
387 949 532 1011 Τούτῳ
558 952 615 1009 τῷ
642 949 729 994 ἔτει
762 951 1007 994 ἀπέστειλεν
1037 947 1059 992 ὅ
1090 951 1320 1006 Ἀβδελλᾶς
1357 950 1419 1000 εἷς
1442 947 1655 1006 Ἀφρικὴν
1680 946 1754 991 τὸν

269 1018 579 1074 ΙΙΙουαλάβιτον
605 1016 712 1073 μετὰ
743 1019 899 1061 πολλοῦ
927 1020 1125 1076 στρατοῦ,
1160 1017 1236 1061 καί
1251 1018 1448 1074 εἰσῆλθεν
1477 1015 1500 1058 ὅ
1522 1014 1753 1073 Ἀλφαδὰλ

269 1085 467 1145 Βαρινὰρ
510 1089 571 1137 εἰς
613 1086 879 1143 Ῥωμανίαν,
929 1086 1004 1129 καί
1044 1084 1196 1141 ἔλαβεν
1229 1083 1528 1141 αἰχμαλώτους
1556 1098 1754 1126 πεντακο-

268 1159 401 1205 σιόυς.
460 1152 500 1197 οἱ
538 1155 586 1197 δὲ
616 1157 922 1209 ΙΙΙΟΨΟυεστεῖς
961 1156 1293 1211 συναντηθέντες
1322 1148 1438 1211 αὐτῷ
1466 1152 1541 1195 καί
1564 1149 1752 1206 πολεμή-

269 1238 432 1277 σαντες,
464 1221 714 1265 οἷπέκτειναν
742 1222 788 1264 ἐκ
817 1224 902 1264 τῶν
933 1219 1127 1278 Ἀράβων
1151 1221 1334 1276 χιλίους.
1392 1219 1415 1262 ὅ
1445 1221 1493 1262 δὲ
1521 1219 1753 1274 Ἀβδελλᾶς

270 1288 469 1334 α’πελθιόν
511 1292 573 1341 εἰς
602 1289 654 1332 τὰ
682 1287 960 1345 Ἱεροσόλυμα
998 1287 1286 1346 ἐπενὴστευσε,
1314 1290 1390 1331 καί
1414 1289 1623 1344 ἐπέτρεψε
1643 1303 1752 1343 γρα-

269 1359 403 1416 φῆναι
446 1356 548 1408 τούς
580 1357 871 1414 Χριστιανούς
911 1356 987 1400 καί
1008 1357 1107 1407 τούς
1127 1357 1354 1413 Ἑβραίους
1389 1357 1450 1407 εἷς
1477 1354 1553 1408 τὰς
1581 1362 1749 1413 χεῖρας.

270 1427 345 1468 καί
371 1426 523 1469 πολλοὶ
549 1427 633 1469 τῶν
648 1427 922 1481 Χριστιανῶν
953 1424 1025 1467 διὰ
1054 1423 1277 1481 θαλάσσης
1305 1422 1466 1482 ἔφυγον
1498 1425 1560 1474 εἰς
1582 1423 1753 1478 Ῥωμα-

267 1492 375 1537 νιάν.
434 1492 653 1550 ἐκρατήθη
695 1494 742 1534 δὲ
771 1490 794 1534 ὅ
825 1493 1042 1548 Κούρικος
1070 1494 1243 1549 Σέργιος
1287 1490 1448 1545 ἔξωθεν
1486 1493 1649 1549 Συκῆς,
1679 1494 1754 1533 καί

230 1559 292 1604 Οὸ
324 1563 625 1619 Λαχέρφαβος
661 1562 836 1618 Σέργιος
871 1562 931 1612 εἰς
976 1560 1158 1618 Κύπρον
1205 1562 1252 1603 ἐκ
1290 1560 1521 1618 προσώπου
1567 1556 1626 1603 (ἒν
1666 1561 1768 1603 τῶνε

270 1630 422 1673 ἐκεῖσε.

373 1756 400 1778 ι.
431 1743 510 1780 ἔστι
535 1743 576 1780 δὲ
601 1741 682 1792 οὓς)
711 1741 777 1784 οὓς
801 1744 842 1780 δὲ
856 1744 897 1787 A,
925 1745 979 1780 ἔτι
1004 1743 1044 1780 δὲ
1071 1740 1136 1784 οὓς
1163 1743 1261 1789 vulg.
1358 1755 1391 1778 α.
1417 1742 1565 1788 ὑπήνας
1592 1744 1633 1785 Α,
1657 1742 1752 1787 ὑπή-

367 1803 447 1832 νεις
469 1791 568 1838 vulg.
679 1794 713 1826 3.
741 1792 893 1841 ὑφῆπτε
918 1795 957 1834 Α,
987 1791 1100 1840 ὑφείς
1126 1803 1164 1828 τε
1188 1793 1286 1837 vulg.
1386 1793 1419 1828 5.
1442 1795 1693 1840 παρέπεμπεν
1711 1795 1750 1826 Α.

367 1843 402 1876 8.
430 1839 556 1886 ἄνδρα
580 1851 652 1874 om.
677 1842 718 1875 A.
822 1853 875 1875 ιο.
902 1841 1177 1887 διέπραττονΛ,
1204 1839 1471 1887 διεπράττοντο
1495 1841 1593 1886 vulg.
1699 1841 1750 1875 13.

366 1885 542 1936 Βαδινὰρ
567 1889 597 1923 Α
623 1889 648 1922 f.
777 1888 828 1932 14.
859 1891 897 1925 οἱ
922 1890 960 1925 δὲ
981 1893 1089 1936 Μοψ.
1117 1891 1157 1930 A,
1187 1890 1225 1924 οἱ
1248 1893 1381 1936 Μεμψ.
1412 1889 1508 1934 vulg.
1634 1888 1686 1924 15.
1713 1889 1753 1924 ἐκ

365 1937 443 1974 τῶν
467 1936 520 1973 ’Λ-
548 1938 590 1979 Α,
616 1938 654 1978 ἐξ
674 1937 729 1974 Ἀ.
755 1938 850 1983 vulg.
971 1949 1029 1971 20.
1056 1939 1317 1985 Λαχέρβαφος
1342 1940 1382 1979 Α,
1406 1940 1568 1984 Σέργιος
1594 1949 1664 1971 oui.
1687 1937 1728 1970 A.

273 2041 474 2074 innumeris
500 2041 626 2075 oculos
645 2040 781 2075 effodit.
833 2041 1022 2075 nonnullis
1048 2040 1197 2074 barbam
1224 2045 1410 2086 unguento
1437 2052 1480 2074 cx
1497 2051 1578 2074 cera
1606 2045 1643 2074 et
1668 2041 1751 2074 oleo

273 2089 440 2122 confecto
466 2089 647 2132 illinebat,
672 2090 909 2136 immissoque
935 2090 974 2123 in
1005 2100 1083 2123 eam
1118 2090 1216 2134 igne,
1242 2095 1313 2123 tam
1344 2089 1472 2123 faciem
1499 2100 1606 2135 quam
1634 2090 1753 2134 ipsum

272 2137 488 2170 miserorum
513 2144 624 2182 caput
650 2137 897 2179 comburebat,
925 2138 1015 2171 alios
1053 2137 1221 2183 pluribus
1246 2137 1435 2172 tormentis
1463 2138 1685 2170 excruciatos
1714 2137 1754 2170 in

272 2184 425 2218 exilium
452 2186 602 2229 expulit.
632 2185 793 2232 denique
819 2185 1005 2219 hominem
1021 2197 1067 2219 ne
1095 2185 1244 2232 quidem
1261 2198 1374 2220 unum
1400 2185 1438 2218 in
1455 2190 1532 2218 tota
1561 2197 1625 2219 sua
1645 2197 1755 2231 prae-

274 2233 414 2266 sectura
442 2233 611 2266 monachi
638 2233 767 2267 habitu
793 2234 962 2268 indutum
990 2234 1153 2280 reliquit.
1203 2234 1304 2279 quod
1327 2244 1408 2268 cum
1436 2233 1641 2267 rescivisset
1666 2233 1754 2267 boui

275 2286 312 2315 et
337 2280 447 2326 aequi
475 2291 559 2314 osor
583 2282 792 2327 imperator,
820 2294 886 2327 per
911 2282 1054 2316 litteras
1082 2282 1122 2316 eiv
1141 2283 1273 2327 gratias
1300 2283 1385 2327 egit,
1411 2280 1468 2314 his
1493 2281 1626 2315 verbis:
1652 2282 1754 2315 iuxta

273 2328 448 2376 placitum
485 2339 605 2362 meum
641 2329 838 2364 facientem
883 2335 920 2364 te
956 2330 1136 2376 comperi,
1175 2331 1237 2376 qui
1283 2330 1322 2364 in
1358 2329 1527 2363 omnibus
1571 2330 1751 2364 voluntati

275 2387 380 2411 meae
415 2375 604 2410 satisfacis.
663 2388 774 2423 quare
812 2378 947 2412 caeteri
981 2389 1062 2412 eum
1097 2378 1232 2412 imitati
1268 2378 1308 2412 in
1341 2377 1469 2411 eadem
1503 2378 1640 2412 scelera
1665 2389 1754 2424 pro-

276 2428 465 2471 ruperunt.

85 2473 126 2507 A.
142 2472 180 2506 C.
195 2472 263 2519 764
347 2472 426 2506 Hoc
449 2482 546 2505 anno
573 2470 746 2505 Abdellas
764 2471 1006 2507 Mualabitum
1024 2484 1104 2506 cum
1129 2483 1322 2506 numeroso
1349 2474 1508 2508 exercitu
1532 2474 1572 2507 in
1598 2473 1753 2507 Africam

275 2520 389 2561 misit,
418 2525 456 2553 et
480 2518 662 2565 Alphadal
688 2520 846 2560 Barium,
878 2522 917 2554 iu
943 2522 1181 2554 Romanorum
1210 2521 1298 2554 fines
1326 2521 1532 2555 incursione
1561 2522 1667 2563 facta,
1694 2534 1754 2555 ca-

276 2568 395 2614 ptivos
423 2567 644 2613 quingentos
671 2566 835 2601 abduxit.
886 2567 972 2602 huic
995 2569 1292 2614 Mopsuestenses
1325 2570 1466 2604 obviam
1492 2570 1579 2604 facti
1604 2582 1757 2604 conser-

277 2617 323 2649 tis
349 2615 517 2649 manibus
543 2614 679 2649 Arabes
703 2615 804 2649 mille
831 2615 1055 2650 occiderunt.
1119 2616 1292 2651 Abdellas
1321 2617 1604 2662 Hierosolymam
1628 2619 1756 2664 profe-

277 2669 354 2697 ctus
383 2663 559 2697 ieiunium
583 2662 792 2703 celebravit,
818 2662 1113 2710 christianosque
1140 2670 1177 2699 et
1202 2665 1389 2700 Hebraeos
1412 2677 1539 2700 manus
1564 2667 1757 2712 inscriptas

278 2722 400 2755 gerere
419 2711 607 2757 compulit.
634 2723 744 2757 quare
765 2711 872 2745 multi
893 2724 936 2745 ex
952 2711 1166 2746 Christianis
1192 2713 1230 2746 in
1248 2715 1445 2747 Romanam
1463 2714 1639 2748 ditionem
1666 2714 1755 2747 mari

278 2759 485 2804 confugere.
533 2771 642 2804 porro
663 2760 810 2793 Curicus
835 2760 976 2804 Sergius
1003 2766 1103 2794 extra
1121 2762 1237 2804 Sycen
1262 2767 1300 2796 et
1319 2761 1596 2808 Lacherphabus
1613 2762 1756 2808 Sergius

278 2806 374 2853 apud
402 2807 556 2852 Cyprum
574 2832 583 2848 ‚
611 2808 675 2854 qui
700 2808 928 2854 imperatoris
955 2810 1049 2846 vices
1078 2807 1155 2844 illie
1178 2809 1368 2856 implebat,
1394 2811 1492 2857 capti
1517 2816 1612 2847 suut.
