<?xml version="1.0" encoding="UTF-8"?>
<!DOCTYPE html PUBLIC "-//W3C//DTD XHTML 1.0 Transitional//EN"
    "http://www.w3.org/TR/xhtml1/DTD/xhtml1-transitional.dtd">
<html xmlns="http://www.w3.org/1999/xhtml" xml:lang="en" lang="en">
 <head>
  <title>
</title>
<meta http-equiv="Content-Type" content="text/html;charset=utf-8" />
  <meta name='ocr-system' content='tesseract 3.04.00' />
  <meta name='ocr-capabilities' content='ocr_page ocr_carea ocr_par ocr_line ocrx_word'/>
</head>
<body>
  <div class='ocr_page' id='page_1' title='image "./corpusscriptorum46niebuoft_0682.png"; bbox 0 0 1768 3106; ppageno 0'>
   <div class='ocr_carea' id='block_1_1' title="bbox 232 158 1135 222">
    <p class='ocr_par' dir='ltr' id='par_1_1' title="bbox 232 158 1135 222">
     <span class='ocr_line' id='line_1_1' title="bbox 232 158 1135 222; baseline 0.011 -10"><span class='ocrx_word' id='word_1_1' title='bbox 232 158 303 213; x_wconf 77' lang='lat'>62</span> <span class='ocrx_word' id='word_1_2' title='bbox 316 178 343 213; x_wconf 85' lang='lat'><em>2</em></span> <span class='ocrx_word' id='word_1_3' title='bbox 785 178 1135 222; x_wconf 79' lang='lat' dir='ltr'>THEOPHANIS</span> 
     </span>
    </p>
   </div>
   <div class='ocr_carea' id='block_1_2' title="bbox 86 274 1767 1486">
    <p class='ocr_par' dir='ltr' id='par_1_2' title="bbox 86 274 1767 1486">
     <span class='ocr_line' id='line_1_2' title="bbox 230 274 1708 338; baseline 0.004 -19"><span class='ocrx_word' id='word_1_4' title='bbox 230 274 305 333; x_wconf 80' lang='grc' dir='ltr'><em>ρὸς</em></span> <span class='ocrx_word' id='word_1_5' title='bbox 326 275 560 334; x_wconf 78' lang='grc' dir='ltr'><em>οἷνέβρασεν</em></span> <span class='ocrx_word' id='word_1_6' title='bbox 599 280 813 334; x_wconf 81' lang='grc' dir='ltr'><em>α’ναμέσον</em></span> <span class='ocrx_word' id='word_1_7' title='bbox 845 279 993 337; x_wconf 77' lang='grc' dir='ltr'><em>Θήρας</em></span> <span class='ocrx_word' id='word_1_8' title='bbox 1034 279 1108 322; x_wconf 82' lang='grc' dir='ltr'>καί</span> <span class='ocrx_word' id='word_1_9' title='bbox 1139 281 1362 337; x_wconf 79' lang='grc' dir='ltr'><strong><em>Θηρασίας</em></strong></span> <span class='ocrx_word' id='word_1_10' title='bbox 1389 283 1472 324; x_wconf 76' lang='grc' dir='ltr'>τῶν</span> <span class='ocrx_word' id='word_1_11' title='bbox 1499 279 1639 338; x_wconf 80' lang='grc' dir='ltr'><em>νήσων</em></span> <span class='ocrx_word' id='word_1_12' title='bbox 1663 277 1708 325; x_wconf 82' lang='grc' dir='ltr'>ἔκ</span> 
     </span>
     <span class='ocr_line' id='line_1_3' title="bbox 228 345 1704 404; baseline 0.002 -16"><span class='ocrx_word' id='word_1_13' title='bbox 228 347 307 388; x_wconf 79' lang='grc' dir='ltr'>τοῦ</span> <span class='ocrx_word' id='word_1_14' title='bbox 334 348 479 400; x_wconf 73' lang='grc' dir='ltr'><em>βυθοῦ</em></span> <span class='ocrx_word' id='word_1_15' title='bbox 509 348 582 403; x_wconf 80' lang='grc' dir='ltr'><em>τῆς</em></span> <span class='ocrx_word' id='word_1_16' title='bbox 609 345 831 403; x_wconf 75' lang='grc' dir='ltr'><em>θαλάσσης</em></span> <span class='ocrx_word' id='word_1_17' title='bbox 873 350 944 390; x_wconf 73' lang='grc' dir='ltr'>ἐπὶ</span> <span class='ocrx_word' id='word_1_18' title='bbox 972 348 1133 404; x_wconf 73' lang='grc' dir='ltr'><em>ἡμέρας</em></span> <span class='ocrx_word' id='word_1_19' title='bbox 1160 346 1290 401; x_wconf 81' lang='grc' dir='ltr'><em>τινάς,</em></span> <span class='ocrx_word' id='word_1_20' title='bbox 1321 348 1397 391; x_wconf 78' lang='grc' dir='ltr'>καί</span> <span class='ocrx_word' id='word_1_21' title='bbox 1422 348 1537 398; x_wconf 61' lang='grc' dir='ltr'><em>κατὰ,</em></span> <span class='ocrx_word' id='word_1_22' title='bbox 1557 349 1704 404; x_wconf 78' lang='grc' dir='ltr'><em>βραχὺ</em></span> 
     </span>
     <span class='ocr_line' id='line_1_4' title="bbox 226 414 1707 473; baseline 0.003 -19"><span class='ocrx_word' id='word_1_23' title='bbox 226 414 522 470; x_wconf 80' lang='grc' dir='ltr'><em>παχυνομὲνης</em></span> <span class='ocrx_word' id='word_1_24' title='bbox 565 415 639 456; x_wconf 84' lang='grc' dir='ltr'>καί</span> <span class='ocrx_word' id='word_1_25' title='bbox 685 416 1026 471; x_wconf 72' lang='grc' dir='ltr'><em>α’πολιθουμένης</em></span> <span class='ocrx_word' id='word_1_26' title='bbox 1065 415 1117 471; x_wconf 82' lang='grc' dir='ltr'>τῇ</span> <span class='ocrx_word' id='word_1_27' title='bbox 1170 415 1320 468; x_wconf 79' lang='grc' dir='ltr'><em>ἐξάψει</em></span> <span class='ocrx_word' id='word_1_28' title='bbox 1361 417 1434 472; x_wconf 80' lang='grc' dir='ltr'><em>τῆς</em></span> <span class='ocrx_word' id='word_1_29' title='bbox 1477 415 1707 473; x_wconf 83' lang='grc' dir='ltr'><em>πυρώδους</em></span> 
     </span>
     <span class='ocr_line' id='line_1_5' title="bbox 225 477 1706 543; baseline 0.003 -21"><span class='ocrx_word' id='word_1_30' title='bbox 225 477 478 534; x_wconf 77' lang='grc' dir='ltr'><em>ἐκκαύσεως,</em></span> <span class='ocrx_word' id='word_1_31' title='bbox 511 478 608 531; x_wconf 78' lang='grc' dir='ltr'><em>ὅλος</em></span> <span class='ocrx_word' id='word_1_32' title='bbox 639 481 662 522; x_wconf 81' lang='grc' dir='ltr'>ὅ</span> <span class='ocrx_word' id='word_1_33' title='bbox 693 480 849 532; x_wconf 84' lang='grc' dir='ltr'><em>καπνὸς</em></span> <span class='ocrx_word' id='word_1_34' title='bbox 878 482 1136 540; x_wconf 79' lang='grc' dir='ltr'><em>πυροφανὴς</em></span> <span class='ocrx_word' id='word_1_35' title='bbox 1165 484 1392 526; x_wconf 83' lang='grc' dir='ltr'><em>ἐδείκνυτο.</em></span> <span class='ocrx_word' id='word_1_36' title='bbox 1463 485 1517 543; x_wconf 83' lang='grc' dir='ltr'>τῇ</span> <span class='ocrx_word' id='word_1_37' title='bbox 1547 486 1595 527; x_wconf 81' lang='grc' dir='ltr'>δὲ</span> <span class='ocrx_word' id='word_1_38' title='bbox 1623 501 1706 526; x_wconf 81' lang='grc' dir='ltr'><em>πα-</em></span> 
     </span>
     <span class='ocr_line' id='line_1_6' title="bbox 222 545 1742 606; baseline 0.004 -17"><span class='ocrx_word' id='word_1_39' title='bbox 222 545 379 605; x_wconf 79' lang='grc' dir='ltr'><em>χύτητι</em></span> <span class='ocrx_word' id='word_1_40' title='bbox 408 551 484 603; x_wconf 78' lang='grc' dir='ltr'><em>τῆς</em></span> <span class='ocrx_word' id='word_1_41' title='bbox 511 548 699 603; x_wconf 76' lang='grc' dir='ltr'><em>γεώδους</em></span> <span class='ocrx_word' id='word_1_42' title='bbox 729 550 891 606; x_wconf 81' lang='grc' dir='ltr'><em>ου’σιάς,</em></span> <span class='ocrx_word' id='word_1_43' title='bbox 922 549 1284 606; x_wconf 82' lang='grc' dir='ltr'><em>πετροκισσήρους</em></span> <span class='ocrx_word' id='word_1_44' title='bbox 1309 551 1522 606; x_wconf 79' lang='grc' dir='ltr'><em>μεγάλους</em></span> <span class='ocrx_word' id='word_1_45' title='bbox 1551 551 1609 601; x_wconf 77' lang='grc' dir='ltr'><em>ὥς</em></span> <span class='ocrx_word' id='word_1_46' title='bbox 1637 555 1742 604; x_wconf 84' lang='grc' dir='ltr'><em>λί-5</em></span> 
     </span>
     <span class='ocr_line' id='line_1_7' title="bbox 222 613 1703 674; baseline 0.004 -17"><span class='ocrx_word' id='word_1_47' title='bbox 222 617 331 665; x_wconf 76' lang='grc' dir='ltr'><em>θὀυς</em></span> <span class='ocrx_word' id='word_1_48' title='bbox 357 615 473 665; x_wconf 78' lang='grc' dir='ltr'><em>τινὰς</em></span> <span class='ocrx_word' id='word_1_49' title='bbox 506 617 762 671; x_wconf 80' lang='grc' dir='ltr'><em>α’ναπὲμψαι</em></span> <span class='ocrx_word' id='word_1_50' title='bbox 793 620 889 659; x_wconf 74' lang='grc' dir='ltr'><em>καθ’</em></span> <span class='ocrx_word' id='word_1_51' title='bbox 924 613 1024 674; x_wconf 77' lang='grc' dir='ltr'><em>ὅλης</em></span> <span class='ocrx_word' id='word_1_52' title='bbox 1051 620 1123 673; x_wconf 78' lang='grc' dir='ltr'><em>τῆς</em></span> <span class='ocrx_word' id='word_1_53' title='bbox 1150 619 1307 674; x_wconf 79' lang='grc' dir='ltr'><em>μικρᾶς</em></span> <span class='ocrx_word' id='word_1_54' title='bbox 1334 618 1480 669; x_wconf 84' lang='grc' dir='ltr'><em>Ἀσίας</em></span> <span class='ocrx_word' id='word_1_55' title='bbox 1506 620 1582 662; x_wconf 82' lang='grc' dir='ltr'>καί</span> <span class='ocrx_word' id='word_1_56' title='bbox 1609 624 1703 666; x_wconf 78' lang='grc' dir='ltr'>Λέ-</span> 
     </span>
     <span class='ocr_line' id='line_1_8' title="bbox 223 680 1704 742; baseline 0.005 -19"><span class='ocrx_word' id='word_1_57' title='bbox 223 686 329 736; x_wconf 83' lang='grc' dir='ltr'><em>σβου</em></span> <span class='ocrx_word' id='word_1_58' title='bbox 359 685 434 724; x_wconf 87' lang='grc' dir='ltr'><em>καί</em></span> <span class='ocrx_word' id='word_1_59' title='bbox 463 680 651 737; x_wconf 78' lang='grc' dir='ltr'><em>Ἀβύδου</em></span> <span class='ocrx_word' id='word_1_60' title='bbox 693 683 768 727; x_wconf 83' lang='grc' dir='ltr'>καί</span> <span class='ocrx_word' id='word_1_61' title='bbox 796 687 870 740; x_wconf 83' lang='grc' dir='ltr'><em>τῆς</em></span> <span class='ocrx_word' id='word_1_62' title='bbox 912 683 1020 742; x_wconf 79' lang='grc' dir='ltr'><em>πρὸς</em></span> <span class='ocrx_word' id='word_1_63' title='bbox 1062 685 1288 728; x_wconf 76' lang='grc' dir='ltr'><em>θάλασσαν</em></span> <span class='ocrx_word' id='word_1_64' title='bbox 1318 688 1608 741; x_wconf 72' lang='grc' dir='ltr'><em>Μακεδονίας,</em></span> <span class='ocrx_word' id='word_1_65' title='bbox 1645 686 1704 739; x_wconf 78' lang='grc' dir='ltr'><em>ὥς</em></span> 
     </span>
     <span class='ocr_line' id='line_1_9' title="bbox 86 745 1703 832; baseline 0.006 -45"><span class='ocrx_word' id='word_1_66' title='bbox 86 754 124 788; x_wconf 90' lang='lat' dir='ltr'>P.</span> <span class='ocrx_word' id='word_1_67' title='bbox 139 754 209 797; x_wconf 86' lang='lat'>339</span> <span class='ocrx_word' id='word_1_68' title='bbox 223 745 338 792; x_wconf 73' lang='grc' dir='ltr'><em>ἅπαν</em></span> <span class='ocrx_word' id='word_1_69' title='bbox 365 748 412 792; x_wconf 85' lang='grc' dir='ltr'>τὸ</span> <span class='ocrx_word' id='word_1_70' title='bbox 446 749 675 806; x_wconf 81' lang='grc' dir='ltr'><em>πρόσωπον</em></span> <span class='ocrx_word' id='word_1_71' title='bbox 712 754 787 807; x_wconf 78' lang='grc' dir='ltr'><em>τῆς</em></span> <span class='ocrx_word' id='word_1_72' title='bbox 817 751 1040 809; x_wconf 73' lang='grc' dir='ltr'><em>θαλάσσης</em></span> <span class='ocrx_word' id='word_1_73' title='bbox 1076 751 1231 809; x_wconf 78' lang='grc' dir='ltr'><em>ταύτης</em></span> <span class='ocrx_word' id='word_1_74' title='bbox 1260 755 1489 832; x_wconf 62' lang='grc' dir='ltr'><em>κισσηρων</em></span> <span class='ocrx_word' id='word_1_75' title='bbox 1499 755 1703 797; x_wconf 79' lang='grc' dir='ltr'><em>ἑπιπολα.</em></span> 
     </span>
     <span class='ocr_line' id='line_1_10' title="bbox 222 816 1702 877; baseline 0.004 -19"><span class='ocrx_word' id='word_1_76' title='bbox 222 816 376 868; x_wconf 85' lang='grc' dir='ltr'><em>ζόντων</em></span> <span class='ocrx_word' id='word_1_77' title='bbox 404 820 575 872; x_wconf 86' lang='grc' dir='ltr'><em>γέμειν·</em></span> <span class='ocrx_word' id='word_1_78' title='bbox 651 821 783 873; x_wconf 82' lang='grc' dir='ltr'><em>μέσον</em></span> <span class='ocrx_word' id='word_1_79' title='bbox 813 822 861 863; x_wconf 80' lang='grc' dir='ltr'>δὲ</span> <span class='ocrx_word' id='word_1_80' title='bbox 885 836 960 862; x_wconf 88' lang='grc' dir='ltr'><em>του</em></span> <span class='ocrx_word' id='word_1_81' title='bbox 993 820 1243 875; x_wconf 80' lang='grc' dir='ltr'><em>τηλικούτου</em></span> <span class='ocrx_word' id='word_1_82' title='bbox 1272 819 1411 876; x_wconf 80' lang='grc' dir='ltr'><em>πυρὰς</em></span> <span class='ocrx_word' id='word_1_83' title='bbox 1437 823 1565 877; x_wconf 82' lang='grc' dir='ltr'><em>νῆσος</em></span> <span class='ocrx_word' id='word_1_84' title='bbox 1595 822 1702 864; x_wconf 79' lang='grc' dir='ltr'><em>α’πο-</em></span> 
     </span>
     <span class='ocr_line' id='line_1_11' title="bbox 217 886 1767 948; baseline 0.005 -23"><span class='ocrx_word' id='word_1_85' title='bbox 217 888 427 939; x_wconf 77' lang='grc' dir='ltr'><em>γεωθεῖσα</em></span> <span class='ocrx_word' id='word_1_86' title='bbox 468 889 522 944; x_wconf 83' lang='grc' dir='ltr'>τῇ</span> <span class='ocrx_word' id='word_1_87' title='bbox 547 886 659 944; x_wconf 78' lang='grc' dir='ltr'><em>Ἱερᾷ</em></span> <span class='ocrx_word' id='word_1_88' title='bbox 702 890 904 946; x_wconf 75' lang='grc' dir='ltr'><em>λεγομένῃ</em></span> <span class='ocrx_word' id='word_1_89' title='bbox 946 886 1060 948; x_wconf 83' lang='grc' dir='ltr'><em>νήσω</em></span> <span class='ocrx_word' id='word_1_90' title='bbox 1097 887 1324 945; x_wconf 72' lang='grc' dir='ltr'><em>συνηφθη,</em></span> <span class='ocrx_word' id='word_1_91' title='bbox 1356 905 1484 944; x_wconf 87' lang='grc' dir='ltr'><em>μηπω</em></span> <span class='ocrx_word' id='word_1_92' title='bbox 1526 888 1574 932; x_wconf 84' lang='grc' dir='ltr'>τὸ</span> <span class='ocrx_word' id='word_1_93' title='bbox 1602 907 1701 947; x_wconf 86' lang='grc' dir='ltr'><em>ποιν</em></span> <span class='ocrx_word' id='word_1_94' title='bbox 1719 910 1767 940; x_wconf 78' lang='lat'>10</span> 
     </span>
     <span class='ocr_line' id='line_1_12' title="bbox 218 947 1700 1013; baseline 0.004 -19"><span class='ocrx_word' id='word_1_95' title='bbox 218 947 351 1009; x_wconf 75' lang='grc' dir='ltr'><em>οὖσα,</em></span> <span class='ocrx_word' id='word_1_96' title='bbox 393 952 486 996; x_wconf 65' lang='grc' dir='ltr'><em>ἀλλ’</em></span> <span class='ocrx_word' id='word_1_97' title='bbox 529 971 587 1004; x_wconf 90' lang='grc' dir='ltr'><em>ως</em></span> <span class='ocrx_word' id='word_1_98' title='bbox 625 953 671 997; x_wconf 80' lang='grc' dir='ltr'><em>αἱ</em></span> <span class='ocrx_word' id='word_1_99' title='bbox 715 959 1030 1012; x_wconf 76' lang='grc' dir='ltr'><em>προρρηθεῖσαι</em></span> <span class='ocrx_word' id='word_1_100' title='bbox 1069 955 1202 1012; x_wconf 76' lang='grc' dir='ltr'><em>νῆσοι,</em></span> <span class='ocrx_word' id='word_1_101' title='bbox 1246 956 1372 1011; x_wconf 77' lang='grc' dir='ltr'><em>Θήρα</em></span> <span class='ocrx_word' id='word_1_102' title='bbox 1401 973 1471 999; x_wconf 89' lang='grc' dir='ltr'>και</span> <span class='ocrx_word' id='word_1_103' title='bbox 1502 958 1700 1013; x_wconf 84' lang='grc' dir='ltr'><em>Θηρασιά</em></span> 
     </span>
     <span class='ocr_line' id='line_1_13' title="bbox 215 1018 1702 1080; baseline 0.004 -19"><span class='ocrx_word' id='word_1_104' title='bbox 215 1023 315 1062; x_wconf 84' lang='grc' dir='ltr'><em>ποτὲ</em></span> <span class='ocrx_word' id='word_1_105' title='bbox 344 1018 690 1080; x_wconf 68' lang='grc' dir='ltr'><em>ἐξεβράσθησαν,</em></span> <span class='ocrx_word' id='word_1_106' title='bbox 730 1018 839 1066; x_wconf 71' lang='grc' dir='ltr'><em>οὕτω</em></span> <span class='ocrx_word' id='word_1_107' title='bbox 867 1022 941 1065; x_wconf 81' lang='grc' dir='ltr'><em>καὶ</em></span> <span class='ocrx_word' id='word_1_108' title='bbox 968 1020 1077 1079; x_wconf 71' lang='grc' dir='ltr'><em>αὕτη</em></span> <span class='ocrx_word' id='word_1_109' title='bbox 1109 1025 1186 1066; x_wconf 81' lang='grc' dir='ltr'>νῦν</span> <span class='ocrx_word' id='word_1_110' title='bbox 1216 1022 1289 1065; x_wconf 76' lang='grc' dir='ltr'>ἐπὶ</span> <span class='ocrx_word' id='word_1_111' title='bbox 1317 1025 1401 1066; x_wconf 79' lang='grc' dir='ltr'>τῶν</span> <span class='ocrx_word' id='word_1_112' title='bbox 1429 1022 1599 1079; x_wconf 84' lang='grc' dir='ltr'><em>χρόνων</em></span> <span class='ocrx_word' id='word_1_113' title='bbox 1625 1025 1702 1068; x_wconf 77' lang='grc' dir='ltr'>τοῦ</span> 
     </span>
     <span class='ocr_line' id='line_1_14' title="bbox 214 1087 1698 1148; baseline 0.004 -19"><span class='ocrx_word' id='word_1_114' title='bbox 214 1087 436 1143; x_wconf 78' lang='grc' dir='ltr'><em>θεομάχου</em></span> <span class='ocrx_word' id='word_1_115' title='bbox 467 1091 683 1139; x_wconf 82' lang='grc' dir='ltr'><em>Λέοντος·</em></span> <span class='ocrx_word' id='word_1_116' title='bbox 753 1087 801 1140; x_wconf 74' lang='grc' dir='ltr'><em>ὃς</em></span> <span class='ocrx_word' id='word_1_117' title='bbox 844 1088 920 1145; x_wconf 80' lang='grc' dir='ltr'>τήν</span> <span class='ocrx_word' id='word_1_118' title='bbox 961 1092 1051 1133; x_wconf 84' lang='grc' dir='ltr'><em>κατ’</em></span> <span class='ocrx_word' id='word_1_119' title='bbox 1095 1090 1231 1133; x_wconf 66' lang='grc' dir='ltr'><em>αὐτοῦ</em></span> <span class='ocrx_word' id='word_1_120' title='bbox 1268 1092 1394 1134; x_wconf 75' lang='grc' dir='ltr'><em>θείαν</em></span> <span class='ocrx_word' id='word_1_121' title='bbox 1431 1090 1560 1148; x_wconf 82' lang='grc' dir='ltr'><em>ὄργὴν</em></span> <span class='ocrx_word' id='word_1_122' title='bbox 1590 1091 1698 1148; x_wconf 75' lang='grc' dir='ltr'>ὑπὲρ</span> 
     </span>
     <span class='ocr_line' id='line_1_15' title="bbox 215 1151 1702 1215; baseline 0.004 -18"><span class='ocrx_word' id='word_1_123' title='bbox 215 1151 371 1198; x_wconf 75' lang='grc' dir='ltr'><em>ἑαυτοῦ</em></span> <span class='ocrx_word' id='word_1_124' title='bbox 412 1156 712 1214; x_wconf 73' lang='grc' dir='ltr'><em>λογισάμενος,</em></span> <span class='ocrx_word' id='word_1_125' title='bbox 743 1159 1049 1213; x_wconf 83' lang='grc' dir='ltr'><em>α’ναιδέστερον</em></span> <span class='ocrx_word' id='word_1_126' title='bbox 1092 1156 1202 1202; x_wconf 78' lang='grc' dir='ltr'><em>κατὰ</em></span> <span class='ocrx_word' id='word_1_127' title='bbox 1246 1162 1332 1201; x_wconf 74' lang='grc' dir='ltr'>τῶν</span> <span class='ocrx_word' id='word_1_128' title='bbox 1375 1159 1507 1215; x_wconf 77' lang='grc' dir='ltr'><em>ἁγίων</em></span> <span class='ocrx_word' id='word_1_129' title='bbox 1535 1159 1610 1203; x_wconf 82' lang='grc' dir='ltr'>καί</span> <span class='ocrx_word' id='word_1_130' title='bbox 1631 1176 1702 1203; x_wconf 83' lang='grc' dir='ltr'><em>σε·</em></span> 
     </span>
     <span class='ocr_line' id='line_1_16' title="bbox 213 1220 1767 1284; baseline 0.005 -20"><span class='ocrx_word' id='word_1_131' title='bbox 213 1224 328 1265; x_wconf 80' lang='grc' dir='ltr'>πτῶν</span> <span class='ocrx_word' id='word_1_132' title='bbox 358 1223 527 1267; x_wconf 83' lang='grc' dir='ltr'><em>εἰκόνων</em></span> <span class='ocrx_word' id='word_1_133' title='bbox 558 1220 698 1281; x_wconf 73' lang='grc' dir='ltr'><em>ἤγειρε</em></span> <span class='ocrx_word' id='word_1_134' title='bbox 730 1224 922 1282; x_wconf 72' lang='grc' dir='ltr'><em>πόλεμον,</em></span> <span class='ocrx_word' id='word_1_135' title='bbox 950 1224 1181 1281; x_wconf 77' lang='grc' dir='ltr'><em>σύμμαχον</em></span> <span class='ocrx_word' id='word_1_136' title='bbox 1209 1224 1321 1282; x_wconf 82' lang='grc' dir='ltr'><em>ἔχων</em></span> <span class='ocrx_word' id='word_1_137' title='bbox 1339 1225 1488 1284; x_wconf 82' lang='grc' dir='ltr'><em>Βησὴρ</em></span> <span class='ocrx_word' id='word_1_138' title='bbox 1514 1226 1591 1271; x_wconf 83' lang='grc' dir='ltr'>τὸν</span> <span class='ocrx_word' id='word_1_139' title='bbox 1625 1228 1701 1283; x_wconf 84' lang='grc' dir='ltr'><em>α’ρ-</em></span> <span class='ocrx_word' id='word_1_140' title='bbox 1718 1233 1767 1276; x_wconf 69' lang='grc' dir='ltr'><em>ιᾶ</em></span> 
     </span>
     <span class='ocr_line' id='line_1_17' title="bbox 215 1290 1701 1352; baseline 0.003 -20"><span class='ocrx_word' id='word_1_141' title='bbox 215 1291 435 1348; x_wconf 77' lang='grc' dir='ltr'><em>νησίθεον,</em></span> <span class='ocrx_word' id='word_1_142' title='bbox 465 1294 541 1334; x_wconf 85' lang='grc' dir='ltr'><em>καί</em></span> <span class='ocrx_word' id='word_1_143' title='bbox 565 1295 640 1350; x_wconf 81' lang='grc' dir='ltr'><em>τῆς</em></span> <span class='ocrx_word' id='word_1_144' title='bbox 668 1292 762 1350; x_wconf 86' lang='grc' dir='ltr'><em>ἴσης</em></span> <span class='ocrx_word' id='word_1_145' title='bbox 793 1293 968 1349; x_wconf 84' lang='grc' dir='ltr'><em>οἷλογίας</em></span> <span class='ocrx_word' id='word_1_146' title='bbox 999 1293 1255 1351; x_wconf 76' lang='grc' dir='ltr'><em>ἐφάμιλλον.</em></span> <span class='ocrx_word' id='word_1_147' title='bbox 1314 1290 1449 1352; x_wconf 71' lang='grc' dir='ltr'><em>ἄμφω</em></span> <span class='ocrx_word' id='word_1_148' title='bbox 1476 1294 1560 1350; x_wconf 82' lang='grc' dir='ltr'>γὰρ</span> <span class='ocrx_word' id='word_1_149' title='bbox 1590 1295 1701 1336; x_wconf 78' lang='grc' dir='ltr'><em>ἁπά-</em></span> 
     </span>
     <span class='ocr_line' id='line_1_18' title="bbox 175 1356 1700 1419; baseline 0.004 -20"><span class='ocrx_word' id='word_1_150' title='bbox 175 1371 289 1414; x_wconf 85' lang='grc' dir='ltr'><em>Βσης</em></span> <span class='ocrx_word' id='word_1_151' title='bbox 318 1358 604 1411; x_wconf 72' lang='grc' dir='ltr'><em>ἀπαιδευσίας</em></span> <span class='ocrx_word' id='word_1_152' title='bbox 632 1357 744 1416; x_wconf 77' lang='grc' dir='ltr'><em>ἦσαν</em></span> <span class='ocrx_word' id='word_1_153' title='bbox 773 1360 947 1415; x_wconf 72' lang='grc' dir='ltr'><em>ἔμπλεοι</em></span> <span class='ocrx_word' id='word_1_154' title='bbox 977 1363 1052 1404; x_wconf 86' lang='grc' dir='ltr'>καί</span> <span class='ocrx_word' id='word_1_155' title='bbox 1075 1361 1213 1418; x_wconf 75' lang='grc' dir='ltr'><em>πάσης</em></span> <span class='ocrx_word' id='word_1_156' title='bbox 1251 1360 1460 1419; x_wconf 74' lang='grc' dir='ltr'><em>οἷμαθίας,</em></span> <span class='ocrx_word' id='word_1_157' title='bbox 1492 1365 1536 1414; x_wconf 79' lang='grc' dir='ltr'>ἐξ</span> <span class='ocrx_word' id='word_1_158' title='bbox 1565 1356 1616 1418; x_wconf 73' lang='grc' dir='ltr'><em>ἧς</em></span> <span class='ocrx_word' id='word_1_159' title='bbox 1647 1360 1700 1405; x_wconf 78' lang='grc' dir='ltr'>τοὶ</span> 
     </span>
     <span class='ocr_line' id='line_1_19' title="bbox 214 1425 1704 1486; baseline 0.003 -19"><span class='ocrx_word' id='word_1_160' title='bbox 214 1425 348 1469; x_wconf 82' lang='grc' dir='ltr'><em>πολλοὶ</em></span> <span class='ocrx_word' id='word_1_161' title='bbox 378 1429 463 1469; x_wconf 80' lang='grc' dir='ltr'>τῶν</span> <span class='ocrx_word' id='word_1_162' title='bbox 500 1430 641 1471; x_wconf 76' lang='grc' dir='ltr'><em>κακῶν</em></span> <span class='ocrx_word' id='word_1_163' title='bbox 683 1427 876 1486; x_wconf 79' lang='grc' dir='ltr'><em>ἔρχεται.</em></span> <span class='ocrx_word' id='word_1_164' title='bbox 951 1428 990 1471; x_wconf 79' lang='grc' dir='ltr'>οἱ</span> <span class='ocrx_word' id='word_1_165' title='bbox 1019 1430 1066 1471; x_wconf 79' lang='grc' dir='ltr'>δὲ</span> <span class='ocrx_word' id='word_1_166' title='bbox 1098 1427 1208 1472; x_wconf 76' lang='grc' dir='ltr'><em>κατὰ</em></span> <span class='ocrx_word' id='word_1_167' title='bbox 1238 1429 1314 1486; x_wconf 77' lang='grc' dir='ltr'>τὴν</span> <span class='ocrx_word' id='word_1_168' title='bbox 1345 1431 1551 1485; x_wconf 80' lang='grc' dir='ltr'><em>βασιλίδα</em></span> <span class='ocrx_word' id='word_1_169' title='bbox 1579 1430 1704 1473; x_wconf 89' lang='grc' dir='ltr'><em>πόλιν</em></span> 
     </span>
    </p>
   </div>
   <div class='ocr_carea' id='block_1_3' title="bbox 305 1571 1700 2007">
    <p class='ocr_par' dir='ltr' id='par_1_3' title="bbox 305 1571 1700 2007">
     <span class='ocr_line' id='line_1_20' title="bbox 315 1571 1698 1623; baseline 0.001 -14"><span class='ocrx_word' id='word_1_170' title='bbox 315 1586 344 1609; x_wconf 84' lang='grc' dir='ltr'>ι.</span> <span class='ocrx_word' id='word_1_171' title='bbox 368 1573 446 1610; x_wconf 83' lang='grc' dir='ltr'><em>τῶν</em></span> <span class='ocrx_word' id='word_1_172' title='bbox 470 1571 600 1617; x_wconf 75' lang='grc' dir='ltr'><em>νήσων</em></span> <span class='ocrx_word' id='word_1_173' title='bbox 624 1574 665 1611; x_wconf 72' lang='grc' dir='ltr'>ἐκ</span> <span class='ocrx_word' id='word_1_174' title='bbox 688 1574 756 1610; x_wconf 78' lang='grc' dir='ltr'>τοῦ</span> <span class='ocrx_word' id='word_1_175' title='bbox 781 1574 902 1621; x_wconf 79' lang='grc' dir='ltr'><em>βυθοῦ</em></span> <span class='ocrx_word' id='word_1_176' title='bbox 924 1575 980 1618; x_wconf 87' lang='lat' dir='ltr'>A,</span> <span class='ocrx_word' id='word_1_177' title='bbox 1016 1576 1057 1611; x_wconf 75' lang='grc' dir='ltr'>ἐκ</span> <span class='ocrx_word' id='word_1_178' title='bbox 1080 1575 1147 1610; x_wconf 83' lang='grc' dir='ltr'>τοῦ</span> <span class='ocrx_word' id='word_1_179' title='bbox 1181 1575 1302 1622; x_wconf 78' lang='grc' dir='ltr'><em>βυθοῦ</em></span> <span class='ocrx_word' id='word_1_180' title='bbox 1338 1574 1415 1612; x_wconf 81' lang='grc' dir='ltr'><em>τῶν</em></span> <span class='ocrx_word' id='word_1_181' title='bbox 1448 1576 1578 1620; x_wconf 80' lang='grc' dir='ltr'><em>νήσων</em></span> <span class='ocrx_word' id='word_1_182' title='bbox 1601 1577 1698 1623; x_wconf 85' lang='lat' dir='ltr'><strong>vulg.</strong></span> 
     </span>
     <span class='ocr_line' id='line_1_21' title="bbox 310 1622 1700 1682; baseline 0.004 -27"><span class='ocrx_word' id='word_1_183' title='bbox 310 1622 344 1655; x_wconf 89' lang='grc'>3.</span> <span class='ocrx_word' id='word_1_184' title='bbox 370 1625 639 1680; x_wconf 80' lang='grc' dir='ltr'><em>παχυνομένης</em></span> <span class='ocrx_word' id='word_1_185' title='bbox 674 1626 739 1658; x_wconf 83' lang='grc' dir='ltr'>και</span> <span class='ocrx_word' id='word_1_186' title='bbox 763 1622 1069 1671; x_wconf 74' lang='grc' dir='ltr'><em>ἄπολιθουμένης</em></span> <span class='ocrx_word' id='word_1_187' title='bbox 1102 1623 1143 1672; x_wconf 77' lang='grc' dir='ltr'>τῇ</span> <span class='ocrx_word' id='word_1_188' title='bbox 1169 1623 1300 1682; x_wconf 74' lang='grc' dir='ltr'><em>ἐξάψει</em></span> <span class='ocrx_word' id='word_1_189' title='bbox 1324 1624 1390 1668; x_wconf 78' lang='grc' dir='ltr'>τῆς</span> <span class='ocrx_word' id='word_1_190' title='bbox 1413 1624 1612 1671; x_wconf 82' lang='grc' dir='ltr'><em>πυρώδους</em></span> <span class='ocrx_word' id='word_1_191' title='bbox 1637 1627 1700 1661; x_wconf 74' lang='grc' dir='ltr'>ἐκ·-</span> 
     </span>
     <span class='ocr_line' id='line_1_22' title="bbox 305 1670 1699 1729; baseline 0.004 -24"><span class='ocrx_word' id='word_1_192' title='bbox 305 1670 481 1710; x_wconf 82' lang='grc' dir='ltr'><em>καύσεως</em></span> <span class='ocrx_word' id='word_1_193' title='bbox 516 1672 546 1704; x_wconf 90' lang='lat' dir='ltr'>A</span> <span class='ocrx_word' id='word_1_194' title='bbox 576 1671 721 1717; x_wconf 87' lang='lat' dir='ltr'>(partim</span> <span class='ocrx_word' id='word_1_195' title='bbox 753 1683 772 1706; x_wconf 87' lang='lat' dir='ltr'>e</span> <span class='ocrx_word' id='word_1_196' title='bbox 800 1673 863 1718; x_wconf 86' lang='lat' dir='ltr'>f),</span> <span class='ocrx_word' id='word_1_197' title='bbox 899 1675 1130 1720; x_wconf 77' lang='grc' dir='ltr'><em>παχνωιιένη</em></span> <span class='ocrx_word' id='word_1_198' title='bbox 1160 1675 1227 1708; x_wconf 83' lang='grc' dir='ltr'><em>καὶ</em></span> <span class='ocrx_word' id='word_1_199' title='bbox 1264 1670 1546 1729; x_wconf 72' lang='grc' dir='ltr'><em>ἄπολιθουμένη</em></span> <span class='ocrx_word' id='word_1_200' title='bbox 1571 1673 1612 1722; x_wconf 75' lang='grc' dir='ltr'>τῇ</span> <span class='ocrx_word' id='word_1_201' title='bbox 1638 1675 1699 1710; x_wconf 75' lang='grc' dir='ltr'>ἐκ·</span> 
     </span>
     <span class='ocr_line' id='line_1_23' title="bbox 307 1717 1697 1768; baseline 0.001 -14"><span class='ocrx_word' id='word_1_202' title='bbox 307 1718 444 1754; x_wconf 83' lang='grc' dir='ltr'><em>καύσει</em></span> <span class='ocrx_word' id='word_1_203' title='bbox 467 1718 529 1762; x_wconf 80' lang='grc' dir='ltr'><em>τῆς</em></span> <span class='ocrx_word' id='word_1_204' title='bbox 551 1719 754 1767; x_wconf 75' lang='grc' dir='ltr'><em>πυρώδους</em></span> <span class='ocrx_word' id='word_1_205' title='bbox 780 1720 1013 1768; x_wconf 82' lang='grc' dir='ltr'><em>φλογώσεως</em></span> <span class='ocrx_word' id='word_1_206' title='bbox 1042 1721 1140 1765; x_wconf 83' lang='lat' dir='ltr'><strong>vulg.</strong></span> <span class='ocrx_word' id='word_1_207' title='bbox 1239 1720 1272 1765; x_wconf 90' lang='grc'>4.</span> <span class='ocrx_word' id='word_1_208' title='bbox 1301 1717 1506 1767; x_wconf 78' lang='grc' dir='ltr'><em>προφανὴς</em></span> <span class='ocrx_word' id='word_1_209' title='bbox 1529 1722 1565 1755; x_wconf 90' lang='lat' dir='ltr'>b.</span> <span class='ocrx_word' id='word_1_210' title='bbox 1663 1724 1697 1756; x_wconf 89' lang='lat'>5.</span> 
     </span>
     <span class='ocr_line' id='line_1_24' title="bbox 309 1766 1695 1831; baseline 0.002 -31"><span class='ocrx_word' id='word_1_211' title='bbox 309 1768 453 1831; x_wconf 76' lang='grc' dir='ltr'><em>λίθους]</em></span> <span class='ocrx_word' id='word_1_212' title='bbox 479 1766 626 1815; x_wconf 69' lang='grc' dir='ltr'><em>λόφους</em></span> <span class='ocrx_word' id='word_1_213' title='bbox 654 1768 680 1803; x_wconf 77' lang='grc' dir='ltr'>Α</span> <span class='ocrx_word' id='word_1_214' title='bbox 707 1779 726 1802; x_wconf 93' lang='lat' dir='ltr'>e</span> <span class='ocrx_word' id='word_1_215' title='bbox 754 1769 781 1805; x_wconf 86' lang='lat' dir='ltr'>f.</span> <span class='ocrx_word' id='word_1_216' title='bbox 879 1770 912 1804; x_wconf 90' lang='grc'><strong>8</strong></span> <span class='ocrx_word' id='word_1_217' title='bbox 936 1778 1040 1804; x_wconf 81' lang='grc' dir='ltr'><em>κισσ.</em></span> <span class='ocrx_word' id='word_1_218' title='bbox 1070 1771 1136 1804; x_wconf 84' lang='grc' dir='ltr'><em>καὶ</em></span> <span class='ocrx_word' id='word_1_219' title='bbox 1161 1768 1475 1811; x_wconf 76' lang='grc' dir='ltr'><em>ἐπιπωλαζόντων</em></span> <span class='ocrx_word' id='word_1_220' title='bbox 1500 1770 1541 1804; x_wconf 89' lang='lat' dir='ltr'>A.</span> <span class='ocrx_word' id='word_1_221' title='bbox 1642 1781 1695 1805; x_wconf 85' lang='grc' dir='ltr'><em>ιι.</em></span> 
     </span>
     <span class='ocr_line' id='line_1_25' title="bbox 309 1814 1697 1863; baseline 0.002 -15"><span class='ocrx_word' id='word_1_222' title='bbox 309 1814 387 1850; x_wconf 76' lang='grc' dir='ltr'><em>ἀλλ’</em></span> <span class='ocrx_word' id='word_1_223' title='bbox 423 1829 474 1855; x_wconf 88' lang='grc' dir='ltr'><em>ως</em></span> <span class='ocrx_word' id='word_1_224' title='bbox 494 1816 534 1858; x_wconf 89' lang='lat' dir='ltr'>A,</span> <span class='ocrx_word' id='word_1_225' title='bbox 561 1816 681 1856; x_wconf 83' lang='grc' dir='ltr'><em>αλλως</em></span> <span class='ocrx_word' id='word_1_226' title='bbox 707 1817 804 1862; x_wconf 82' lang='lat' dir='ltr'><strong>vulg.</strong></span> <span class='ocrx_word' id='word_1_227' title='bbox 933 1816 1046 1860; x_wconf 79' lang='grc' dir='ltr'><em>νῆσοι</em></span> <span class='ocrx_word' id='word_1_228' title='bbox 1074 1829 1144 1851; x_wconf 90' lang='lat' dir='ltr'>om.</span> <span class='ocrx_word' id='word_1_229' title='bbox 1182 1818 1223 1850; x_wconf 92' lang='lat' dir='ltr'>A.</span> <span class='ocrx_word' id='word_1_230' title='bbox 1365 1818 1470 1863; x_wconf 73' lang='grc' dir='ltr'><em>Θήρα</em></span> <span class='ocrx_word' id='word_1_231' title='bbox 1492 1819 1558 1852; x_wconf 86' lang='grc' dir='ltr'>και</span> <span class='ocrx_word' id='word_1_232' title='bbox 1587 1819 1628 1853; x_wconf 87' lang='grc' dir='ltr'>Θ.</span> <span class='ocrx_word' id='word_1_233' title='bbox 1653 1818 1697 1860; x_wconf 86' lang='lat' dir='ltr'>A,</span> 
     </span>
     <span class='ocr_line' id='line_1_26' title="bbox 312 1862 1697 1925; baseline 0.002 -28"><span class='ocrx_word' id='word_1_234' title='bbox 312 1864 353 1897; x_wconf 88' lang='grc' dir='ltr'>Θ.</span> <span class='ocrx_word' id='word_1_235' title='bbox 380 1874 418 1898; x_wconf 79' lang='grc' dir='ltr'><em>τε</em></span> <span class='ocrx_word' id='word_1_236' title='bbox 442 1866 506 1898; x_wconf 81' lang='grc' dir='ltr'><em>καὶ</em></span> <span class='ocrx_word' id='word_1_237' title='bbox 533 1865 574 1899; x_wconf 87' lang='grc' dir='ltr'>Θ.</span> <span class='ocrx_word' id='word_1_238' title='bbox 602 1865 699 1910; x_wconf 87' lang='lat' dir='ltr'>vulg.</span> <span class='ocrx_word' id='word_1_239' title='bbox 834 1875 885 1898; x_wconf 85' lang='lat'>12.</span> <span class='ocrx_word' id='word_1_240' title='bbox 912 1862 1019 1925; x_wconf 81' lang='grc' dir='ltr'><em>αυτη]</em></span> <span class='ocrx_word' id='word_1_241' title='bbox 1048 1864 1187 1908; x_wconf 82' lang='grc' dir='ltr'><em>ταύτην</em></span> <span class='ocrx_word' id='word_1_242' title='bbox 1211 1875 1231 1898; x_wconf 84' lang='lat' dir='ltr'>e</span> <span class='ocrx_word' id='word_1_243' title='bbox 1255 1865 1280 1900; x_wconf 80' lang='lat' dir='ltr'>f.</span> <span class='ocrx_word' id='word_1_244' title='bbox 1417 1865 1470 1908; x_wconf 78' lang='grc'>14.</span> <span class='ocrx_word' id='word_1_245' title='bbox 1496 1865 1632 1901; x_wconf 76' lang='grc' dir='ltr'><em>ἑαυτοῦ</em></span> <span class='ocrx_word' id='word_1_246' title='bbox 1655 1866 1697 1906; x_wconf 90' lang='grc' dir='ltr'>Α,</span> 
     </span>
     <span class='ocr_line' id='line_1_27' title="bbox 311 1909 1699 1962; baseline 0.001 -17"><span class='ocrx_word' id='word_1_247' title='bbox 311 1909 429 1947; x_wconf 83' lang='grc' dir='ltr'><em>αὐτοῦ</em></span> <span class='ocrx_word' id='word_1_248' title='bbox 451 1912 549 1956; x_wconf 82' lang='lat' dir='ltr'><strong>vulg.</strong></span> <span class='ocrx_word' id='word_1_249' title='bbox 679 1913 732 1949; x_wconf 77' lang='lat'>16.</span> <span class='ocrx_word' id='word_1_250' title='bbox 757 1911 879 1960; x_wconf 78' lang='grc' dir='ltr'><em>ἄμφω</em></span> <span class='ocrx_word' id='word_1_251' title='bbox 901 1914 943 1956; x_wconf 90' lang='lat' dir='ltr'>A,</span> <span class='ocrx_word' id='word_1_252' title='bbox 969 1912 1123 1961; x_wconf 75' lang='grc' dir='ltr'><em>ἀμφοῖν</em></span> <span class='ocrx_word' id='word_1_253' title='bbox 1148 1912 1246 1959; x_wconf 85' lang='lat' dir='ltr'><strong>vulg.</strong></span> <span class='ocrx_word' id='word_1_254' title='bbox 1348 1923 1399 1958; x_wconf 79' lang='lat'>17.</span> <span class='ocrx_word' id='word_1_255' title='bbox 1429 1911 1600 1962; x_wconf 68' lang='grc' dir='ltr'><em>ἀμαθίας</em></span> <span class='ocrx_word' id='word_1_256' title='bbox 1623 1915 1652 1948; x_wconf 85' lang='grc' dir='ltr'><strong>Α</strong></span> <span class='ocrx_word' id='word_1_257' title='bbox 1671 1913 1699 1956; x_wconf 86' lang='lat' dir='ltr'>f,</span> 
     </span>
     <span class='ocr_line' id='line_1_28' title="bbox 310 1958 583 2007; baseline -0.004 -13"><span class='ocrx_word' id='word_1_258' title='bbox 310 1958 467 2007; x_wconf 77' lang='grc' dir='ltr'><em>ἀλογίας</em></span> <span class='ocrx_word' id='word_1_259' title='bbox 489 1961 583 2005; x_wconf 86' lang='lat' dir='ltr'><strong>vulg.</strong></span> 
     </span>
    </p>
   </div>
   <div class='ocr_carea' id='block_1_4' title="bbox 216 2085 1700 2852">
    <p class='ocr_par' dir='ltr' id='par_1_4' title="bbox 216 2085 1700 2852">
     <span class='ocr_line' id='line_1_29' title="bbox 216 2085 1697 2133; baseline 0.001 -15"><span class='ocrx_word' id='word_1_260' title='bbox 216 2086 341 2119; x_wconf 89' lang='lat' dir='ltr'>messis</span> <span class='ocrx_word' id='word_1_261' title='bbox 366 2085 594 2130; x_wconf 83' lang='lat' dir='ltr'>colligendae</span> <span class='ocrx_word' id='word_1_262' title='bbox 618 2091 852 2133; x_wconf 80' lang='lat' dir='ltr'>tempestate,</span> <span class='ocrx_word' id='word_1_263' title='bbox 880 2087 977 2120; x_wconf 87' lang='lat' dir='ltr'>inter</span> <span class='ocrx_word' id='word_1_264' title='bbox 993 2085 1151 2121; x_wconf 87' lang='lat' dir='ltr'>Theram</span> <span class='ocrx_word' id='word_1_265' title='bbox 1180 2091 1217 2120; x_wconf 90' lang='lat' dir='ltr'>et</span> <span class='ocrx_word' id='word_1_266' title='bbox 1231 2085 1442 2122; x_wconf 75' lang='lat' dir='ltr'>Therasiam</span> <span class='ocrx_word' id='word_1_267' title='bbox 1467 2085 1604 2120; x_wconf 87' lang='lat' dir='ltr'>insulas</span> <span class='ocrx_word' id='word_1_268' title='bbox 1630 2097 1697 2132; x_wconf 83' lang='lat' dir='ltr'>per</span> 
     </span>
     <span class='ocr_line' id='line_1_30' title="bbox 216 2133 1698 2180; baseline 0.001 -14"><span class='ocrx_word' id='word_1_269' title='bbox 216 2134 360 2179; x_wconf 76' lang='lat' dir='ltr'><strong>aliquot</strong></span> <span class='ocrx_word' id='word_1_270' title='bbox 382 2134 460 2167; x_wconf 86' lang='lat' dir='ltr'>dies</span> <span class='ocrx_word' id='word_1_271' title='bbox 486 2145 599 2179; x_wconf 86' lang='lat' dir='ltr'>vapor</span> <span class='ocrx_word' id='word_1_272' title='bbox 619 2146 663 2168; x_wconf 85' lang='lat' dir='ltr'>ex</span> <span class='ocrx_word' id='word_1_273' title='bbox 688 2134 871 2180; x_wconf 88' lang='lat' dir='ltr'>profundo</span> <span class='ocrx_word' id='word_1_274' title='bbox 895 2136 1018 2177; x_wconf 83' lang='lat' dir='ltr'>maris,</span> <span class='ocrx_word' id='word_1_275' title='bbox 1035 2135 1138 2180; x_wconf 82' lang='lat' dir='ltr'><strong>quasi</strong></span> <span class='ocrx_word' id='word_1_276' title='bbox 1167 2134 1211 2168; x_wconf 85' lang='lat' dir='ltr'>ab</span> <span class='ocrx_word' id='word_1_277' title='bbox 1230 2134 1380 2168; x_wconf 83' lang='lat' dir='ltr'>ardente</span> <span class='ocrx_word' id='word_1_278' title='bbox 1402 2134 1563 2176; x_wconf 82' lang='lat' dir='ltr'>fornace,</span> <span class='ocrx_word' id='word_1_279' title='bbox 1590 2133 1698 2167; x_wconf 88' lang='lat' dir='ltr'>ebul-</span> 
     </span>
     <span class='ocr_line' id='line_1_31' title="bbox 216 2181 1699 2228; baseline 0 -13"><span class='ocrx_word' id='word_1_280' title='bbox 216 2181 320 2222; x_wconf 88' lang='lat' dir='ltr'>livit,</span> <span class='ocrx_word' id='word_1_281' title='bbox 356 2193 428 2228; x_wconf 91' lang='lat' dir='ltr'>quo</span> <span class='ocrx_word' id='word_1_282' title='bbox 467 2182 646 2228; x_wconf 82' lang='lat' dir='ltr'>paulatim</span> <span class='ocrx_word' id='word_1_283' title='bbox 692 2182 845 2217; x_wconf 86' lang='lat' dir='ltr'>densato</span> <span class='ocrx_word' id='word_1_284' title='bbox 885 2188 922 2217; x_wconf 86' lang='lat' dir='ltr'>et</span> <span class='ocrx_word' id='word_1_285' title='bbox 946 2184 986 2217; x_wconf 93' lang='lat' dir='ltr'>in</span> <span class='ocrx_word' id='word_1_286' title='bbox 1022 2182 1182 2228; x_wconf 83' lang='lat' dir='ltr'><strong>lapidem</strong></span> <span class='ocrx_word' id='word_1_287' title='bbox 1209 2188 1375 2216; x_wconf 86' lang='lat' dir='ltr'>concreto</span> <span class='ocrx_word' id='word_1_288' title='bbox 1400 2182 1508 2227; x_wconf 82' lang='lat' dir='ltr'>igniti</span> <span class='ocrx_word' id='word_1_289' title='bbox 1536 2181 1699 2216; x_wconf 87' lang='lat' dir='ltr'>incendii</span> 
     </span>
     <span class='ocr_line' id='line_1_32' title="bbox 216 2228 1699 2276; baseline 0.001 -15"><span class='ocrx_word' id='word_1_290' title='bbox 216 2228 347 2262; x_wconf 83' lang='lat' dir='ltr'>ardore</span> <span class='ocrx_word' id='word_1_291' title='bbox 372 2235 470 2262; x_wconf 84' lang='lat' dir='ltr'>totus</span> <span class='ocrx_word' id='word_1_292' title='bbox 498 2230 617 2263; x_wconf 87' lang='lat' dir='ltr'>fumus</span> <span class='ocrx_word' id='word_1_293' title='bbox 651 2231 776 2274; x_wconf 86' lang='lat' dir='ltr'>igneus</span> <span class='ocrx_word' id='word_1_294' title='bbox 802 2231 997 2276; x_wconf 85' lang='lat' dir='ltr'>apparuit,</span> <span class='ocrx_word' id='word_1_295' title='bbox 1031 2236 1068 2264; x_wconf 88' lang='lat' dir='ltr'>et</span> <span class='ocrx_word' id='word_1_296' title='bbox 1105 2230 1151 2263; x_wconf 92' lang='lat' dir='ltr'>ob</span> <span class='ocrx_word' id='word_1_297' title='bbox 1179 2235 1346 2263; x_wconf 86' lang='lat' dir='ltr'>terrenae</span> <span class='ocrx_word' id='word_1_298' title='bbox 1370 2230 1544 2263; x_wconf 82' lang='lat' dir='ltr'>materiae</span> <span class='ocrx_word' id='word_1_299' title='bbox 1569 2231 1699 2264; x_wconf 87' lang='lat' dir='ltr'>crassi-</span> 
     </span>
     <span class='ocr_line' id='line_1_33' title="bbox 216 2277 1699 2324; baseline 0 -13"><span class='ocrx_word' id='word_1_300' title='bbox 216 2277 307 2311; x_wconf 85' lang='lat' dir='ltr'>tiem</span> <span class='ocrx_word' id='word_1_301' title='bbox 337 2277 457 2321; x_wconf 86' lang='lat' dir='ltr'>magni</span> <span class='ocrx_word' id='word_1_302' title='bbox 482 2279 640 2322; x_wconf 89' lang='lat' dir='ltr'>pumices</span> <span class='ocrx_word' id='word_1_303' title='bbox 668 2278 830 2324; x_wconf 86' lang='lat' dir='ltr'>lapidum</span> <span class='ocrx_word' id='word_1_304' title='bbox 860 2280 975 2312; x_wconf 88' lang='lat' dir='ltr'>instar</span> <span class='ocrx_word' id='word_1_305' title='bbox 1000 2289 1066 2323; x_wconf 90' lang='lat' dir='ltr'>per</span> <span class='ocrx_word' id='word_1_306' title='bbox 1092 2283 1205 2311; x_wconf 86' lang='lat' dir='ltr'>totam</span> <span class='ocrx_word' id='word_1_307' title='bbox 1233 2278 1354 2311; x_wconf 83' lang='lat' dir='ltr'>Asiam</span> <span class='ocrx_word' id='word_1_308' title='bbox 1379 2278 1582 2319; x_wconf 82' lang='lat' dir='ltr'>minorem,</span> <span class='ocrx_word' id='word_1_309' title='bbox 1610 2278 1699 2311; x_wconf 84' lang='lat' dir='ltr'>Les-</span> 
     </span>
     <span class='ocr_line' id='line_1_34' title="bbox 216 2324 1698 2370; baseline 0 -11"><span class='ocrx_word' id='word_1_310' title='bbox 216 2325 303 2359; x_wconf 91' lang='lat' dir='ltr'>bum</span> <span class='ocrx_word' id='word_1_311' title='bbox 330 2330 368 2359; x_wconf 88' lang='lat' dir='ltr'>et</span> <span class='ocrx_word' id='word_1_312' title='bbox 394 2324 562 2368; x_wconf 85' lang='lat' dir='ltr'>Abydum</span> <span class='ocrx_word' id='word_1_313' title='bbox 592 2331 630 2359; x_wconf 88' lang='lat' dir='ltr'>et</span> <span class='ocrx_word' id='word_1_314' title='bbox 653 2327 852 2359; x_wconf 85' lang='lat' dir='ltr'>maritimas</span> <span class='ocrx_word' id='word_1_315' title='bbox 879 2325 1119 2360; x_wconf 84' lang='lat' dir='ltr'>Macedoniae</span> <span class='ocrx_word' id='word_1_316' title='bbox 1161 2326 1326 2370; x_wconf 84' lang='lat' dir='ltr'>regiones</span> <span class='ocrx_word' id='word_1_317' title='bbox 1354 2325 1497 2359; x_wconf 86' lang='lat' dir='ltr'>disiecti</span> <span class='ocrx_word' id='word_1_318' title='bbox 1524 2331 1620 2367; x_wconf 83' lang='lat' dir='ltr'>sunt,</span> <span class='ocrx_word' id='word_1_319' title='bbox 1646 2326 1698 2359; x_wconf 79' lang='lat' dir='ltr'>ita</span> 
     </span>
     <span class='ocr_line' id='line_1_35' title="bbox 217 2373 1698 2420; baseline 0.001 -15"><span class='ocrx_word' id='word_1_320' title='bbox 217 2378 260 2407; x_wconf 90' lang='lat' dir='ltr'>ut</span> <span class='ocrx_word' id='word_1_321' title='bbox 282 2373 449 2406; x_wconf 85' lang='lat' dir='ltr'>universa</span> <span class='ocrx_word' id='word_1_322' title='bbox 485 2373 596 2406; x_wconf 85' lang='lat' dir='ltr'>facies</span> <span class='ocrx_word' id='word_1_323' title='bbox 631 2373 706 2407; x_wconf 87' lang='lat' dir='ltr'>eius</span> <span class='ocrx_word' id='word_1_324' title='bbox 738 2375 845 2407; x_wconf 85' lang='lat' dir='ltr'>maris</span> <span class='ocrx_word' id='word_1_325' title='bbox 873 2374 1080 2420; x_wconf 87' lang='lat' dir='ltr'><strong>pumicibus</strong></span> <span class='ocrx_word' id='word_1_326' title='bbox 1113 2373 1364 2407; x_wconf 84' lang='lat' dir='ltr'>innatantibus</span> <span class='ocrx_word' id='word_1_327' title='bbox 1408 2374 1549 2419; x_wconf 86' lang='lat' dir='ltr'>repleta</span> <span class='ocrx_word' id='word_1_328' title='bbox 1574 2373 1698 2414; x_wconf 86' lang='lat' dir='ltr'>fuerit,</span> 
     </span>
     <span class='ocr_line' id='line_1_36' title="bbox 217 2419 1698 2467; baseline 0 -13"><span class='ocrx_word' id='word_1_329' title='bbox 217 2422 258 2454; x_wconf 87' lang='lat' dir='ltr'>in</span> <span class='ocrx_word' id='word_1_330' title='bbox 282 2419 400 2454; x_wconf 89' lang='lat' dir='ltr'>medio</span> <span class='ocrx_word' id='word_1_331' title='bbox 427 2426 547 2454; x_wconf 82' lang='lat' dir='ltr'>autem</span> <span class='ocrx_word' id='word_1_332' title='bbox 580 2421 738 2465; x_wconf 87' lang='lat' dir='ltr'>ingentis</span> <span class='ocrx_word' id='word_1_333' title='bbox 772 2422 873 2455; x_wconf 85' lang='lat' dir='ltr'>illius</span> <span class='ocrx_word' id='word_1_334' title='bbox 911 2422 1005 2467; x_wconf 86' lang='lat' dir='ltr'>ignis</span> <span class='ocrx_word' id='word_1_335' title='bbox 1039 2421 1157 2455; x_wconf 79' lang='lat' dir='ltr'>insula</span> <span class='ocrx_word' id='word_1_336' title='bbox 1189 2422 1228 2455; x_wconf 91' lang='lat' dir='ltr'>in</span> <span class='ocrx_word' id='word_1_337' title='bbox 1260 2427 1379 2455; x_wconf 80' lang='lat' dir='ltr'>terrae</span> <span class='ocrx_word' id='word_1_338' title='bbox 1404 2421 1539 2455; x_wconf 89' lang='lat' dir='ltr'>molem</span> <span class='ocrx_word' id='word_1_339' title='bbox 1563 2422 1698 2467; x_wconf 86' lang='lat' dir='ltr'>stipata</span> 
     </span>
     <span class='ocr_line' id='line_1_37' title="bbox 216 2464 1700 2515; baseline -0.001 -12"><span class='ocrx_word' id='word_1_340' title='bbox 216 2464 352 2503; x_wconf 91' lang='lat' dir='ltr'>Hierae</span> <span class='ocrx_word' id='word_1_341' title='bbox 376 2468 516 2502; x_wconf 79' lang='lat' dir='ltr'>insulae</span> <span class='ocrx_word' id='word_1_342' title='bbox 543 2475 689 2513; x_wconf 84' lang='lat' dir='ltr'>aggesta</span> <span class='ocrx_word' id='word_1_343' title='bbox 718 2474 795 2510; x_wconf 85' lang='lat' dir='ltr'>est,</span> <span class='ocrx_word' id='word_1_344' title='bbox 824 2480 918 2515; x_wconf 89' lang='lat' dir='ltr'>quae</span> <span class='ocrx_word' id='word_1_345' title='bbox 954 2474 1062 2503; x_wconf 86' lang='lat' dir='ltr'>antea</span> <span class='ocrx_word' id='word_1_346' title='bbox 1098 2480 1275 2515; x_wconf 87' lang='lat' dir='ltr'><strong>nusquam</strong></span> <span class='ocrx_word' id='word_1_347' title='bbox 1307 2470 1487 2511; x_wconf 84' lang='lat' dir='ltr'>extiterat,</span> <span class='ocrx_word' id='word_1_348' title='bbox 1514 2467 1579 2503; x_wconf 89' lang='lat' dir='ltr'>sed</span> <span class='ocrx_word' id='word_1_349' title='bbox 1605 2481 1700 2515; x_wconf 87' lang='lat' dir='ltr'>quo-</span> 
     </span>
     <span class='ocr_line' id='line_1_38' title="bbox 217 2495 1697 2563; baseline 0 -14"><span class='ocrx_word' id='word_1_350' title='bbox 217 2517 328 2550; x_wconf 85' lang='lat' dir='ltr'>modo</span> <span class='ocrx_word' id='word_1_351' title='bbox 355 2516 443 2549; x_wconf 90' lang='lat' dir='ltr'>olim</span> <span class='ocrx_word' id='word_1_352' title='bbox 467 2515 588 2550; x_wconf 86' lang='lat' dir='ltr'>Thera</span> <span class='ocrx_word' id='word_1_353' title='bbox 618 2521 656 2550; x_wconf 86' lang='lat' dir='ltr'>et</span> <span class='ocrx_word' id='word_1_354' title='bbox 672 2515 861 2557; x_wconf 84' lang='lat' dir='ltr'>Therasia,</span> <span class='ocrx_word' id='word_1_355' title='bbox 889 2528 978 2563; x_wconf 88' lang='lat' dir='ltr'>quas</span> <span class='ocrx_word' id='word_1_356' title='bbox 1005 2528 1111 2562; x_wconf 87' lang='lat' dir='ltr'>supra</span> <span class='ocrx_word' id='word_1_357' title='bbox 1141 2519 1430 2560; x_wconf 88' lang='lat' dir='ltr'>memoravimus,</span> <span class='ocrx_word' id='word_1_358' title='bbox 1459 2495 1697 2557; x_wconf 66' lang='lat' dir='ltr'>e’bullierunt,</span> 
     </span>
     <span class='ocr_line' id='line_1_39' title="bbox 219 2563 1697 2600; baseline -0.001 -2"><span class='ocrx_word' id='word_1_359' title='bbox 219 2565 270 2598; x_wconf 81' lang='lat' dir='ltr'>sic</span> <span class='ocrx_word' id='word_1_360' title='bbox 286 2570 363 2598; x_wconf 88' lang='lat' dir='ltr'>tum</span> <span class='ocrx_word' id='word_1_361' title='bbox 380 2563 517 2598; x_wconf 80' lang='lat' dir='ltr'>isthaec</span> <span class='ocrx_word' id='word_1_362' title='bbox 531 2569 650 2597; x_wconf 88' lang='lat' dir='ltr'>aetate</span> <span class='ocrx_word' id='word_1_363' title='bbox 668 2565 693 2598; x_wconf 91' lang='lat' dir='ltr'>L</span> <span class='ocrx_word' id='word_1_364' title='bbox 698 2565 798 2597; x_wconf 89' lang='lat' dir='ltr'>eonis</span> <span class='ocrx_word' id='word_1_365' title='bbox 821 2564 881 2597; x_wconf 88' lang='lat' dir='ltr'>dei</span> <span class='ocrx_word' id='word_1_366' title='bbox 898 2564 1014 2598; x_wconf 90' lang='lat' dir='ltr'>hostis</span> <span class='ocrx_word' id='word_1_367' title='bbox 1034 2564 1227 2599; x_wconf 83' lang='lat' dir='ltr'>manifesto</span> <span class='ocrx_word' id='word_1_368' title='bbox 1247 2566 1412 2600; x_wconf 86' lang='lat' dir='ltr'>revelati.</span> <span class='ocrx_word' id='word_1_369' title='bbox 1433 2564 1493 2598; x_wconf 88' lang='lat' dir='ltr'>hic</span> <span class='ocrx_word' id='word_1_370' title='bbox 1512 2575 1697 2598; x_wconf 86' lang='lat' dir='ltr'>accensam</span> 
     </span>
     <span class='ocr_line' id='line_1_40' title="bbox 218 2612 1696 2655; baseline 0.001 -11"><span class='ocrx_word' id='word_1_371' title='bbox 218 2613 257 2645; x_wconf 91' lang='lat' dir='ltr'>in</span> <span class='ocrx_word' id='word_1_372' title='bbox 284 2624 322 2646; x_wconf 83' lang='lat' dir='ltr'>se</span> <span class='ocrx_word' id='word_1_373' title='bbox 348 2612 506 2645; x_wconf 88' lang='lat' dir='ltr'>divinam</span> <span class='ocrx_word' id='word_1_374' title='bbox 536 2613 625 2645; x_wconf 88' lang='lat' dir='ltr'>iram</span> <span class='ocrx_word' id='word_1_375' title='bbox 660 2612 730 2645; x_wconf 87' lang='lat' dir='ltr'>sibi</span> <span class='ocrx_word' id='word_1_376' title='bbox 759 2613 880 2645; x_wconf 85' lang='lat' dir='ltr'>favere</span> <span class='ocrx_word' id='word_1_377' title='bbox 908 2612 1117 2655; x_wconf 80' lang='lat' dir='ltr'>arbitratus,</span> <span class='ocrx_word' id='word_1_378' title='bbox 1156 2614 1264 2648; x_wconf 88' lang='lat' dir='ltr'>Beser</span> <span class='ocrx_word' id='word_1_379' title='bbox 1292 2613 1351 2647; x_wconf 90' lang='lat' dir='ltr'>dei</span> <span class='ocrx_word' id='word_1_380' title='bbox 1381 2613 1601 2647; x_wconf 87' lang='lat' dir='ltr'>desertorem</span> <span class='ocrx_word' id='word_1_381' title='bbox 1627 2612 1696 2645; x_wconf 89' lang='lat' dir='ltr'>ob-</span> 
     </span>
     <span class='ocr_line' id='line_1_41' title="bbox 219 2660 1696 2705; baseline 0 -12"><span class='ocrx_word' id='word_1_382' title='bbox 219 2660 333 2694; x_wconf 85' lang='lat' dir='ltr'>latum</span> <span class='ocrx_word' id='word_1_383' title='bbox 357 2660 427 2693; x_wconf 89' lang='lat' dir='ltr'>sibi</span> <span class='ocrx_word' id='word_1_384' title='bbox 451 2660 678 2693; x_wconf 86' lang='lat' dir='ltr'>auxiliarium</span> <span class='ocrx_word' id='word_1_385' title='bbox 706 2665 743 2694; x_wconf 90' lang='lat' dir='ltr'>et</span> <span class='ocrx_word' id='word_1_386' title='bbox 770 2660 866 2705; x_wconf 82' lang='lat' dir='ltr'>paris</span> <span class='ocrx_word' id='word_1_387' title='bbox 904 2660 1071 2694; x_wconf 86' lang='lat' dir='ltr'>inscitiae</span> <span class='ocrx_word' id='word_1_388' title='bbox 1100 2662 1282 2695; x_wconf 86' lang='lat' dir='ltr'>aemulum</span> <span class='ocrx_word' id='word_1_389' title='bbox 1319 2667 1459 2703; x_wconf 82' lang='lat' dir='ltr'>nactus,</span> <span class='ocrx_word' id='word_1_390' title='bbox 1488 2661 1527 2694; x_wconf 89' lang='lat' dir='ltr'>in</span> <span class='ocrx_word' id='word_1_391' title='bbox 1556 2665 1696 2694; x_wconf 80' lang='lat' dir='ltr'>sanctas</span> 
     </span>
     <span class='ocr_line' id='line_1_42' title="bbox 220 2707 1697 2755; baseline -0.001 -14"><span class='ocrx_word' id='word_1_392' title='bbox 220 2714 258 2741; x_wconf 86' lang='lat' dir='ltr'>et</span> <span class='ocrx_word' id='word_1_393' title='bbox 281 2708 503 2742; x_wconf 83' lang='lat' dir='ltr'>venerandas</span> <span class='ocrx_word' id='word_1_394' title='bbox 529 2709 701 2753; x_wconf 84' lang='lat' dir='ltr'>imagines</span> <span class='ocrx_word' id='word_1_395' title='bbox 738 2707 877 2741; x_wconf 88' lang='lat' dir='ltr'>bellum</span> <span class='ocrx_word' id='word_1_396' title='bbox 903 2708 1217 2755; x_wconf 84' lang='lat' dir='ltr'>impudentissime</span> <span class='ocrx_word' id='word_1_397' title='bbox 1252 2710 1376 2744; x_wconf 86' lang='lat' dir='ltr'>movit.</span> <span class='ocrx_word' id='word_1_398' title='bbox 1428 2708 1534 2742; x_wconf 90' lang='lat' dir='ltr'>ambo</span> <span class='ocrx_word' id='word_1_399' title='bbox 1559 2709 1697 2754; x_wconf 84' lang='lat' dir='ltr'>quippe</span> 
     </span>
     <span class='ocr_line' id='line_1_43' title="bbox 218 2755 1696 2803; baseline 0 -15"><span class='ocrx_word' id='word_1_400' title='bbox 218 2755 320 2801; x_wconf 86' lang='lat' dir='ltr'>pleni</span> <span class='ocrx_word' id='word_1_401' title='bbox 349 2761 454 2789; x_wconf 80' lang='lat' dir='ltr'>erant</span> <span class='ocrx_word' id='word_1_402' title='bbox 489 2756 695 2803; x_wconf 84' lang='lat' dir='ltr'>imperitiae</span> <span class='ocrx_word' id='word_1_403' title='bbox 721 2762 832 2801; x_wconf 79' lang='lat' dir='ltr'>atque</span> <span class='ocrx_word' id='word_1_404' title='bbox 859 2757 975 2789; x_wconf 88' lang='lat' dir='ltr'>omnis</span> <span class='ocrx_word' id='word_1_405' title='bbox 1014 2757 1187 2798; x_wconf 83' lang='lat' dir='ltr'>insaniae,</span> <span class='ocrx_word' id='word_1_406' title='bbox 1215 2758 1312 2791; x_wconf 86' lang='lat' dir='ltr'>unde</span> <span class='ocrx_word' id='word_1_407' title='bbox 1338 2757 1491 2790; x_wconf 82' lang='lat' dir='ltr'>maxima</span> <span class='ocrx_word' id='word_1_408' title='bbox 1519 2756 1696 2790; x_wconf 85' lang='lat' dir='ltr'>malorum</span> 
     </span>
     <span class='ocr_line' id='line_1_44' title="bbox 218 2802 1696 2852; baseline 0.001 -16"><span class='ocrx_word' id='word_1_409' title='bbox 218 2815 301 2849; x_wconf 86' lang='lat' dir='ltr'>pars</span> <span class='ocrx_word' id='word_1_410' title='bbox 331 2804 502 2838; x_wconf 80' lang='lat' dir='ltr'>exoritur.</span> <span class='ocrx_word' id='word_1_411' title='bbox 553 2815 664 2850; x_wconf 89' lang='lat' dir='ltr'>quare</span> <span class='ocrx_word' id='word_1_412' title='bbox 691 2805 856 2851; x_wconf 77' lang='lat' dir='ltr'><strong>populus</strong></span> <span class='ocrx_word' id='word_1_413' title='bbox 877 2804 978 2838; x_wconf 88' lang='lat' dir='ltr'>urbis</span> <span class='ocrx_word' id='word_1_414' title='bbox 1009 2805 1248 2852; x_wconf 81' lang='lat' dir='ltr'>imperatricis</span> <span class='ocrx_word' id='word_1_415' title='bbox 1272 2805 1319 2840; x_wconf 89' lang='lat' dir='ltr'>ob</span> <span class='ocrx_word' id='word_1_416' title='bbox 1345 2816 1476 2842; x_wconf 74' lang='lat' dir='ltr'>novam</span> <span class='ocrx_word' id='word_1_417' title='bbox 1501 2805 1605 2839; x_wconf 83' lang='lat' dir='ltr'>istam</span> <span class='ocrx_word' id='word_1_418' title='bbox 1626 2802 1696 2837; x_wconf 86' lang='lat' dir='ltr'>do-</span> 
     </span>
    </p>
   </div>
  </div>
 </body>
</html>
