<?xml version="1.0" encoding="UTF-8"?>
<!DOCTYPE html PUBLIC "-//W3C//DTD XHTML 1.0 Transitional//EN"
    "http://www.w3.org/TR/xhtml1/DTD/xhtml1-transitional.dtd">
<html xmlns="http://www.w3.org/1999/xhtml" xml:lang="en" lang="en">
 <head>
  <title>
</title>
<meta http-equiv="Content-Type" content="text/html;charset=utf-8" />
  <meta name='ocr-system' content='tesseract 3.04.00' />
  <meta name='ocr-capabilities' content='ocr_page ocr_carea ocr_par ocr_line ocrx_word'/>
</head>
<body>
  <div class='ocr_page' id='page_1' title='image "./corpusscriptorum46niebuoft_0580.png"; bbox 0 0 1768 3106; ppageno 0'>
   <div class='ocr_carea' id='block_1_1' title="bbox 273 146 1172 206">
    <p class='ocr_par' dir='ltr' id='par_1_1' title="bbox 273 146 1172 206">
     <span class='ocr_line' id='line_1_1' title="bbox 273 146 1172 206; baseline 0.004 -4"><span class='ocrx_word' id='word_1_1' title='bbox 273 146 387 202; x_wconf 86' lang='lat'><strong>520</strong></span> <span class='ocrx_word' id='word_1_2' title='bbox 827 163 1172 206; x_wconf 76' lang='lat' dir='ltr'>THEOPHANIS</span> 
     </span>
    </p>
   </div>
   <div class='ocr_carea' id='block_1_2' title="bbox 217 261 1765 727">
    <p class='ocr_par' dir='ltr' id='par_1_2' title="bbox 217 261 1765 727">
     <span class='ocr_line' id='line_1_2' title="bbox 263 261 1731 325; baseline -0.002 -16"><span class='ocrx_word' id='word_1_3' title='bbox 263 269 338 320; x_wconf 82' lang='grc' dir='ltr'><strong><em>βεν</em></strong></span> <span class='ocrx_word' id='word_1_4' title='bbox 369 264 506 321; x_wconf 67' lang='grc' dir='ltr'><strong><em>αὐτὴν</em></strong></span> <span class='ocrx_word' id='word_1_5' title='bbox 544 265 666 325; x_wconf 75' lang='grc' dir='ltr'><strong>λόγῳ.</strong></span> <span class='ocrx_word' id='word_1_6' title='bbox 733 263 977 322; x_wconf 79' lang='grc' dir='ltr'><strong><em>Σωφρόνισς</em></strong></span> <span class='ocrx_word' id='word_1_7' title='bbox 1017 265 1064 307; x_wconf 83' lang='grc' dir='ltr'><strong>δὲ</strong></span> <span class='ocrx_word' id='word_1_8' title='bbox 1105 263 1127 306; x_wconf 82' lang='grc' dir='ltr'>ὅ</span> <span class='ocrx_word' id='word_1_9' title='bbox 1167 261 1468 319; x_wconf 68' lang='grc' dir='ltr'><em>Ἰεροσοῖὖμων</em></span> <span class='ocrx_word' id='word_1_10' title='bbox 1502 262 1731 321; x_wconf 72' lang='grc' dir='ltr'><strong><em>α’ῥχιερεός</em></strong></span> 
     </span>
     <span class='ocr_line' id='line_1_3' title="bbox 262 330 1729 388; baseline 0.001 -14"><span class='ocrx_word' id='word_1_11' title='bbox 262 331 388 388; x_wconf 80' lang='grc' dir='ltr'><strong><em>λόγον</em></strong></span> <span class='ocrx_word' id='word_1_12' title='bbox 414 331 563 387; x_wconf 76' lang='grc' dir='ltr'><strong><em>ἔλαβεν</em></strong></span> <span class='ocrx_word' id='word_1_13' title='bbox 589 332 726 388; x_wconf 79' lang='grc' dir='ltr'><strong><em>πάσης</em></strong></span> <span class='ocrx_word' id='word_1_14' title='bbox 737 330 1031 386; x_wconf 85' lang='grc' dir='ltr'><strong><em>Παλαιστίνης</em></strong></span> <span class='ocrx_word' id='word_1_15' title='bbox 1059 331 1392 387; x_wconf 63' lang='grc' dir='ltr'><strong><em>ἀσφαλέστατον.</em></strong></span> <span class='ocrx_word' id='word_1_16' title='bbox 1448 330 1652 375; x_wconf 77' lang='grc' dir='ltr'><strong><em>εἰσελθών</em></strong></span> <span class='ocrx_word' id='word_1_17' title='bbox 1681 334 1729 375; x_wconf 81' lang='grc' dir='ltr'><strong>δὲ</strong></span> 
     </span>
     <span class='ocr_line' id='line_1_4' title="bbox 267 395 1728 456; baseline -0.003 -12"><span class='ocrx_word' id='word_1_18' title='bbox 267 395 472 456; x_wconf 70' lang='grc' dir='ltr'><em>Οόμαρος</em></span> <span class='ocrx_word' id='word_1_19' title='bbox 501 403 561 451; x_wconf 80' lang='grc' dir='ltr'><strong>εἰς</strong></span> <span class='ocrx_word' id='word_1_20' title='bbox 586 398 665 455; x_wconf 73' lang='grc' dir='ltr'><strong><em>τήν</em></strong></span> <span class='ocrx_word' id='word_1_21' title='bbox 693 400 818 455; x_wconf 75' lang='grc' dir='ltr'><strong><em>ἁγίαν</em></strong></span> <span class='ocrx_word' id='word_1_22' title='bbox 847 397 967 441; x_wconf 82' lang='grc' dir='ltr'><strong><em>πόλιν</em></strong></span> <span class='ocrx_word' id='word_1_23' title='bbox 991 398 1217 453; x_wconf 53' lang='grc' dir='ltr'><strong><em>·&gt;τριχι’νοις</em></strong></span> <span class='ocrx_word' id='word_1_24' title='bbox 1245 398 1290 439; x_wconf 79' lang='grc' dir='ltr'><strong>ἐκ</strong></span> <span class='ocrx_word' id='word_1_25' title='bbox 1317 395 1516 454; x_wconf 76' lang='grc' dir='ltr'><em>καμήλων</em></span> <span class='ocrx_word' id='word_1_26' title='bbox 1542 397 1728 452; x_wconf 72' lang='grc' dir='ltr'><strong><em>ἐνδύμα-</em></strong></span> 
     </span>
     <span class='ocr_line' id='line_1_5' title="bbox 262 463 1728 524; baseline -0.003 -13"><span class='ocrx_word' id='word_1_27' title='bbox 262 483 333 511; x_wconf 89' lang='grc' dir='ltr'><strong>σιν</strong></span> <span class='ocrx_word' id='word_1_28' title='bbox 363 469 648 524; x_wconf 77' lang='grc' dir='ltr'><em>ἠμφιεσμένος</em></span> <span class='ocrx_word' id='word_1_29' title='bbox 677 468 1002 522; x_wconf 80' lang='grc' dir='ltr'><em>ἑρρυπωμένοις,</em></span> <span class='ocrx_word' id='word_1_30' title='bbox 1031 465 1254 519; x_wconf 79' lang='grc' dir='ltr'><strong><em>ὖπόκρισίν</em></strong></span> <span class='ocrx_word' id='word_1_31' title='bbox 1272 481 1314 507; x_wconf 79' lang='grc' dir='ltr'><strong>τε</strong></span> <span class='ocrx_word' id='word_1_32' title='bbox 1339 463 1566 521; x_wconf 68' lang='grc' dir='ltr'><strong><em>σατανικὴν</em></strong></span> <span class='ocrx_word' id='word_1_33' title='bbox 1595 467 1728 508; x_wconf 78' lang='grc' dir='ltr'><strong><em>ἐνδει-</em></strong></span> 
     </span>
     <span class='ocr_line' id='line_1_6' title="bbox 261 531 1765 592; baseline -0.002 -15"><span class='ocrx_word' id='word_1_34' title='bbox 261 533 496 592; x_wconf 74' lang='grc' dir='ltr'><strong><em>κνύμενος,</em></strong></span> <span class='ocrx_word' id='word_1_35' title='bbox 528 533 599 578; x_wconf 85' lang='grc' dir='ltr'><strong><em>τὸν</em></strong></span> <span class='ocrx_word' id='word_1_36' title='bbox 627 534 729 578; x_wconf 79' lang='grc' dir='ltr'><strong><em>ναὸν</em></strong></span> <span class='ocrx_word' id='word_1_37' title='bbox 758 533 960 589; x_wconf 80' lang='grc' dir='ltr'><strong><em>ἐζήτησεν</em></strong></span> <span class='ocrx_word' id='word_1_38' title='bbox 996 535 1079 575; x_wconf 80' lang='grc' dir='ltr'><strong><em>τῶν</em></strong></span> <span class='ocrx_word' id='word_1_39' title='bbox 1105 533 1322 577; x_wconf 77' lang='grc' dir='ltr'><strong><em>Ἰουδαίων</em></strong></span> <span class='ocrx_word' id='word_1_40' title='bbox 1351 534 1469 589; x_wconf 77' lang='grc' dir='ltr'><strong><em>ιδεῖν,</em></strong></span> <span class='ocrx_word' id='word_1_41' title='bbox 1496 531 1545 576; x_wconf 72' lang='grc' dir='ltr'><strong><em>ὃν</em></strong></span> <span class='ocrx_word' id='word_1_42' title='bbox 1569 531 1722 592; x_wconf 81' lang='grc' dir='ltr'><strong><em>ω’κοὸό.</em></strong></span> <span class='ocrx_word' id='word_1_43' title='bbox 1741 540 1765 581; x_wconf 88' lang='grc'>5</span> 
     </span>
     <span class='ocr_line' id='line_1_7' title="bbox 261 598 1725 659; baseline -0.002 -14"><span class='ocrx_word' id='word_1_44' title='bbox 261 619 371 658; x_wconf 85' lang='grc' dir='ltr'><strong>μησε</strong></span> <span class='ocrx_word' id='word_1_45' title='bbox 398 601 609 659; x_wconf 72' lang='grc' dir='ltr'><strong>Σολομῶν,</strong></span> <span class='ocrx_word' id='word_1_46' title='bbox 628 599 990 657; x_wconf 81' lang='grc' dir='ltr'><strong><em>προσκυνητήριον</em></strong></span> <span class='ocrx_word' id='word_1_47' title='bbox 1007 598 1137 642; x_wconf 69' lang='grc' dir='ltr'><strong><em>αὐτόν</em></strong></span> <span class='ocrx_word' id='word_1_48' title='bbox 1165 601 1340 655; x_wconf 81' lang='grc' dir='ltr'><strong><em>ποιῆσαι</em></strong></span> <span class='ocrx_word' id='word_1_49' title='bbox 1366 602 1440 655; x_wconf 76' lang='grc' dir='ltr'><strong>τῆς</strong></span> <span class='ocrx_word' id='word_1_50' title='bbox 1468 601 1604 643; x_wconf 72' lang='grc' dir='ltr'><strong><em>αὕτοῦ</em></strong></span> <span class='ocrx_word' id='word_1_51' title='bbox 1621 604 1725 655; x_wconf 80' lang='grc' dir='ltr'><strong><em>βλα-</em></strong></span> 
     </span>
     <span class='ocr_line' id='line_1_8' title="bbox 217 665 1724 727; baseline -0.001 -16"><span class='ocrx_word' id='word_1_52' title='bbox 217 669 464 727; x_wconf 74' lang='grc' dir='ltr'><strong><em>Πσφημίας.</em></strong></span> <span class='ocrx_word' id='word_1_53' title='bbox 520 670 671 712; x_wconf 80' lang='grc' dir='ltr'><strong>τοῦτον</strong></span> <span class='ocrx_word' id='word_1_54' title='bbox 706 669 753 711; x_wconf 79' lang='grc' dir='ltr'><strong>δὲ</strong></span> <span class='ocrx_word' id='word_1_55' title='bbox 793 666 897 710; x_wconf 77' lang='grc' dir='ltr'><strong><em>ιδιόν</em></strong></span> <span class='ocrx_word' id='word_1_56' title='bbox 924 666 1170 723; x_wconf 77' lang='grc' dir='ltr'><strong><em>Σωῳρόνιος</em></strong></span> <span class='ocrx_word' id='word_1_57' title='bbox 1207 665 1314 724; x_wconf 74' lang='grc' dir='ltr'><strong>ἔφη·</strong></span> <span class='ocrx_word' id='word_1_58' title='bbox 1369 668 1493 710; x_wconf 81' lang='grc' dir='ltr'><em>τοῦτό</em></span> <span class='ocrx_word' id='word_1_59' title='bbox 1521 665 1636 711; x_wconf 74' lang='grc' dir='ltr'><strong><em>ἐστιν</em></strong></span> <span class='ocrx_word' id='word_1_60' title='bbox 1663 669 1724 709; x_wconf 78' lang='grc' dir='ltr'><strong>ἐπ’</strong></span> 
     </span>
    </p>
   </div>
   <div class='ocr_carea' id='block_1_3' title="bbox 122 732 1768 1604">
    <p class='ocr_par' dir='ltr' id='par_1_3' title="bbox 122 732 1768 1601">
     <span class='ocr_line' id='line_1_9' title="bbox 260 732 1726 793; baseline -0.003 -13"><span class='ocrx_word' id='word_1_61' title='bbox 260 736 466 793; x_wconf 78' lang='grc' dir='ltr'><strong><em>αληθείας</em></strong></span> <span class='ocrx_word' id='word_1_62' title='bbox 493 736 538 780; x_wconf 84' lang='grc' dir='ltr'><strong>τὸ</strong></span> <span class='ocrx_word' id='word_1_63' title='bbox 574 737 793 791; x_wconf 81' lang='grc' dir='ltr'><strong><em>βδέλυγμα</em></strong></span> <span class='ocrx_word' id='word_1_64' title='bbox 836 737 912 791; x_wconf 79' lang='grc' dir='ltr'><strong>τῆς</strong></span> <span class='ocrx_word' id='word_1_65' title='bbox 940 732 1192 791; x_wconf 77' lang='grc' dir='ltr'><em>ἐρημώσεως</em></span> <span class='ocrx_word' id='word_1_66' title='bbox 1218 732 1266 776; x_wconf 80' lang='grc' dir='ltr'><strong>τὸ</strong></span> <span class='ocrx_word' id='word_1_67' title='bbox 1300 734 1446 791; x_wconf 75' lang='grc' dir='ltr'><strong><em>ῥηθὲν·</em></strong></span> <span class='ocrx_word' id='word_1_68' title='bbox 1462 732 1534 777; x_wconf 81' lang='grc' dir='ltr'><strong><em>διὰ</em></strong></span> <span class='ocrx_word' id='word_1_69' title='bbox 1561 734 1726 791; x_wconf 75' lang='grc' dir='ltr'><strong><em>Δανιὴλ</em></strong></span> 
     </span>
     <span class='ocr_line' id='line_1_10' title="bbox 257 799 1721 861; baseline -0.002 -15"><span class='ocrx_word' id='word_1_70' title='bbox 257 805 337 846; x_wconf 80' lang='grc' dir='ltr'><strong>τοῦ</strong></span> <span class='ocrx_word' id='word_1_71' title='bbox 364 802 589 861; x_wconf 77' lang='grc' dir='ltr'><em>προφήτου</em></span> <span class='ocrx_word' id='word_1_72' title='bbox 620 800 754 853; x_wconf 75' lang='grc' dir='ltr'><strong><em>ἑστώς</em></strong></span> <span class='ocrx_word' id='word_1_73' title='bbox 781 804 828 846; x_wconf 77' lang='grc' dir='ltr'><strong><em>ἐι·</em></strong></span> <span class='ocrx_word' id='word_1_74' title='bbox 855 799 968 860; x_wconf 78' lang='grc' dir='ltr'>τόπῳ</span> <span class='ocrx_word' id='word_1_75' title='bbox 998 802 1123 860; x_wconf 77' lang='grc' dir='ltr'><strong><em>ἁγίῳ·</em></strong></span> <span class='ocrx_word' id='word_1_76' title='bbox 1196 805 1364 851; x_wconf 83' lang='grc' dir='ltr'><strong><em>πολλοῖς</em></strong></span> <span class='ocrx_word' id='word_1_77' title='bbox 1390 817 1437 844; x_wconf 77' lang='grc' dir='ltr'><strong>τε</strong></span> <span class='ocrx_word' id='word_1_78' title='bbox 1466 799 1646 857; x_wconf 75' lang='grc' dir='ltr'><strong><em>δάκρυσι</em></strong></span> <span class='ocrx_word' id='word_1_79' title='bbox 1674 800 1721 844; x_wconf 80' lang='grc' dir='ltr'><strong>τὸ</strong></span> 
     </span>
     <span class='ocr_line' id='line_1_11' title="bbox 254 864 1768 932; baseline 0 -21"><span class='ocrx_word' id='word_1_80' title='bbox 254 873 532 932; x_wconf 72' lang='grc' dir='ltr'><strong><em>Χριστιανῶν</em></strong></span> <span class='ocrx_word' id='word_1_81' title='bbox 562 873 698 928; x_wconf 80' lang='grc' dir='ltr'><strong><em>φῦλον</em></strong></span> <span class='ocrx_word' id='word_1_82' title='bbox 717 869 967 924; x_wconf 71' lang='grc' dir='ltr'><strong><em>α’πωδιῖρετο</em></strong></span> <span class='ocrx_word' id='word_1_83' title='bbox 996 871 1070 924; x_wconf 84' lang='grc' dir='ltr'><strong>τῆς</strong></span> <span class='ocrx_word' id='word_1_84' title='bbox 1099 868 1316 923; x_wconf 70' lang='grc' dir='ltr'><strong><em>εὐσεβείας</em></strong></span> <span class='ocrx_word' id='word_1_85' title='bbox 1343 867 1365 912; x_wconf 79' lang='grc' dir='ltr'>ὅ</span> <span class='ocrx_word' id='word_1_86' title='bbox 1391 868 1626 925; x_wconf 82' lang='grc' dir='ltr'><em>πρόμαχος.</em></span> <span class='ocrx_word' id='word_1_87' title='bbox 1654 864 1722 911; x_wconf 74' lang='grc' dir='ltr'><strong><em>ὅν·</em></strong></span> <span class='ocrx_word' id='word_1_88' title='bbox 1741 889 1768 915; x_wconf 68' lang='lat'><strong>1«</strong></span> 
     </span>
     <span class='ocr_line' id='line_1_12' title="bbox 253 933 1722 992; baseline 0 -13"><span class='ocrx_word' id='word_1_89' title='bbox 253 953 326 987; x_wconf 83' lang='grc' dir='ltr'><strong>τος</strong></span> <span class='ocrx_word' id='word_1_90' title='bbox 356 939 404 980; x_wconf 84' lang='grc' dir='ltr'><strong>δὲ</strong></span> <span class='ocrx_word' id='word_1_91' title='bbox 435 938 573 981; x_wconf 75' lang='grc' dir='ltr'><strong><em>αὐτοῦ</em></strong></span> <span class='ocrx_word' id='word_1_92' title='bbox 600 939 646 980; x_wconf 75' lang='grc' dir='ltr'><strong><em>ἐν</em></strong></span> <span class='ocrx_word' id='word_1_93' title='bbox 674 943 763 987; x_wconf 82' lang='grc' dir='ltr'><em>τοῖς</em></span> <span class='ocrx_word' id='word_1_94' title='bbox 790 937 947 990; x_wconf 76' lang='grc' dir='ltr'><strong><em>ἐκεῖσε,</em></strong></span> <span class='ocrx_word' id='word_1_95' title='bbox 994 936 1278 991; x_wconf 82' lang='grc' dir='ltr'><strong><em>παρεκάλεσεν</em></strong></span> <span class='ocrx_word' id='word_1_96' title='bbox 1309 934 1442 979; x_wconf 76' lang='grc' dir='ltr'><strong><em>αὐτὸν</em></strong></span> <span class='ocrx_word' id='word_1_97' title='bbox 1469 933 1722 992; x_wconf 79' lang='grc' dir='ltr'><strong>ὅπατριὰρ-</strong></span> 
     </span>
     <span class='ocr_line' id='line_1_13' title="bbox 251 1000 1720 1061; baseline 0 -14"><span class='ocrx_word' id='word_1_98' title='bbox 251 1021 333 1060; x_wconf 78' lang='grc' dir='ltr'><strong>χης</strong></span> <span class='ocrx_word' id='word_1_99' title='bbox 361 1006 570 1056; x_wconf 72' lang='grc' dir='ltr'><strong><em>δέξασθαι</em></strong></span> <span class='ocrx_word' id='word_1_100' title='bbox 598 1007 696 1061; x_wconf 88' lang='grc' dir='ltr'><strong><em>παρ’</em></strong></span> <span class='ocrx_word' id='word_1_101' title='bbox 725 1005 860 1046; x_wconf 70' lang='grc' dir='ltr'><strong><em>αὐτοῦ</em></strong></span> <span class='ocrx_word' id='word_1_102' title='bbox 887 1000 1096 1046; x_wconf 85' lang='grc' dir='ltr'><strong><em>σινδόνιον</em></strong></span> <span class='ocrx_word' id='word_1_103' title='bbox 1115 1002 1195 1046; x_wconf 76' lang='grc' dir='ltr'><strong><em>σύν</em></strong></span> <span class='ocrx_word' id='word_1_104' title='bbox 1215 1004 1418 1057; x_wconf 75' lang='grc' dir='ltr'><strong><em>ἑνδύματι</em></strong></span> <span class='ocrx_word' id='word_1_105' title='bbox 1444 1003 1720 1051; x_wconf 75' lang='grc' dir='ltr'><strong><em>ἐνδύσασθαι.</em></strong></span> 
     </span>
     <span class='ocr_line' id='line_1_14' title="bbox 255 1064 1723 1128; baseline 0 -15"><span class='ocrx_word' id='word_1_106' title='bbox 255 1068 279 1112; x_wconf 76' lang='grc' dir='ltr'>ὅ</span> <span class='ocrx_word' id='word_1_107' title='bbox 310 1074 357 1114; x_wconf 86' lang='grc' dir='ltr'><strong>δὲ</strong></span> <span class='ocrx_word' id='word_1_108' title='bbox 384 1074 462 1114; x_wconf 79' lang='grc' dir='ltr'><strong>ουίι</strong></span> <span class='ocrx_word' id='word_1_109' title='bbox 490 1073 688 1128; x_wconf 77' lang='grc' dir='ltr'><strong><em>ἠνέσχετο</em></strong></span> <span class='ocrx_word' id='word_1_110' title='bbox 726 1070 991 1115; x_wconf 68' lang='grc' dir='ltr'><strong><em>ἐνδύσασθαι</em></strong></span> <span class='ocrx_word' id='word_1_111' title='bbox 1021 1068 1149 1113; x_wconf 74' lang='grc' dir='ltr'><strong><em>αιῖτά.</em></strong></span> <span class='ocrx_word' id='word_1_112' title='bbox 1213 1071 1337 1125; x_wconf 81' lang='grc' dir='ltr'><em>μόγις</em></span> <span class='ocrx_word' id='word_1_113' title='bbox 1368 1066 1442 1113; x_wconf 67' lang='grc' dir='ltr'><strong>οὖν</strong></span> <span class='ocrx_word' id='word_1_114' title='bbox 1470 1064 1609 1114; x_wconf 60' lang='lat' dir='ltr'><strong>§nctus</strong></span> <span class='ocrx_word' id='word_1_115' title='bbox 1643 1086 1723 1128; x_wconf 85' lang='grc' dir='ltr'><strong>φο-</strong></span> 
     </span>
     <span class='ocr_line' id='line_1_15' title="bbox 254 1134 1722 1196; baseline 0 -14"><span class='ocrx_word' id='word_1_116' title='bbox 254 1142 376 1196; x_wconf 77' lang='grc' dir='ltr'><strong><em>ρέσαι</em></strong></span> <span class='ocrx_word' id='word_1_117' title='bbox 394 1175 405 1196; x_wconf 84' lang='grc'><strong>,</strong></span> <span class='ocrx_word' id='word_1_118' title='bbox 434 1139 513 1190; x_wconf 74' lang='grc' dir='ltr'><strong>ἕως</strong></span> <span class='ocrx_word' id='word_1_119' title='bbox 542 1134 596 1182; x_wconf 73' lang='grc' dir='ltr'><strong>οὖ</strong></span> <span class='ocrx_word' id='word_1_120' title='bbox 622 1139 870 1194; x_wconf 70' lang='grc' dir='ltr'><strong><em>ἐπλύθησαν</em></strong></span> <span class='ocrx_word' id='word_1_121' title='bbox 907 1136 957 1180; x_wconf 72' lang='grc' dir='ltr'><strong>τά</strong></span> <span class='ocrx_word' id='word_1_122' title='bbox 989 1135 1137 1192; x_wconf 80' lang='grc' dir='ltr'><strong><em>ἱμάτια</em></strong></span> <span class='ocrx_word' id='word_1_123' title='bbox 1168 1140 1311 1181; x_wconf 66' lang='grc' dir='ltr'><strong>αὐτοῦ.</strong></span> <span class='ocrx_word' id='word_1_124' title='bbox 1369 1137 1442 1181; x_wconf 74' lang='grc' dir='ltr'><strong><em>καὶ</em></strong></span> <span class='ocrx_word' id='word_1_125' title='bbox 1469 1137 1593 1182; x_wconf 79' lang='grc' dir='ltr'><strong><em>πάλιν</em></strong></span> <span class='ocrx_word' id='word_1_126' title='bbox 1619 1140 1722 1182; x_wconf 75' lang='grc' dir='ltr'><em>ἀπέ-</em></span> 
     </span>
     <span class='ocr_line' id='line_1_16' title="bbox 256 1204 1768 1265; baseline -0.001 -15"><span class='ocrx_word' id='word_1_127' title='bbox 256 1219 440 1264; x_wconf 80' lang='grc' dir='ltr'><strong><em>στρεψεν</em></strong></span> <span class='ocrx_word' id='word_1_128' title='bbox 473 1205 583 1249; x_wconf 69' lang='grc' dir='ltr'><strong><em>αὐτοὶ</em></strong></span> <span class='ocrx_word' id='word_1_129' title='bbox 615 1208 674 1265; x_wconf 73' lang='grc' dir='ltr'><strong>τῷ</strong></span> <span class='ocrx_word' id='word_1_130' title='bbox 696 1207 953 1263; x_wconf 78' lang='grc' dir='ltr'><strong><em>Σωφρονίῳ·</em></strong></span> <span class='ocrx_word' id='word_1_131' title='bbox 1010 1206 1084 1247; x_wconf 84' lang='grc' dir='ltr'><em>καί</em></span> <span class='ocrx_word' id='word_1_132' title='bbox 1109 1204 1290 1261; x_wconf 82' lang='grc' dir='ltr'><strong>ἑφόρεσε</strong></span> <span class='ocrx_word' id='word_1_133' title='bbox 1309 1204 1360 1248; x_wconf 82' lang='grc' dir='ltr'><strong>τοὶ</strong></span> <span class='ocrx_word' id='word_1_134' title='bbox 1389 1204 1496 1248; x_wconf 81' lang='grc' dir='ltr'><strong><em>ἴδια.</em></strong></span> <span class='ocrx_word' id='word_1_135' title='bbox 1554 1207 1599 1248; x_wconf 79' lang='grc' dir='ltr'><strong><em>ἑν</em></strong></span> <span class='ocrx_word' id='word_1_136' title='bbox 1626 1205 1722 1247; x_wconf 70' lang='grc' dir='ltr'><em>τού-</em></span> <span class='ocrx_word' id='word_1_137' title='bbox 1742 1224 1768 1251; x_wconf 78' lang='lat' dir='ltr'><strong>r:</strong></span> 
     </span>
     <span class='ocr_line' id='line_1_17' title="bbox 255 1270 1723 1331; baseline -0.002 -13"><span class='ocrx_word' id='word_1_138' title='bbox 255 1291 341 1325; x_wconf 81' lang='grc' dir='ltr'><strong><em>τοις</em></strong></span> <span class='ocrx_word' id='word_1_139' title='bbox 368 1276 530 1330; x_wconf 75' lang='grc' dir='ltr'><strong><em>α’πεβίω</em></strong></span> <span class='ocrx_word' id='word_1_140' title='bbox 571 1271 593 1316; x_wconf 83' lang='grc' dir='ltr'>ὅ</span> <span class='ocrx_word' id='word_1_141' title='bbox 621 1273 865 1331; x_wconf 78' lang='grc' dir='ltr'><strong><em>Σωφρόνιος</em></strong></span> <span class='ocrx_word' id='word_1_142' title='bbox 881 1306 894 1327; x_wconf 89' lang='grc'><strong><em>,</em></strong></span> <span class='ocrx_word' id='word_1_143' title='bbox 938 1271 959 1315; x_wconf 84' lang='grc' dir='ltr'>ὁ</span> <span class='ocrx_word' id='word_1_144' title='bbox 988 1271 1093 1331; x_wconf 76' lang='grc' dir='ltr'><strong>λόγῳ</strong></span> <span class='ocrx_word' id='word_1_145' title='bbox 1123 1274 1196 1314; x_wconf 80' lang='grc' dir='ltr'>καί</span> <span class='ocrx_word' id='word_1_146' title='bbox 1223 1270 1374 1329; x_wconf 74' lang='grc' dir='ltr'><strong><em>πράξει</em></strong></span> <span class='ocrx_word' id='word_1_147' title='bbox 1397 1271 1472 1328; x_wconf 76' lang='grc' dir='ltr'><strong>’τήν</strong></span> <span class='ocrx_word' id='word_1_148' title='bbox 1490 1272 1723 1330; x_wconf 75' lang='grc' dir='ltr'><em>Ἱεροσολύ-</em></span> 
     </span>
     <span class='ocr_line' id='line_1_18' title="bbox 122 1338 1727 1398; baseline -0.001 -12"><span class='ocrx_word' id='word_1_149' title='bbox 122 1347 241 1382; x_wconf 79' lang='lat' dir='ltr'><strong>P·282</strong></span> <span class='ocrx_word' id='word_1_150' title='bbox 255 1360 347 1398; x_wconf 89' lang='grc' dir='ltr'><strong>μων</strong></span> <span class='ocrx_word' id='word_1_151' title='bbox 375 1340 699 1398; x_wconf 82' lang='grc' dir='ltr'><strong><em>κατακοσμήσας</em></strong></span> <span class='ocrx_word' id='word_1_152' title='bbox 738 1343 984 1397; x_wconf 79' lang='grc' dir='ltr'><strong><em>ἐκκλησίαν,</em></strong></span> <span class='ocrx_word' id='word_1_153' title='bbox 1029 1342 1103 1382; x_wconf 79' lang='grc' dir='ltr'><strong><em>καί</em></strong></span> <span class='ocrx_word' id='word_1_154' title='bbox 1129 1339 1236 1383; x_wconf 80' lang='grc' dir='ltr'><strong><em>κατὰ</em></strong></span> <span class='ocrx_word' id='word_1_155' title='bbox 1275 1342 1352 1396; x_wconf 80' lang='grc' dir='ltr'><strong>τῆς</strong></span> <span class='ocrx_word' id='word_1_156' title='bbox 1373 1338 1623 1397; x_wconf 78' lang='grc' dir='ltr'><em>Ἡρακλείου</em></span> <span class='ocrx_word' id='word_1_157' title='bbox 1652 1341 1727 1385; x_wconf 80' lang='grc' dir='ltr'><strong><em>καί</em></strong></span> 
     </span>
     <span class='ocr_line' id='line_1_19' title="bbox 255 1407 1723 1468; baseline -0.002 -14"><span class='ocrx_word' id='word_1_158' title='bbox 255 1414 338 1454; x_wconf 79' lang='grc' dir='ltr'><strong><em>τῶν</em></strong></span> <span class='ocrx_word' id='word_1_159' title='bbox 367 1412 447 1453; x_wconf 77' lang='grc' dir='ltr'><strong><em>σὺν</em></strong></span> <span class='ocrx_word' id='word_1_160' title='bbox 475 1409 594 1468; x_wconf 75' lang='grc' dir='ltr'><strong><em>αὐτῷ</em></strong></span> <span class='ocrx_word' id='word_1_161' title='bbox 624 1410 923 1465; x_wconf 74' lang='grc' dir='ltr'><strong><em>μονοθελητῶν</em></strong></span> <span class='ocrx_word' id='word_1_162' title='bbox 952 1409 1194 1459; x_wconf 69' lang='grc' dir='ltr'><strong><em>κακοδοξιας</em></strong></span> <span class='ocrx_word' id='word_1_163' title='bbox 1222 1407 1533 1463; x_wconf 76' lang='grc' dir='ltr'><strong><em>α’γωνισάμενος</em></strong></span> <span class='ocrx_word' id='word_1_164' title='bbox 1548 1410 1723 1465; x_wconf 69' lang='grc' dir='ltr'><strong>Σεργιου</strong></span> 
     </span>
     <span class='ocr_line' id='line_1_20' title="bbox 256 1476 557 1534; baseline -0.01 -13"><span class='ocrx_word' id='word_1_165' title='bbox 256 1495 327 1521; x_wconf 86' lang='grc' dir='ltr'><strong>και</strong></span> <span class='ocrx_word' id='word_1_166' title='bbox 354 1476 557 1534; x_wconf 77' lang='grc' dir='ltr'><em>Πύρρου.</em></span> 
     </span>
     <span class='ocr_line' id='line_1_21' title="bbox 373 1536 1768 1604; baseline -0.003 -17"><span class='ocrx_word' id='word_1_167' title='bbox 373 1547 442 1604; x_wconf 73' lang='grc' dir='ltr'><strong>Τῷ</strong></span> <span class='ocrx_word' id='word_1_168' title='bbox 470 1544 587 1602; x_wconf 77' lang='grc' dir='ltr'><strong><em>αυτῷ</em></strong></span> <span class='ocrx_word' id='word_1_169' title='bbox 623 1542 708 1586; x_wconf 79' lang='grc' dir='ltr'><strong><em>ἔτει</em></strong></span> <span class='ocrx_word' id='word_1_170' title='bbox 748 1543 922 1586; x_wconf 82' lang='grc' dir='ltr'><strong><em>α’πολύει</em></strong></span> <span class='ocrx_word' id='word_1_171' title='bbox 954 1536 1155 1599; x_wconf 86' lang='grc' dir='ltr'><em>Ουμαρος</em></span> <span class='ocrx_word' id='word_1_172' title='bbox 1182 1542 1257 1586; x_wconf 80' lang='grc' dir='ltr'><strong><em>τὸν</em></strong></span> <span class='ocrx_word' id='word_1_173' title='bbox 1275 1538 1416 1586; x_wconf 76' lang='grc' dir='ltr'><strong><em>’Ἰαδον</em></strong></span> <span class='ocrx_word' id='word_1_174' title='bbox 1444 1559 1505 1596; x_wconf 81' lang='grc' dir='ltr'><strong><em>εις</em></strong></span> <span class='ocrx_word' id='word_1_175' title='bbox 1531 1543 1605 1601; x_wconf 79' lang='grc' dir='ltr'><strong><em>τήν</em></strong></span> <span class='ocrx_word' id='word_1_176' title='bbox 1635 1546 1722 1587; x_wconf 78' lang='grc' dir='ltr'><strong>Συ.-</strong></span> <span class='ocrx_word' id='word_1_177' title='bbox 1735 1558 1768 1584; x_wconf 69' lang='lat'><strong>2«</strong></span> 
     </span>
    </p>
   </div>
   <div class='ocr_carea' id='block_1_4' title="bbox 255 1612 1468 1671">
    <p class='ocr_par' dir='ltr' id='par_1_4' title="bbox 255 1612 1468 1671">
     <span class='ocr_line' id='line_1_22' title="bbox 255 1612 1468 1671; baseline -0.003 -15"><span class='ocrx_word' id='word_1_178' title='bbox 255 1615 367 1671; x_wconf 77' lang='grc' dir='ltr'><strong><em>ρίαν,</em></strong></span> <span class='ocrx_word' id='word_1_179' title='bbox 395 1629 467 1656; x_wconf 87' lang='grc' dir='ltr'><strong>και</strong></span> <span class='ocrx_word' id='word_1_180' title='bbox 497 1612 703 1665; x_wconf 71' lang='grc' dir='ltr'><strong><em>ὑπέταξεν</em></strong></span> <span class='ocrx_word' id='word_1_181' title='bbox 732 1613 874 1654; x_wconf 83' lang='grc' dir='ltr'><strong><em>πᾶσαν</em></strong></span> <span class='ocrx_word' id='word_1_182' title='bbox 902 1627 976 1667; x_wconf 77' lang='grc' dir='ltr'><strong>την</strong></span> <span class='ocrx_word' id='word_1_183' title='bbox 1005 1613 1166 1667; x_wconf 73' lang='grc' dir='ltr'><strong><em>,Συρίαν</em></strong></span> <span class='ocrx_word' id='word_1_184' title='bbox 1193 1613 1468 1668; x_wconf 80' lang='grc' dir='ltr'><strong><em>Σαρακηνοῖς.</em></strong></span> 
     </span>
    </p>
   </div>
   <div class='ocr_carea' id='block_1_5' title="bbox 349 1723 1721 1869">
    <p class='ocr_par' dir='ltr' id='par_1_5' title="bbox 349 1723 1720 1869">
     <span class='ocr_line' id='line_1_23' title="bbox 349 1723 1720 1783; baseline -0.001 -21"><span class='ocrx_word' id='word_1_185' title='bbox 349 1728 384 1771; x_wconf 99' lang='grc'><strong>4.</strong></span> <span class='ocrx_word' id='word_1_186' title='bbox 413 1726 692 1783; x_wconf 76' lang='grc' dir='ltr'><strong>ῥερυπωμένοις</strong></span> <span class='ocrx_word' id='word_1_187' title='bbox 722 1726 764 1761; x_wconf 90' lang='lat' dir='ltr'><strong>A.</strong></span> <span class='ocrx_word' id='word_1_188' title='bbox 910 1727 942 1761; x_wconf 88' lang='grc'><strong>5.</strong></span> <span class='ocrx_word' id='word_1_189' title='bbox 970 1724 1065 1762; x_wconf 81' lang='grc' dir='ltr'><strong><em>ἰδεῖν</em></strong></span> <span class='ocrx_word' id='word_1_190' title='bbox 1087 1735 1156 1758; x_wconf 87' lang='lat' dir='ltr'><strong>om.</strong></span> <span class='ocrx_word' id='word_1_191' title='bbox 1181 1726 1222 1758; x_wconf 89' lang='lat' dir='ltr'>A.</span> <span class='ocrx_word' id='word_1_192' title='bbox 1401 1723 1478 1760; x_wconf 77' lang='grc' dir='ltr'><strong>.δὲ</strong></span> <span class='ocrx_word' id='word_1_193' title='bbox 1497 1724 1584 1759; x_wconf 89' lang='lat' dir='ltr'><strong>add.</strong></span> <span class='ocrx_word' id='word_1_194' title='bbox 1610 1737 1654 1759; x_wconf 82' lang='lat' dir='ltr'><strong>ex</strong></span> <span class='ocrx_word' id='word_1_195' title='bbox 1679 1726 1720 1760; x_wconf 89' lang='lat' dir='ltr'>A.</span> 
     </span>
     <span class='ocr_line' id='line_1_24' title="bbox 352 1736 1721 1822; baseline -0.001 -13"><span class='ocrx_word' id='word_1_196' title='bbox 352 1787 407 1809; x_wconf 73' lang='grc' dir='ltr'><strong>ιο.</strong></span> <span class='ocrx_word' id='word_1_197' title='bbox 437 1775 684 1822; x_wconf 78' lang='grc' dir='ltr'><strong><em>Χριστιανῶν</em></strong></span> <span class='ocrx_word' id='word_1_198' title='bbox 709 1776 759 1817; x_wconf 92' lang='lat' dir='ltr'><strong>A,</strong></span> <span class='ocrx_word' id='word_1_199' title='bbox 795 1768 1036 1821; x_wconf 79' lang='grc' dir='ltr'><strong><em>Χριστιανὸν</em></strong></span> <span class='ocrx_word' id='word_1_200' title='bbox 1068 1773 1163 1818; x_wconf 84' lang='lat' dir='ltr'><strong>vulg.</strong></span> <span class='ocrx_word' id='word_1_201' title='bbox 1308 1772 1359 1816; x_wconf 77' lang='grc'><strong>14</strong></span> <span class='ocrx_word' id='word_1_202' title='bbox 1376 1736 1438 1808; x_wconf 76' lang='grc' dir='ltr'><strong>7οὑ</strong></span> <span class='ocrx_word' id='word_1_203' title='bbox 1474 1773 1557 1806; x_wconf 89' lang='lat' dir='ltr'><strong>add.</strong></span> <span class='ocrx_word' id='word_1_204' title='bbox 1600 1785 1644 1808; x_wconf 75' lang='lat' dir='ltr'><strong>ex</strong></span> <span class='ocrx_word' id='word_1_205' title='bbox 1679 1775 1721 1810; x_wconf 87' lang='lat' dir='ltr'><strong>A.</strong></span> 
     </span>
     <span class='ocr_line' id='line_1_25' title="bbox 354 1798 1613 1869; baseline -0.002 -12"><span class='ocrx_word' id='word_1_206' title='bbox 354 1834 408 1869; x_wconf 87' lang='lat'><strong>¹7·</strong></span> <span class='ocrx_word' id='word_1_207' title='bbox 437 1825 501 1868; x_wconf 80' lang='grc' dir='ltr'><strong>τῆς</strong></span> <span class='ocrx_word' id='word_1_208' title='bbox 523 1834 593 1857; x_wconf 89' lang='lat' dir='ltr'><strong>om.</strong></span> <span class='ocrx_word' id='word_1_209' title='bbox 613 1824 654 1857; x_wconf 87' lang='lat' dir='ltr'><strong>A.</strong></span> <span class='ocrx_word' id='word_1_210' title='bbox 775 1833 832 1855; x_wconf 88' lang='lat'><strong>20.</strong></span> <span class='ocrx_word' id='word_1_211' title='bbox 851 1821 978 1860; x_wconf 79' lang='grc' dir='ltr'><strong><em>Ἴαδον</em></strong></span> <span class='ocrx_word' id='word_1_212' title='bbox 1005 1824 1034 1856; x_wconf 84' lang='grc' dir='ltr'><strong>Α</strong></span> <span class='ocrx_word' id='word_1_213' title='bbox 1060 1832 1080 1854; x_wconf 85' lang='lat' dir='ltr'><strong>a</strong></span> <span class='ocrx_word' id='word_1_214' title='bbox 1107 1798 1151 1863; x_wconf 52' lang='lat' dir='ltr'><strong>f?</strong></span> <span class='ocrx_word' id='word_1_215' title='bbox 1164 1815 1315 1858; x_wconf 80' lang='grc' dir='ltr'><strong><em>Ἰασδόν</em></strong></span> <span class='ocrx_word' id='word_1_216' title='bbox 1338 1821 1436 1867; x_wconf 82' lang='lat' dir='ltr'><strong>vulg.</strong></span> <span class='ocrx_word' id='word_1_217' title='bbox 1463 1821 1613 1869; x_wconf 86' lang='lat' dir='ltr'><strong>ubique.</strong></span> 
     </span>
    </p>
   </div>
   <div class='ocr_carea' id='block_1_6' title="bbox 247 1910 1722 2784">
    <p class='ocr_par' dir='ltr' id='par_1_6' title="bbox 247 1910 1722 2784">
     <span class='ocr_line' id='line_1_26' title="bbox 254 1910 1718 1974; baseline -0.001 -13"><span class='ocrx_word' id='word_1_218' title='bbox 254 1927 404 1962; x_wconf 81' lang='lat' dir='ltr'><strong>antistes</strong></span> <span class='ocrx_word' id='word_1_219' title='bbox 440 1926 550 1965; x_wconf 84' lang='lat' dir='ltr'><strong>fidem</strong></span> <span class='ocrx_word' id='word_1_220' title='bbox 588 1927 636 1961; x_wconf 90' lang='lat' dir='ltr'><strong>ab</strong></span> <span class='ocrx_word' id='word_1_221' title='bbox 668 1938 712 1961; x_wconf 88' lang='lat' dir='ltr'><strong>eo</strong></span> <span class='ocrx_word' id='word_1_222' title='bbox 746 1910 812 1974; x_wconf 89' lang='lat' dir='ltr'><strong>pro</strong></span> <span class='ocrx_word' id='word_1_223' title='bbox 837 1928 952 1961; x_wconf 87' lang='lat' dir='ltr'><strong>totius</strong></span> <span class='ocrx_word' id='word_1_224' title='bbox 983 1926 1204 1961; x_wconf 78' lang='lat' dir='ltr'><strong>Palaestinae</strong></span> <span class='ocrx_word' id='word_1_225' title='bbox 1241 1925 1491 1959; x_wconf 78' lang='lat' dir='ltr'>incolumitate</span> <span class='ocrx_word' id='word_1_226' title='bbox 1522 1932 1718 1971; x_wconf 86' lang='lat' dir='ltr'><strong>acceperat.</strong></span> 
     </span>
     <span class='ocr_line' id='line_1_27' title="bbox 256 1974 1721 2022; baseline 0 -14"><span class='ocrx_word' id='word_1_227' title='bbox 256 1977 404 2009; x_wconf 87' lang='lat' dir='ltr'><strong>Umarus</strong></span> <span class='ocrx_word' id='word_1_228' title='bbox 430 1975 555 2022; x_wconf 77' lang='lat' dir='ltr'><strong>itaque</strong></span> <span class='ocrx_word' id='word_1_229' title='bbox 582 1976 735 2009; x_wconf 81' lang='lat' dir='ltr'><strong>cilicinis</strong></span> <span class='ocrx_word' id='word_1_230' title='bbox 775 1976 992 2008; x_wconf 84' lang='lat' dir='ltr'><strong>camelorum</strong></span> <span class='ocrx_word' id='word_1_231' title='bbox 1017 1974 1177 2008; x_wconf 86' lang='lat' dir='ltr'><strong>vestibus</strong></span> <span class='ocrx_word' id='word_1_232' title='bbox 1215 1974 1332 2019; x_wconf 86' lang='lat' dir='ltr'><strong>iisque</strong></span> <span class='ocrx_word' id='word_1_233' title='bbox 1356 1974 1482 2007; x_wconf 81' lang='lat' dir='ltr'><strong>laceris</strong></span> <span class='ocrx_word' id='word_1_234' title='bbox 1507 1980 1543 2007; x_wconf 85' lang='lat' dir='ltr'><strong>et</strong></span> <span class='ocrx_word' id='word_1_235' title='bbox 1566 1974 1721 2008; x_wconf 81' lang='lat' dir='ltr'>sordidis</span> 
     </span>
     <span class='ocr_line' id='line_1_28' title="bbox 255 2022 1720 2068; baseline 0.001 -13"><span class='ocrx_word' id='word_1_236' title='bbox 255 2029 416 2068; x_wconf 87' lang='lat' dir='ltr'><strong>opertus,</strong></span> <span class='ocrx_word' id='word_1_237' title='bbox 443 2029 480 2056; x_wconf 87' lang='lat' dir='ltr'><strong>et</strong></span> <span class='ocrx_word' id='word_1_238' title='bbox 516 2023 733 2068; x_wconf 82' lang='lat' dir='ltr'><strong>hypocrisim</strong></span> <span class='ocrx_word' id='word_1_239' title='bbox 773 2024 883 2068; x_wconf 88' lang='lat' dir='ltr'><strong>plane</strong></span> <span class='ocrx_word' id='word_1_240' title='bbox 916 2022 1132 2056; x_wconf 81' lang='lat' dir='ltr'><strong>diabolicam</strong></span> <span class='ocrx_word' id='word_1_241' title='bbox 1157 2022 1302 2067; x_wconf 86' lang='lat' dir='ltr'><strong>pietatis</strong></span> <span class='ocrx_word' id='word_1_242' title='bbox 1330 2022 1506 2055; x_wconf 81' lang='lat' dir='ltr'><strong>velamine</strong></span> <span class='ocrx_word' id='word_1_243' title='bbox 1533 2026 1720 2056; x_wconf 82' lang='lat' dir='ltr'><strong>ostentans</strong></span> 
     </span>
     <span class='ocr_line' id='line_1_29' title="bbox 254 2068 1719 2115; baseline -0.001 -12"><span class='ocrx_word' id='word_1_244' title='bbox 254 2076 413 2104; x_wconf 85' lang='lat' dir='ltr'><strong>sanctam</strong></span> <span class='ocrx_word' id='word_1_245' title='bbox 439 2071 623 2104; x_wconf 85' lang='lat' dir='ltr'><strong>civitatem</strong></span> <span class='ocrx_word' id='word_1_246' title='bbox 650 2071 870 2115; x_wconf 82' lang='lat' dir='ltr'><strong>ingreditur,</strong></span> <span class='ocrx_word' id='word_1_247' title='bbox 901 2076 937 2104; x_wconf 80' lang='lat' dir='ltr'><strong>et</strong></span> <span class='ocrx_word' id='word_1_248' title='bbox 965 2082 1049 2103; x_wconf 81' lang='lat' dir='ltr'><strong>mox</strong></span> <span class='ocrx_word' id='word_1_249' title='bbox 1074 2071 1249 2114; x_wconf 85' lang='lat' dir='ltr'><strong>templum</strong></span> <span class='ocrx_word' id='word_1_250' title='bbox 1289 2081 1308 2102; x_wconf 90' lang='lat' dir='ltr'><strong>a</strong></span> <span class='ocrx_word' id='word_1_251' title='bbox 1334 2068 1528 2102; x_wconf 81' lang='lat' dir='ltr'><strong>Salomone</strong></span> <span class='ocrx_word' id='word_1_252' title='bbox 1552 2075 1719 2103; x_wconf 85' lang='lat' dir='ltr'><strong>constru-</strong></span> 
     </span>
     <span class='ocr_line' id='line_1_30' title="bbox 254 2117 1720 2163; baseline 0 -13"><span class='ocrx_word' id='word_1_253' title='bbox 254 2123 361 2158; x_wconf 84' lang='lat' dir='ltr'><strong>ctum,</strong></span> <span class='ocrx_word' id='word_1_254' title='bbox 390 2119 428 2150; x_wconf 91' lang='lat' dir='ltr'><strong>in</strong></span> <span class='ocrx_word' id='word_1_255' title='bbox 453 2119 650 2163; x_wconf 84' lang='lat' dir='ltr'><strong>impietatis</strong></span> <span class='ocrx_word' id='word_1_256' title='bbox 693 2124 729 2151; x_wconf 83' lang='lat' dir='ltr'><strong>et</strong></span> <span class='ocrx_word' id='word_1_257' title='bbox 752 2118 1000 2163; x_wconf 82' lang='lat' dir='ltr'><strong>blasphemiae</strong></span> <span class='ocrx_word' id='word_1_258' title='bbox 1036 2118 1232 2150; x_wconf 85' lang='lat' dir='ltr'><strong>oratorium</strong></span> <span class='ocrx_word' id='word_1_259' title='bbox 1260 2117 1353 2149; x_wconf 88' lang='lat' dir='ltr'><strong>illud</strong></span> <span class='ocrx_word' id='word_1_260' title='bbox 1379 2127 1628 2160; x_wconf 83' lang='lat' dir='ltr'><strong>conversurus,</strong></span> <span class='ocrx_word' id='word_1_261' title='bbox 1652 2117 1720 2151; x_wconf 88' lang='lat' dir='ltr'><strong>sibi</strong></span> 
     </span>
     <span class='ocr_line' id='line_1_31' title="bbox 254 2163 1720 2211; baseline 0.001 -14"><span class='ocrx_word' id='word_1_262' title='bbox 254 2164 398 2198; x_wconf 84' lang='lat' dir='ltr'><strong>ostendi</strong></span> <span class='ocrx_word' id='word_1_263' title='bbox 427 2166 637 2209; x_wconf 86' lang='lat' dir='ltr'><strong>postulavit.</strong></span> <span class='ocrx_word' id='word_1_264' title='bbox 699 2165 796 2198; x_wconf 87' lang='lat' dir='ltr'><strong>hunc</strong></span> <span class='ocrx_word' id='word_1_265' title='bbox 830 2178 910 2199; x_wconf 88' lang='lat' dir='ltr'><strong>cum</strong></span> <span class='ocrx_word' id='word_1_266' title='bbox 944 2165 1170 2211; x_wconf 84' lang='lat' dir='ltr'><strong>Sophronius</strong></span> <span class='ocrx_word' id='word_1_267' title='bbox 1206 2164 1375 2198; x_wconf 86' lang='lat' dir='ltr'><strong>vidisset:</strong></span> <span class='ocrx_word' id='word_1_268' title='bbox 1410 2163 1500 2196; x_wconf 87' lang='lat' dir='ltr'><strong>haec</strong></span> <span class='ocrx_word' id='word_1_269' title='bbox 1537 2170 1592 2197; x_wconf 87' lang='lat' dir='ltr'><strong>est</strong></span> <span class='ocrx_word' id='word_1_270' title='bbox 1624 2171 1720 2207; x_wconf 71' lang='lat' dir='ltr'><strong>vere,</strong></span> 
     </span>
     <span class='ocr_line' id='line_1_32' title="bbox 253 2211 1720 2260; baseline 0.001 -15"><span class='ocrx_word' id='word_1_271' title='bbox 253 2213 385 2257; x_wconf 85' lang='lat' dir='ltr'><strong>inquit,</strong></span> <span class='ocrx_word' id='word_1_272' title='bbox 404 2212 627 2246; x_wconf 70' lang='lat' dir='ltr'><strong>abominatio</strong></span> <span class='ocrx_word' id='word_1_273' title='bbox 652 2212 890 2247; x_wconf 82' lang='lat' dir='ltr'><strong>desolationis</strong></span> <span class='ocrx_word' id='word_1_274' title='bbox 917 2225 937 2245; x_wconf 83' lang='lat' dir='ltr'><strong>a</strong></span> <span class='ocrx_word' id='word_1_275' title='bbox 956 2212 1130 2260; x_wconf 85' lang='lat' dir='ltr'><strong>propheta</strong></span> <span class='ocrx_word' id='word_1_276' title='bbox 1147 2211 1296 2245; x_wconf 87' lang='lat' dir='ltr'><strong>Daniele</strong></span> <span class='ocrx_word' id='word_1_277' title='bbox 1319 2211 1598 2255; x_wconf 79' lang='lat' dir='ltr'><strong>praenunciata,</strong></span> <span class='ocrx_word' id='word_1_278' title='bbox 1625 2225 1720 2258; x_wconf 85' lang='lat' dir='ltr'><strong>quae</strong></span> 
     </span>
     <span class='ocr_line' id='line_1_33' title="bbox 252 2259 1722 2306; baseline -0.001 -14"><span class='ocrx_word' id='word_1_279' title='bbox 252 2260 363 2293; x_wconf 88' lang='lat' dir='ltr'><strong>modo</strong></span> <span class='ocrx_word' id='word_1_280' title='bbox 389 2265 459 2293; x_wconf 56' lang='lat' dir='ltr'><strong>stat</strong></span> <span class='ocrx_word' id='word_1_281' title='bbox 484 2261 522 2292; x_wconf 90' lang='lat' dir='ltr'><strong>in</strong></span> <span class='ocrx_word' id='word_1_282' title='bbox 546 2261 626 2293; x_wconf 89' lang='lat' dir='ltr'><strong>loco</strong></span> <span class='ocrx_word' id='word_1_283' title='bbox 662 2266 806 2301; x_wconf 84' lang='lat' dir='ltr'><strong>sancto,</strong></span> <span class='ocrx_word' id='word_1_284' title='bbox 841 2261 1029 2306; x_wconf 84' lang='lat' dir='ltr'><strong>multaque</strong></span> <span class='ocrx_word' id='word_1_285' title='bbox 1069 2260 1175 2293; x_wconf 88' lang='lat' dir='ltr'><strong>simul</strong></span> <span class='ocrx_word' id='word_1_286' title='bbox 1211 2259 1436 2292; x_wconf 85' lang='lat' dir='ltr'><strong>lacrimarum</strong></span> <span class='ocrx_word' id='word_1_287' title='bbox 1488 2261 1593 2305; x_wconf 86' lang='lat' dir='ltr'><strong>copia</strong></span> <span class='ocrx_word' id='word_1_288' title='bbox 1630 2261 1722 2294; x_wconf 86' lang='lat' dir='ltr'><strong>insi..</strong></span> 
     </span>
     <span class='ocr_line' id='line_1_34' title="bbox 252 2306 1721 2353; baseline 0.001 -13"><span class='ocrx_word' id='word_1_289' title='bbox 252 2308 332 2352; x_wconf 84' lang='lat' dir='ltr'><strong>guis</strong></span> <span class='ocrx_word' id='word_1_290' title='bbox 349 2307 412 2340; x_wconf 87' lang='lat' dir='ltr'><strong>ille</strong></span> <span class='ocrx_word' id='word_1_291' title='bbox 431 2308 579 2352; x_wconf 83' lang='lat' dir='ltr'><strong>pietatis</strong></span> <span class='ocrx_word' id='word_1_292' title='bbox 603 2314 847 2353; x_wconf 80' lang='lat' dir='ltr'><strong>propugnator</strong></span> <span class='ocrx_word' id='word_1_293' title='bbox 862 2307 1099 2341; x_wconf 87' lang='lat' dir='ltr'><strong>Christianam</strong></span> <span class='ocrx_word' id='word_1_294' title='bbox 1123 2312 1266 2351; x_wconf 81' lang='lat' dir='ltr'><strong>gentem</strong></span> <span class='ocrx_word' id='word_1_295' title='bbox 1287 2306 1452 2340; x_wconf 80' lang='lat' dir='ltr'><strong>deflebat.</strong></span> <span class='ocrx_word' id='word_1_296' title='bbox 1479 2307 1571 2340; x_wconf 85' lang='lat' dir='ltr'><strong>intra</strong></span> <span class='ocrx_word' id='word_1_297' title='bbox 1595 2309 1721 2353; x_wconf 82' lang='lat' dir='ltr'><strong>templi</strong></span> 
     </span>
     <span class='ocr_line' id='line_1_35' title="bbox 251 2353 1720 2401; baseline 0.001 -13"><span class='ocrx_word' id='word_1_298' title='bbox 251 2356 363 2399; x_wconf 83' lang='lat' dir='ltr'><strong>igitur</strong></span> <span class='ocrx_word' id='word_1_299' title='bbox 389 2361 491 2399; x_wconf 87' lang='lat' dir='ltr'><strong>septa</strong></span> <span class='ocrx_word' id='word_1_300' title='bbox 510 2354 595 2387; x_wconf 86' lang='lat' dir='ltr'><strong>dum</strong></span> <span class='ocrx_word' id='word_1_301' title='bbox 615 2355 679 2387; x_wconf 90' lang='lat' dir='ltr'><strong>ille</strong></span> <span class='ocrx_word' id='word_1_302' title='bbox 699 2360 912 2396; x_wconf 81' lang='lat' dir='ltr'><strong>moraretur,</strong></span> <span class='ocrx_word' id='word_1_303' title='bbox 932 2355 1100 2401; x_wconf 86' lang='lat' dir='ltr'><strong>precibus</strong></span> <span class='ocrx_word' id='word_1_304' title='bbox 1120 2353 1217 2399; x_wconf 85' lang='lat' dir='ltr'><strong>apud</strong></span> <span class='ocrx_word' id='word_1_305' title='bbox 1245 2365 1325 2387; x_wconf 88' lang='lat' dir='ltr'><strong>eum</strong></span> <span class='ocrx_word' id='word_1_306' title='bbox 1345 2354 1477 2398; x_wconf 84' lang='lat' dir='ltr'><strong>agebat</strong></span> <span class='ocrx_word' id='word_1_307' title='bbox 1502 2355 1720 2400; x_wconf 77' lang='lat' dir='ltr'><strong>patriarcha,</strong></span> 
     </span>
     <span class='ocr_line' id='line_1_36' title="bbox 252 2401 1718 2448; baseline 0.001 -13"><span class='ocrx_word' id='word_1_308' title='bbox 252 2409 293 2436; x_wconf 87' lang='lat' dir='ltr'><strong>ut</strong></span> <span class='ocrx_word' id='word_1_309' title='bbox 316 2408 498 2448; x_wconf 78' lang='lat' dir='ltr'><strong>acceptam</strong></span> <span class='ocrx_word' id='word_1_310' title='bbox 522 2414 542 2435; x_wconf 91' lang='lat' dir='ltr'><strong>a</strong></span> <span class='ocrx_word' id='word_1_311' title='bbox 568 2413 606 2435; x_wconf 87' lang='lat' dir='ltr'><strong>se</strong></span> <span class='ocrx_word' id='word_1_312' title='bbox 631 2402 821 2435; x_wconf 81' lang='lat' dir='ltr'><strong>sindonem</strong></span> <span class='ocrx_word' id='word_1_313' title='bbox 854 2414 895 2436; x_wconf 85' lang='lat' dir='ltr'><strong>ac</strong></span> <span class='ocrx_word' id='word_1_314' title='bbox 921 2408 1056 2436; x_wconf 88' lang='lat' dir='ltr'><strong>vestem</strong></span> <span class='ocrx_word' id='word_1_315' title='bbox 1080 2401 1260 2435; x_wconf 83' lang='lat' dir='ltr'><strong>indueret.</strong></span> <span class='ocrx_word' id='word_1_316' title='bbox 1290 2413 1397 2447; x_wconf 88' lang='lat' dir='ltr'><strong>quam</strong></span> <span class='ocrx_word' id='word_1_317' title='bbox 1426 2414 1506 2435; x_wconf 90' lang='lat' dir='ltr'><strong>cum</strong></span> <span class='ocrx_word' id='word_1_318' title='bbox 1534 2414 1718 2437; x_wconf 79' lang='lat' dir='ltr'><strong>assumere</strong></span> 
     </span>
     <span class='ocr_line' id='line_1_37' title="bbox 253 2449 1719 2495; baseline 0.001 -12"><span class='ocrx_word' id='word_1_319' title='bbox 253 2451 515 2489; x_wconf 82' lang='lat' dir='ltr'><strong>detrectasset,</strong></span> <span class='ocrx_word' id='word_1_320' title='bbox 543 2450 733 2495; x_wconf 86' lang='lat' dir='ltr'><strong>episcopus</strong></span> <span class='ocrx_word' id='word_1_321' title='bbox 761 2451 820 2483; x_wconf 83' lang='lat' dir='ltr'><strong>vix</strong></span> <span class='ocrx_word' id='word_1_322' title='bbox 845 2450 1019 2489; x_wconf 85' lang='lat' dir='ltr'><strong>exoravit,</strong></span> <span class='ocrx_word' id='word_1_323' title='bbox 1045 2455 1085 2482; x_wconf 88' lang='lat' dir='ltr'><strong>ut</strong></span> <span class='ocrx_word' id='word_1_324' title='bbox 1109 2450 1176 2482; x_wconf 90' lang='lat' dir='ltr'><strong>ista</strong></span> <span class='ocrx_word' id='word_1_325' title='bbox 1204 2454 1362 2493; x_wconf 84' lang='lat' dir='ltr'><strong>gestaret</strong></span> <span class='ocrx_word' id='word_1_326' title='bbox 1385 2449 1501 2484; x_wconf 88' lang='lat' dir='ltr'><strong>donec</strong></span> <span class='ocrx_word' id='word_1_327' title='bbox 1530 2451 1636 2484; x_wconf 86' lang='lat' dir='ltr'><strong>solita</strong></span> <span class='ocrx_word' id='word_1_328' title='bbox 1661 2454 1719 2484; x_wconf 85' lang='lat' dir='ltr'><strong>in-</strong></span> 
     </span>
     <span class='ocr_line' id='line_1_38' title="bbox 250 2497 1721 2543; baseline 0.001 -13"><span class='ocrx_word' id='word_1_329' title='bbox 250 2498 423 2532; x_wconf 85' lang='lat' dir='ltr'><strong>dumenta</strong></span> <span class='ocrx_word' id='word_1_330' title='bbox 449 2498 676 2538; x_wconf 83' lang='lat' dir='ltr'><strong>lavarentur,</strong></span> <span class='ocrx_word' id='word_1_331' title='bbox 711 2503 747 2530; x_wconf 85' lang='lat' dir='ltr'><strong>et</strong></span> <span class='ocrx_word' id='word_1_332' title='bbox 768 2498 922 2541; x_wconf 87' lang='lat' dir='ltr'><strong>propriis</strong></span> <span class='ocrx_word' id='word_1_333' title='bbox 962 2497 1162 2542; x_wconf 74' lang='lat' dir='ltr'><strong>resumptis,</strong></span> <span class='ocrx_word' id='word_1_334' title='bbox 1188 2498 1306 2530; x_wconf 84' lang='lat' dir='ltr'><strong>statim</strong></span> <span class='ocrx_word' id='word_1_335' title='bbox 1337 2498 1405 2530; x_wconf 83' lang='lat' dir='ltr'><strong>ista</strong></span> <span class='ocrx_word' id='word_1_336' title='bbox 1433 2497 1639 2543; x_wconf 89' lang='lat' dir='ltr'><strong>Sophronio</strong></span> <span class='ocrx_word' id='word_1_337' title='bbox 1663 2511 1721 2532; x_wconf 82' lang='lat' dir='ltr'><strong>re-</strong></span> 
     </span>
     <span class='ocr_line' id='line_1_39' title="bbox 249 2543 1718 2590; baseline 0.001 -11"><span class='ocrx_word' id='word_1_338' title='bbox 249 2546 381 2579; x_wconf 80' lang='lat' dir='ltr'><strong>stituit.</strong></span> <span class='ocrx_word' id='word_1_339' title='bbox 431 2545 471 2578; x_wconf 87' lang='lat' dir='ltr'><strong>in</strong></span> <span class='ocrx_word' id='word_1_340' title='bbox 496 2556 538 2578; x_wconf 86' lang='lat' dir='ltr'><strong>ea</strong></span> <span class='ocrx_word' id='word_1_341' title='bbox 564 2556 680 2578; x_wconf 84' lang='lat' dir='ltr'><strong>rerum</strong></span> <span class='ocrx_word' id='word_1_342' title='bbox 707 2545 911 2577; x_wconf 85' lang='lat' dir='ltr'><strong>calamitate</strong></span> <span class='ocrx_word' id='word_1_343' title='bbox 940 2543 1164 2589; x_wconf 67' lang='lat' dir='ltr'><strong>Sophronias</strong></span> <span class='ocrx_word' id='word_1_344' title='bbox 1190 2545 1383 2589; x_wconf 84' lang='lat' dir='ltr'><strong>praeclaris</strong></span> <span class='ocrx_word' id='word_1_345' title='bbox 1407 2545 1525 2578; x_wconf 86' lang='lat' dir='ltr'><strong>verbis</strong></span> <span class='ocrx_word' id='word_1_346' title='bbox 1549 2551 1588 2579; x_wconf 83' lang='lat' dir='ltr'><strong>et</strong></span> <span class='ocrx_word' id='word_1_347' title='bbox 1611 2547 1718 2590; x_wconf 83' lang='lat' dir='ltr'><strong>gestis</strong></span> 
     </span>
     <span class='ocr_line' id='line_1_40' title="bbox 247 2592 1720 2637; baseline 0.001 -11"><span class='ocrx_word' id='word_1_348' title='bbox 247 2593 582 2636; x_wconf 78' lang='lat' dir='ltr'><strong>Hierosolymorum</strong></span> <span class='ocrx_word' id='word_1_349' title='bbox 621 2592 808 2625; x_wconf 86' lang='lat' dir='ltr'><strong>ecclesiam</strong></span> <span class='ocrx_word' id='word_1_350' title='bbox 846 2592 932 2625; x_wconf 89' lang='lat' dir='ltr'><strong>olim</strong></span> <span class='ocrx_word' id='word_1_351' title='bbox 969 2592 1203 2637; x_wconf 71' lang='lat' dir='ltr'><strong>ampliticans,</strong></span> <span class='ocrx_word' id='word_1_352' title='bbox 1235 2592 1279 2625; x_wconf 80' lang='lat' dir='ltr'><strong>de</strong></span> <span class='ocrx_word' id='word_1_353' title='bbox 1306 2593 1495 2633; x_wconf 78' lang='lat' dir='ltr'><strong>Heraclio,</strong></span> <span class='ocrx_word' id='word_1_354' title='bbox 1521 2597 1558 2626; x_wconf 86' lang='lat' dir='ltr'><strong>et</strong></span> <span class='ocrx_word' id='word_1_355' title='bbox 1586 2604 1720 2627; x_wconf 79' lang='lat' dir='ltr'><strong>mono-</strong></span> 
     </span>
     <span class='ocr_line' id='line_1_41' title="bbox 248 2639 1717 2686; baseline 0.001 -12"><span class='ocrx_word' id='word_1_356' title='bbox 248 2640 458 2674; x_wconf 74' lang='lat' dir='ltr'><strong>thelitanuu</strong></span> <span class='ocrx_word' id='word_1_357' title='bbox 486 2640 556 2685; x_wconf 86' lang='lat' dir='ltr'><strong>ipsi</strong></span> <span class='ocrx_word' id='word_1_358' title='bbox 584 2639 810 2673; x_wconf 84' lang='lat' dir='ltr'><strong>addictorum</strong></span> <span class='ocrx_word' id='word_1_359' title='bbox 847 2639 1086 2683; x_wconf 82' lang='lat' dir='ltr'><strong>pravitatibus</strong></span> <span class='ocrx_word' id='word_1_360' title='bbox 1116 2645 1153 2673; x_wconf 83' lang='lat' dir='ltr'><strong>et</strong></span> <span class='ocrx_word' id='word_1_361' title='bbox 1188 2641 1413 2681; x_wconf 83' lang='lat' dir='ltr'><strong>commentis,</strong></span> <span class='ocrx_word' id='word_1_362' title='bbox 1444 2639 1565 2686; x_wconf 84' lang='lat' dir='ltr'><strong>deque</strong></span> <span class='ocrx_word' id='word_1_363' title='bbox 1593 2641 1717 2686; x_wconf 83' lang='lat' dir='ltr'><strong>Sergio</strong></span> 
     </span>
     <span class='ocr_line' id='line_1_42' title="bbox 247 2687 1619 2732; baseline -0.001 -10"><span class='ocrx_word' id='word_1_364' title='bbox 247 2693 284 2722; x_wconf 79' lang='lat' dir='ltr'><strong>et</strong></span> <span class='ocrx_word' id='word_1_365' title='bbox 310 2687 442 2732; x_wconf 85' lang='lat' dir='ltr'><strong>Pyrrho</strong></span> <span class='ocrx_word' id='word_1_366' title='bbox 471 2688 692 2729; x_wconf 82' lang='lat' dir='ltr'><strong>confutatis,</strong></span> <span class='ocrx_word' id='word_1_367' title='bbox 718 2687 913 2720; x_wconf 85' lang='lat' dir='ltr'><strong>clarissima</strong></span> <span class='ocrx_word' id='word_1_368' title='bbox 949 2693 1096 2732; x_wconf 78' lang='lat' dir='ltr'><strong>tropaea</strong></span> <span class='ocrx_word' id='word_1_369' title='bbox 1137 2687 1309 2729; x_wconf 86' lang='lat' dir='ltr'><strong>reserens,</strong></span> <span class='ocrx_word' id='word_1_370' title='bbox 1339 2687 1534 2721; x_wconf 78' lang='lat' dir='ltr'><strong>defunctus</strong></span> <span class='ocrx_word' id='word_1_371' title='bbox 1555 2693 1619 2721; x_wconf 90' lang='lat' dir='ltr'><strong>est.</strong></span> 
     </span>
     <span class='ocr_line' id='line_1_43' title="bbox 342 2734 1717 2784; baseline 0.001 -16"><span class='ocrx_word' id='word_1_372' title='bbox 342 2735 477 2769; x_wconf 79' lang='lat' dir='ltr'><strong>Eodem</strong></span> <span class='ocrx_word' id='word_1_373' title='bbox 505 2746 600 2768; x_wconf 84' lang='lat' dir='ltr'><strong>auno</strong></span> <span class='ocrx_word' id='word_1_374' title='bbox 622 2736 773 2768; x_wconf 82' lang='lat' dir='ltr'><strong>Umarus</strong></span> <span class='ocrx_word' id='word_1_375' title='bbox 797 2734 922 2768; x_wconf 76' lang='lat' dir='ltr'><strong>[adum</strong></span> <span class='ocrx_word' id='word_1_376' title='bbox 952 2735 989 2768; x_wconf 88' lang='lat' dir='ltr'><strong>in</strong></span> <span class='ocrx_word' id='word_1_377' title='bbox 1006 2736 1142 2778; x_wconf 80' lang='lat' dir='ltr'><strong>Syriam</strong></span> <span class='ocrx_word' id='word_1_378' title='bbox 1171 2736 1279 2778; x_wconf 85' lang='lat' dir='ltr'><strong>misit,</strong></span> <span class='ocrx_word' id='word_1_379' title='bbox 1299 2736 1363 2784; x_wconf 84' lang='lat' dir='ltr'><strong>qui</strong></span> <span class='ocrx_word' id='word_1_380' title='bbox 1388 2741 1500 2771; x_wconf 78' lang='lat' dir='ltr'><strong>totam</strong></span> <span class='ocrx_word' id='word_1_381' title='bbox 1525 2746 1606 2771; x_wconf 79' lang='lat' dir='ltr'><strong>eam</strong></span> <span class='ocrx_word' id='word_1_382' title='bbox 1629 2746 1717 2784; x_wconf 51' lang='lat' dir='ltr'><strong>prun</strong></span> 
     </span>
    </p>
   </div>
   <div class='ocr_carea' id='block_1_7' title="bbox 245 2782 1163 2830">
    <p class='ocr_par' dir='ltr' id='par_1_7' title="bbox 245 2782 1163 2830">
     <span class='ocr_line' id='line_1_44' title="bbox 245 2782 1163 2830; baseline 0.001 -13"><span class='ocrx_word' id='word_1_383' title='bbox 245 2783 398 2818; x_wconf 75' lang='lat' dir='ltr'><strong>vinciam</strong></span> <span class='ocrx_word' id='word_1_384' title='bbox 422 2784 462 2819; x_wconf 85' lang='lat' dir='ltr'><strong>in</strong></span> <span class='ocrx_word' id='word_1_385' title='bbox 487 2783 748 2818; x_wconf 83' lang='lat' dir='ltr'><strong>Saracenorum</strong></span> <span class='ocrx_word' id='word_1_386' title='bbox 771 2788 988 2830; x_wconf 81' lang='lat' dir='ltr'><strong>potestatem</strong></span> <span class='ocrx_word' id='word_1_387' title='bbox 1012 2782 1163 2828; x_wconf 78' lang='lat' dir='ltr'><strong>redegit.</strong></span> 
     </span>
    </p>
   </div>
  </div>
 </body>
</html>
