1708 3172
511 198 856 241 TREOPHAle
898 198 1040 239 VITA.
1376 196 1509 238 XXIX

45 304 378 360 ἀθροιζομένων,
401 300 476 342 καί
499 304 710 354 λαμπραῖς
752 300 1022 354 γαννυμένων
1049 295 1262 352 ἔσθὴταις,
1292 296 1421 345 αῧτὸς
1448 299 1510 355 τῷ

43 371 221 426 συνήθει
249 369 422 425 τριχίνῳ
453 365 748 421 κοσμούμενος,
775 363 992 423 ὑποζυγίῳ
1009 380 1057 406 τε
1076 361 1226 418 ἐπιβὰς
1253 359 1331 421 κᾷν
1356 365 1507 422 θηλείᾳ

42 438 118 493 τήν
148 435 415 496 ὁδοιπορείαν
459 433 650 486 α’σμὲνως
677 435 867 475 ἐποιεῖτο.
934 432 992 482 ὥς
1021 433 1060 474 ‹5'
1087 426 1202 473 εἶδον
1232 427 1409 479 ἅπαντες
1434 427 1507 471 τόν

41 501 271 561 τηλικούτῳ
306 499 473 558 πλούτῳ
504 503 697 553 κομῶντα
723 498 770 541 τὸ
802 499 1006 554 πρότερον
1045 498 1207 547 τούτοις
1233 498 1311 539 νῦν
1340 500 1507 537 καλλω-

3 570 293 625 5πιζόμενον,
321 571 365 619 ἐξ
404 565 541 610 αὐτοῦ’
585 571 747 621 μᾶλλον
788 562 814 622 ἢ
844 568 929 608 τῶν
972 562 1111 608 ἄλλων
1140 563 1399 618 δρεψάμενοι
1429 561 1506 617 την

40 639 278 693 ὠφέλειαν,
314 634 525 688 ειῖθυμίας
567 633 733 688 ἁπάσης
777 633 1097 686 α’νεπίμπλαντο.
1167 631 1189 673 ὅ
1232 634 1271 673 δ”
1306 629 1506 683 ἐκθύμως

38 706 302 753 συνασπίσας
333 705 384 760 τῇ
416 699 594 759 ἇληθείρι
622 700 695 743 καὶ
720 700 795 756 τὴν
828 699 986 756 πλάνην
1020 696 1427 755 καταστρεψάμενος,
1453 698 1506 754 τῇ

35 768 286 828 γειίκωτάτῃ
313 771 396 813 τῶν
425 769 587 825 cipere&
619 768 939 823 καλλυνόμενος,
968 766 1152 824 ἐπανῄει.

154 836 317 880 Τούτου
345 841 434 893 τοῖς
462 839 605 884 καλοῖς
637 834 676 877 οἱ
708 836 780 889 τῆς
810 835 957 883 κακίας
989 833 1235 889 γεννήτορες
1262 829 1504 886 βασκήναν-

0 921 106 955 οτες
138 906 348 958 δαίμονες,
375 901 530 959 μικρὸν
545 905 619 957 τῆς
639 900 787 950 νυκτὸς
819 902 1087 957 α’φυπνοῦντι
1109 902 1263 956 α’νέδην
1283 897 1503 952 ἐπικωμά-

39 974 173 1025 ζουσι,
202 972 276 1013 καί
299 970 373 1024 τῆς
405 968 505 1024 ὅλης
531 967 677 1025 χειρὸς
715 967 787 1011 τὸν
819 970 1038 1023 α’ντίχειρα
1069 967 1174 1018 συὸς
1204 969 1322 1023 δίκην
1349 965 1500 1022 ἇγρίου

34 1045 121 1089 τοῖς
152 1038 302 1081 ὀδοῦσι
342 1037 593 1093 λαβόμενοι,
635 1038 831 1092 δριμεῖαν
868 1035 942 1090 τὴν
983 1034 1194 1091 ἀλγηδόνα
1231 1036 1305 1076 καί
1328 1032 1501 1077 ἔκτοπον

36 1105 292 1162 ἐνεποίησαν,
320 1103 423 1154 τούς
451 1105 536 1147 τῶν
563 1102 746 1146 ὄδόντων
762 1102 919 1152 τόπους
936 1104 1166 1160 ἐπαφέντες
1190 1104 1249 1160 τῷ
1275 1105 1397 1159 μέρει
1422 1119 1495 1146 του

35 1173 241 1226 σώματος.
300 1169 322 1214 ὃ
343 1173 405 1214 ’δὲ
444 1173 500 1230 τῷ
544 1170 650 1227 πρὸς
678 1170 780 1213 θεὸν
815 1168 939 1226 ἔρωτι
969 1167 1291 1226 καθηλούμενος,
1325 1172 1400 1211 καί
1425 1172 1500 1224 τῆς

0 1242 202 1282 5ἐκείνων
227 1241 454 1295 μοχθηρᾶς
493 1239 681 1287 ἐπινοίας
715 1235 921 1292 ὑπάρχων
959 1236 1206 1292 ὑπέρτερος,
1247 1237 1341 1278 οὐδ’
1367 1232 1499 1286 οὕτως

34 1308 248 1364 ἑντρυφᾷν
282 1309 341 1364 τῷ
377 1306 563 1360 γεγονότι
606 1303 708 1354 τούς
749 1303 990 1358 βασκάνους
1040 1306 1219 1347 ἐνέδωκε
1273 1305 1497 1357 δαίμονας·

34 1375 356 1428 ἀπομυρίσματι
387 1375 435 1416 δὲ
464 1371 599 1425 ξύλων
625 1373 803 1426 τιμίων,
829 1371 886 1420 ὥς
914 1367 1004 1426 εἶχε
1031 1373 1232 1427 σπουδῆς,
1261 1371 1498 1427 ἐπιχρίσας,

28 1447 155 1495 χεῖρα
181 1438 258 1496 τήν
286 1438 550 1496 πάσχουσαν,
578 1441 810 1493 ἐλευθέραν
840 1439 997 1489 παντὸς
1025 1434 1226 1494 θᾶττονῆ
1250 1437 1367 1491 λόγος
1399 1439 1498 1481 ε’να-

31 1509 194 1560 πέιῐειξε
219 1505 438 1560 μώλωπος.
496 1502 531 1549 ὦ
561 1509 637 1550 τοῦ
661 1506 909 1560 θαύματος·
965 1508 1094 1563 χάρις
1114 1505 1197 1562 γάρ
1225 1509 1325 1549 θεία
1354 1507 1497 1563 διηνε-

0 1576 110 1623 οκῶς
139 1581 225 1624 τοῖς
251 1576 410 1618 ἐκείνου
451 1572 596 1625 πόνοις
625 1575 1005 1630 ἐπαναπαυομένη,
1050 1575 1125 1616 καί
1147 1572 1317 1629 τρόποις
1345 1590 1498 1617 ταπει-

31 1643 106 1685 νοῦ
136 1644 214 1684 τοῦ
239 1639 538 1700 φρονήματος,
570 1641 855 1685 οἷποστολικῶν
890 1643 1083 1698 χαρίτων
1114 1644 1166 1700 τῇ
1203 1643 1342 1698 δωρεᾷ
1370 1658 1497 1685 κατε-

130 1796 157 1816 ι.
187 1782 349 1827 ἐσθῆσιν
379 1793 450 1828 mg.
474 1783 552 1816 Par.
589 1783 652 1817 sed
686 1784 839 1830 scriptor
870 1783 1057 1818 barbaram
1094 1786 1245 1819 formam
1282 1785 1495 1831 praetulisse

124 1830 281 1865 videtur.
398 1831 430 1863 3.
461 1830 545 1866 ἴδον
568 1832 644 1864 Par.
786 1833 818 1865 8.
844 1833 1088 1881 γεννηκοτάτῃ
1116 1834 1192 1867 Par.
1348 1834 1496 1868 ἐπανίει

126 1878 200 1912 Par.
322 1891 358 1926 9.
377 1878 456 1924 τῆς]
478 1884 555 1918 τοῖς
579 1879 654 1913 Par.
680 1878 717 1912 h.
740 1880 765 1912 1.
793 1885 830 1913 et
854 1891 948 1913 mox.
1081 1881 1133 1914 13.
1159 1879 1392 1923 α’νεποίησαν
1416 1881 1493 1914 Par.

29 2005 95 2037 set,
120 1999 164 2032 ad
190 2010 267 2033 eam
302 2000 384 2046 ipse
419 2011 566 2046 quoque
604 2012 683 2034 cum
722 2001 804 2035 aliis
839 2001 1003 2046 patribus
1035 2007 1182 2035 vocatus
1223 2006 1289 2034 est„
1338 2011 1495 2046 cumque

30 2059 153 2080 omnes
179 2048 283 2094 equis
314 2049 603 2093 praestantibus,
629 2055 666 2083 et
697 2048 900 2095 splendidis
923 2050 1147 2084 vestimentis
1174 2050 1291 2083 ornati
1315 2050 1494 2090 venirent,

28 2095 106 2140 ipse
130 2096 238 2129 solito
262 2095 406 2130 cilicino
430 2108 530 2130 sacco
556 2096 729 2138 indutus,
755 2108 795 2130 ac
818 2098 939 2130 asinae
973 2097 1155 2139 insidens,
1181 2097 1298 2130 laetus
1322 2097 1394 2130 iter
1417 2108 1495 2130 sus-

20 2143 137 2188 cepit.
199 2142 263 2177 sed
296 2155 376 2178 cum
412 2155 534 2178 omnes
560 2144 727 2178 viderent
751 2156 846 2185 eum,
870 2145 934 2190 qui
969 2147 1069 2190 prius
1096 2144 1264 2179 omnibus
1288 2144 1494 2178 divitiarum

29 2191 142 2237 copiis
171 2190 428 2233 abundaverat,
458 2193 519 2225 vili
538 2204 634 2226 nunc
659 2192 784 2226 habitu
806 2193 1033 2238 gloriantem,
1058 2194 1196 2227 maiore
1216 2203 1260 2226 ex
1282 2192 1361 2233 illo,
1387 2203 1496 2238 quam

30 2250 74 2271 ex
95 2239 256 2285 reliquis,
272 2245 443 2286 percepta
470 2240 645 2281 utilitate,
671 2241 807 2285 ingenti
833 2241 974 2275 laetitia
1003 2242 1135 2286 repleti
1159 2246 1256 2274 sunt.
1306 2240 1384 2286 ipse
1408 2251 1494 2273 vero

30 2291 173 2319 strenue
197 2293 424 2333 propugnata
450 2288 618 2328 veritate,
641 2299 682 2321 ac
699 2299 817 2323 errore
835 2299 973 2330 everso,
998 2288 1083 2331 fide,
1108 2300 1202 2336 quae
1227 2288 1402 2322 virtutum
1430 2299 1495 2332 ge-

29 2334 255 2367 neralissima
280 2341 347 2376 est,
370 2336 528 2380 inclytus
559 2335 679 2369 rediit.

122 2381 256 2415 Verum
283 2393 363 2416 cum
405 2383 567 2417 malitiae
604 2389 767 2418 auctores
800 2383 993 2418 daemones
1029 2384 1221 2430 praeclaris
1253 2383 1365 2429 ipsius
1389 2382 1492 2416 factis

27 2428 253 2471 inviderent,
288 2430 323 2463 ei
357 2437 464 2465 nocte
488 2442 682 2477 parumper
710 2431 905 2466 dormienti
939 2432 1171 2478 impudenter
1193 2431 1350 2466 illudere
1372 2431 1494 2464 conati

29 2482 123 2510 sunt.
173 2489 298 2511 manus
323 2479 420 2512 enim
452 2480 565 2524 ipsius
589 2479 782 2524 pollicem,
811 2486 983 2526 tanquam
1011 2492 1091 2514 sues
1115 2485 1296 2525 agrestes,
1322 2478 1494 2512 dentibus

27 2524 276 2570 corripientes,
300 2526 468 2560 acerbum
495 2526 655 2560 dolorem
677 2528 896 2567 inusserunt,
920 2529 959 2561 in
986 2539 1100 2574 eaque
1124 2527 1285 2573 corporis
1308 2532 1409 2572 parte
1434 2526 1493 2558 lu-

25 2576 122 2611 xata,
148 2572 310 2606 dentium
334 2574 487 2619 vestigia
512 2575 750 2621 reliquerunt.
776 2581 814 2609 at
841 2576 906 2608 ille
933 2575 992 2609 dei
1018 2586 1139 2610 amore
1166 2575 1341 2615 confixus,
1368 2579 1404 2606 et
1427 2584 1494 2606 ne-

27 2618 145 2663 quitia
182 2619 399 2655 daemonnm
433 2622 590 2655 animum
630 2633 756 2666 gerens
791 2623 1039 2668 superiorem,
1064 2634 1111 2657 ne
1140 2624 1192 2657 sic
1217 2622 1363 2668 quidem
1389 2631 1430 2653 ea
1454 2631 1493 2653 re

28 2666 172 2709 gloriari
200 2667 341 2702 invidos
368 2669 562 2704 daemones
589 2671 764 2715 permisit.
816 2670 880 2704 sed
906 2682 1013 2717 quam
1043 2682 1198 2717 propere
1225 2670 1329 2703 licuit
1353 2667 1494 2714 pretio-

28 2724 148 2746 sorum
173 2714 349 2758 lignorum
386 2723 546 2761 ungento
583 2729 726 2751 manum
764 2718 922 2752 luxatam
955 2730 1105 2764 ungens,
1137 2718 1235 2752 dicto
1263 2717 1370 2750 citius
1394 2715 1493 2749 omni

27 2760 132 2805 plaga
161 2761 311 2796 liberam
341 2763 510 2798 reddidit.
561 2777 582 2798 o
609 2777 680 2799 rem
698 2765 845 2800 miram!
870 2767 984 2810 gratia
1009 2767 1104 2800 enim
1124 2766 1243 2799 divina
1272 2764 1370 2797 illius
1396 2774 1492 2797 sem-

28 2819 94 2853 per
137 2808 323 2844 laboribus
360 2813 611 2859 summissique
646 2814 757 2847 animi
791 2814 949 2848 motibus
988 2825 1179 2860 praesen8‚
1210 2811 1491 2858 apostolicorum
