1768 3106
267 151 378 227 708
825 166 1173 211 THEOPHANIS

217 271 324 316 Dloe'
344 273 430 327 7’ιόἰί
458 271 716 328 Αὕγούστου
758 271 896 328 μηνὸς
923 274 1000 326 τῆς
1033 270 1166 326 αὐτῆς
1206 268 1238 321 ζ’
1268 269 1529 319 ἶνδικτιῶνος
1560 269 1742 320 Παῦλος

259 356 281 381 ο
314 337 431 390 ὅσιος
462 341 537 382 καί
573 339 805 396 ἁγιώτατος
834 339 1102 397 πατριάρχης
1139 336 1397 394 ἀσθενήσας,
1426 339 1646 380 κατέλιπεν
1672 337 1742 380 τὸν

258 405 439 464 θρόνον,
481 411 556 451 καί
596 405 818 450 κατελθών
855 406 900 449 ἐν
939 407 991 465 τῇ
1028 407 1137 463 μονῇ
1175 406 1251 448 τοῦ
1287 406 1494 462 Φλώρου,
1538 401 1665 459 ἔλαβε
1694 403 1743 447 τὸ

258 474 491 529 μοναδικὸν
521 477 689 531 σχῆμα,
718 473 854 530 χωρίς
883 475 1086 530 εἰδήσεως
1113 473 1186 529 τῆς
1214 474 1480 529 βασιλίσσης.
1536 474 1742 526 μαθοῦσα

260 544 310 586 δὲ
342 546 470 586 τοῦτο
511 541 537 599 ἡ
581 541 817 597 βασίλισσα
849 542 1129 599 παραγίνεται
1169 540 1278 597 πρὸς
1309 539 1439 584 αὐτὸν
1465 538 1547 583 σύν
1574 542 1634 599 τῷ
1663 538 1768 598 υἱῷξ

258 615 505 666 λυπουμένη
530 610 605 654 καὶ
635 612 888 665 καταβοῶσα
921 610 1079 652 αὐτοῦ·
1107 605 1169 652 ὅτι
1199 609 1346 651 διὰτί
1370 610 1492 652 τοῦτο
1511 608 1745 664 ἑποιήσαςς

259 679 284 720 ὅ
302 680 349 721 δὲ
367 677 472 732 μετὰ
494 676 664 734 θρήνων
685 680 851 721 πολλῶν
873 675 956 735 ἔφη
977 675 1084 732 πρὸς
1113 672 1260 732 αὐτήν·
1291 674 1381 720 εἴθε
1401 677 1511 732 μηδὲ
1539 673 1744 732 πρότερον

258 745 441 790 ἐκάθισα
467 748 513 788 ἐν
545 748 604 805 τῷ
635 748 711 802 τῆς
739 743 964 802 ἱεροσύνης
995 742 1138 804 θρόνῳ
1178 746 1252 801 τῆς
1282 745 1503 801 ἐκκλησίας
1533 745 1609 787 τοῦ
1637 744 1745 785 θεοῦ

257 815 600 871 τυραννουμένης
640 815 716 856 καί
746 815 1002 870 ἑσχισμένης
1039 808 1170 869 οὔσης
1195 813 1241 855 ἑκ
1271 814 1354 854 τῶν
1384 814 1542 855 λοιπῶν
1568 814 1744 854 καθολι-

259 884 344 924 κιόν
392 881 562 937 θρόνων
605 881 679 924 καί
721 881 1153 937 άναθεματιζομὲνης.
1233 879 1338 936 ἡδὲ
1367 880 1768 937 προσκαλεσαμένηι

259 948 358 1000 τούς
386 966 429 992 τε
455 953 707 1006 πατρικίους
731 949 804 992 καί
833 947 931 1000 τούς
953 951 1024 1005 τῆς
1053 946 1286 1004 συγκλήτου
1315 947 1515 1004 λογάδας,
1542 948 1745 989 ἀπέστει-

126 1031 161 1064 1).
180 1029 249 1063 386
261 1021 332 1060 λεν
361 1017 468 1073 πρὸς
495 1016 620 1061 αὐτὸν
650 1018 835 1060 οἰκοῦσαι
853 1015 905 1060 τά
933 1017 1039 1073 παρ’
1057 1017 1194 1058 αὐτοῦ
1221 1016 1440 1071 λεγόμενα.
1498 1014 1520 1057 ὅ
1553 1016 1600 1057 δὲ
1629 1010 1747 1056 εἶπεν

260 1083 369 1140 πρὸς
397 1085 581 1135 αὐτούς·
649 1083 727 1128 ἐὰν
763 1084 823 1142 μή
866 1085 1046 1136 σύνοδος
1087 1082 1352 1141 οἰκουμενικῆ
1382 1086 1567 1141 γένηται,
1596 1081 1670 1126 καί
1694 1081 1743 1125 τὸ

261 1151 444 1210 σφάλμα
474 1152 522 1195 τὸ
555 1148 603 1196 ὃν
631 1155 677 1197 ἐν
705 1155 757 1212 τῇ
784 1157 896 1212 μέσῃ
926 1153 1050 1208 ὑμῶν
1079 1154 1314 1211 διορθωθῇ,
1344 1152 1422 1194 οὔκ
1458 1149 1575 1207 ἔχετε
1606 1167 1745 1207 σωτη-

263 1223 373 1276 ρίαν.
433 1219 471 1264 οἱ
503 1222 550 1264 δὲ
579 1217 696 1265 εἶπον
726 1222 864 1280 αὐτῷ·
921 1223 995 1265 καί
1021 1224 1093 1264 ἵνα
1122 1223 1188 1278 τί,
1215 1221 1470 1279 ὗπέγραψας
1497 1221 1543 1263 ἐν
1573 1222 1630 1277 τῷ
1655 1234 1768 1275 χει-ι

120 1297 161 1331 V.
179 1298 245 1344 307
261 1292 536 1344 ροτονεῖσθαί
554 1306 602 1333 σε
645 1291 723 1334 τοῦ
764 1288 825 1347 μὴ
871 1295 1122 1347 προσκυνεῖν
1161 1290 1350 1342 εἰκόναςς
1389 1286 1411 1330 ὃ
1440 1290 1488 1331 δὲ
1515 1286 1626 1346 ἔφη·
1686 1284 1746 1330 ὅτι

261 1355 332 1399 διά
364 1360 490 1400 τοῦτο
516 1360 667 1415 θρηνῶ
695 1360 769 1402 καί
793 1355 902 1414 πρὸς
943 1357 1020 1414 τὴν
1047 1356 1277 1413 μετάνοιαν
1309 1359 1561 1413 κατέφυγον,
1592 1356 1747 1409 δεόμε-

258 1439 329 1474 νος
354 1427 432 1468 τοῦ
462 1428 582 1483 θεοῦ,
612 1422 726 1476 ὅπως
747 1425 806 1482 μή
831 1426 890 1476 ὥς
918 1426 1035 1483 ἱερέα
1051 1428 1106 1480 μὲ
1131 1427 1288 1484 κολάσῃ
1312 1423 1544 1481 σιγήσαντα
1573 1425 1652 1475 ἕως
1672 1425 1750 1467 τοῦ

259 1493 349 1548 νῦν,
380 1491 453 1535 καί
481 1492 540 1549 μή
573 1492 814 1551 κηρύξαντα
855 1491 935 1550 τήν
978 1492 1187 1550 α’λήθειαν
1226 1494 1285 1550 τῷ
1325 1492 1447 1550 φόβῳ
1488 1493 1564 1548 τῆς
1592 1494 1751 1546 μανίας

259 1559 397 1615 ὑμῶν.
429 1562 476 1605 ἑν
503 1561 672 1613 τούτοις
700 1561 908 1619 ἐκοιμήθη
928 1563 973 1604 ἐν
995 1559 1137 1620 εἰρήνῃ
1157 1559 1403 1605 καταλιπών
1431 1561 1588 1618 θρῆνον
1614 1558 1768 1604 πολύντ

360 1714 395 1759 4.
420 1716 641 1761 βασιλίσσης
661 1715 702 1758 Α,
726 1717 920 1762 βασιλείας
934 1695 1029 1762 vulg.
1129 1728 1163 1762 7.
1186 1714 1377 1763 πρότερον
1395 1714 1436 1758 Α,
1452 1711 1627 1753 ποταπὸν
1649 1716 1746 1760 vulg-

361 1776 397 1809 9.
421 1765 638 1802 καθολικῶν
662 1764 747 1798 add.
785 1776 830 1798 ex
859 1765 901 1798 A.
1029 1775 1082 1798 ιι.
1107 1775 1148 1799 τε
1172 1763 1256 1798 add.
1284 1775 1329 1799 ex
1356 1764 1398 1799 A.
1524 1765 1577 1809 ¹4·
1607 1766 1660 1804 εἰς
1683 1761 1749 1808 τὸν

358 1814 481 1860 μέσην
505 1813 546 1846 Α.
673 1825 726 1860 ¹9·
756 1813 807 1861 τῷ
836 1826 879 1861 φ.
907 1824 937 1848 τ.
963 1825 1005 1860 μ.
1032 1810 1066 1847 ὑ.
1094 1822 1163 1846 om.
1191 1812 1217 1847 f.
1757 1817 1762 1822 '

269 1945 413 1987 Paulus,
449 1945 503 1979 vir
527 1945 716 1990 religiosus
742 1951 779 1980 et
803 1946 1010 1992 patriarcha
1046 1947 1304 1987 sanctissimus,
1333 1947 1372 1981 in
1396 1945 1561 1980 morbum
1586 1944 1751 1979 incidens

271 1994 405 2027 throno
431 1994 605 2027 nuncium
643 1995 805 2036 remisit,
832 2001 869 2029 et
905 1994 952 2028 ad
977 1995 1077 2029 Flori
1113 1994 1372 2028 monasterium
1407 2006 1443 2028 se
1475 1995 1675 2036 conferens,
1699 1994 1752 2027 ibi

272 2042 506 2087 imperatrice
532 2043 713 2088 propositi
739 2044 818 2077 eius
847 2044 975 2084 inscia,
999 2043 1237 2078 monasticum
1256 2042 1423 2076 habitum
1444 2042 1649 2088 assumpsit.
1701 2042 1752 2075 rei

273 2096 396 2135 gestae
420 2090 587 2124 notitiam
618 2095 657 2124 ut
681 2091 813 2125 habuit
833 2091 1059 2138 imperatrix,
1085 2091 1276 2125 confestim
1303 2102 1385 2125 eum
1412 2103 1490 2124 cum
1516 2091 1592 2124 lilio
1618 2101 1752 2124 conve-

273 2140 342 2180 nit,
369 2149 410 2170 ac
436 2139 601 2184 querulis
625 2139 777 2173 vocibus
803 2139 1004 2182 insectata,
1038 2140 1128 2187 quid
1153 2140 1233 2181 hoc,
1258 2140 1394 2185 inquit,
1416 2138 1559 2172 fecisti?
1606 2139 1671 2171 ille
1697 2139 1753 2171 la-

274 2187 403 2230 crymis
429 2186 597 2231 perfusus
630 2198 838 2233 responsum
866 2188 912 2222 ad
941 2200 1019 2222 eam
1046 2187 1167 2222 dedit:
1197 2188 1334 2221 utinam
1363 2187 1514 2221 ecclesia
1542 2185 1603 2220 dei
1630 2192 1754 2230 tyran-

274 2236 358 2268 nice
384 2233 634 2268 administrata
670 2241 707 2269 et
745 2248 764 2269 a
793 2236 943 2282 reliquis
972 2236 1113 2270 thronis
1139 2248 1181 2269 ea
1205 2235 1249 2269 de
1273 2246 1380 2269 cansa
1420 2236 1567 2269 rescissa
1594 2234 1754 2281 dirisque

275 2288 315 2316 et
349 2282 643 2316 execrationibus
668 2283 812 2326 devota,
840 2286 879 2318 in
908 2285 1100 2318 sacerdotii
1127 2283 1260 2320 throno
1290 2284 1448 2329 Cpoleos
1473 2294 1660 2330 nunquam
1688 2294 1754 2328 ego

276 2330 466 2365 sedissem.
517 2331 581 2363 illa
602 2332 774 2376 patricios
802 2337 840 2366 et
864 2339 1010 2367 senatus
1036 2333 1318 2378 spectatissimos
1347 2343 1511 2378 quosque
1537 2332 1583 2365 ad
1612 2343 1650 2365 se
1676 2332 1754 2377 pri-

275 2390 375 2413 mum
401 2379 537 2412 accitos
573 2378 619 2412 ad
643 2390 725 2412 eum
764 2381 994 2425 postmodum
1027 2380 1244 2420 destinavit,
1269 2391 1364 2427 quae
1403 2380 1481 2426 ipse
1506 2385 1667 2414 narraret
1692 2390 1755 2413 ore

276 2427 426 2474 proprio
453 2426 653 2460 audituros.
715 2428 778 2473 qui
804 2428 850 2461 ad
878 2429 1000 2474 ipsos:
1027 2429 1096 2462 nisi
1125 2427 1315 2472 synodum,
1353 2429 1486 2474 inquit,
1516 2428 1755 2462 universalem

278 2476 492 2520 coegeritis,
521 2480 558 2509 et
594 2474 820 2509 obtinentem
853 2477 950 2522 apud
976 2485 1037 2511 vos
1063 2477 1293 2510 correxeritis
1327 2487 1496 2517 errorem,
1525 2477 1628 2510 nulla
1652 2476 1756 2510 vobis

278 2529 444 2569 superest
466 2523 574 2556 salus.
628 2524 893 2568 responderunt
919 2526 1009 2570 ipsi:
1049 2537 1111 2558 cur
1130 2535 1213 2569 ergo
1238 2525 1444 2571 patriarcha
1466 2524 1674 2569 designatus
1700 2525 1757 2558 in-

279 2578 336 2606 ter
361 2571 604 2605 ordinationis
632 2573 807 2605 solemnia
842 2574 1016 2617 imagines
1048 2579 1085 2606 te
1124 2584 1311 2618 nunquam
1349 2573 1579 2606 adoraturum
1605 2572 1759 2606 subscri-

278 2619 411 2666 psisti?
438 2625 514 2654 tum
538 2619 619 2653 ille:
646 2618 746 2661 haec,
772 2621 835 2663 ait,
863 2622 1099 2664 lacrymarum
1124 2632 1283 2654 mearum
1301 2633 1407 2655 causa
1432 2627 1502 2664 est3
1523 2620 1615 2654 illud
1637 2632 1695 2654 me
1713 2620 1760 2654 ad

282 2668 551 2713 poenitentiam
569 2668 846 2713 amplexandam
871 2670 1027 2715 impulit,
1054 2670 1161 2703 deum
1184 2669 1454 2716 deprecantem,
1483 2681 1529 2703 ne
1554 2681 1612 2703 me
1643 2669 1759 2702 veluti

282 2715 495 2761 pontificem
531 2715 721 2762 hucusque
755 2723 894 2751 mutum
930 2716 1121 2759 redditum,
1153 2729 1221 2751 nec
1248 2719 1437 2752 veritatem
1471 2717 1567 2765 (solo
1595 2717 1760 2751 insaniae

282 2769 422 2797 vestrae
448 2769 548 2798 metu
575 2763 777 2813 detentum)
807 2766 924 2811 palam
940 2766 1195 2799 enunciantem
1222 2767 1403 2812 corripiat.
1454 2767 1550 2799 inter
1568 2766 1630 2798 has
1654 2776 1759 2798 voces

283 2811 418 2846 Paulus
447 2812 485 2846 in
510 2823 600 2858 pace
629 2812 861 2857 obdormivit,
887 2825 1017 2860 magno
1040 2814 1084 2848 de
1111 2826 1148 2849 se
1179 2820 1254 2849 tam
1280 2815 1513 2861 imperatrici,
1541 2825 1646 2861 quam
1677 2824 1759 2847 cae-
