<?xml version="1.0" encoding="UTF-8"?>
<!DOCTYPE html PUBLIC "-//W3C//DTD XHTML 1.0 Transitional//EN"
    "http://www.w3.org/TR/xhtml1/DTD/xhtml1-transitional.dtd">
<html xmlns="http://www.w3.org/1999/xhtml" xml:lang="en" lang="en">
 <head>
  <title>
</title>
<meta http-equiv="Content-Type" content="text/html;charset=utf-8" />
  <meta name='ocr-system' content='tesseract 3.04.00' />
  <meta name='ocr-capabilities' content='ocr_page ocr_carea ocr_par ocr_line ocrx_word'/>
</head>
<body>
  <div class='ocr_page' id='page_1' title='image "./corpusscriptorum46niebuoft_0350.png"; bbox 0 0 1786 3204; ppageno 0'>
   <div class='ocr_carea' id='block_1_1' title="bbox 268 170 1243 228">
    <p class='ocr_par' dir='ltr' id='par_1_1' title="bbox 268 170 1243 228">
     <span class='ocr_line' id='line_1_1' title="bbox 268 170 1243 228; baseline 0.001 -15"><span class='ocrx_word' id='word_1_1' title='bbox 268 171 381 228; x_wconf 87' lang='lat'><strong>290</strong></span> <span class='ocrx_word' id='word_1_2' title='bbox 840 170 1191 215; x_wconf 78' lang='lat' dir='ltr'>THEOPHANIS</span> <span class='ocrx_word' id='word_1_3' title='bbox 1242 204 1243 207; x_wconf 14' lang='grc' dir='ltr'><em>η</em></span> 
     </span>
    </p>
   </div>
   <div class='ocr_carea' id='block_1_2' title="bbox 120 271 1786 1550">
    <p class='ocr_par' dir='ltr' id='par_1_2' title="bbox 120 271 1786 1550">
     <span class='ocr_line' id='line_1_2' title="bbox 261 271 1752 331; baseline 0 -17"><span class='ocrx_word' id='word_1_4' title='bbox 261 275 444 327; x_wconf 76' lang='grc' dir='ltr'><strong><em>βασιλέα</em></strong></span> <span class='ocrx_word' id='word_1_5' title='bbox 469 272 781 317; x_wconf 86' lang='grc' dir='ltr'><em>Ἰουστινιανὸν</em></span> <span class='ocrx_word' id='word_1_6' title='bbox 820 272 1186 329; x_wconf 77' lang='grc' dir='ltr'><em>ἀπολογούμενος,</em></span> <span class='ocrx_word' id='word_1_7' title='bbox 1229 271 1288 322; x_wconf 77' lang='grc' dir='ltr'><strong>ὥς</strong></span> <span class='ocrx_word' id='word_1_8' title='bbox 1331 271 1447 331; x_wconf 73' lang='grc' dir='ltr'><em>αύτῷ</em></span> <span class='ocrx_word' id='word_1_9' title='bbox 1490 271 1517 328; x_wconf 83' lang='grc' dir='ltr'><em>ἧ</em></span> <span class='ocrx_word' id='word_1_10' title='bbox 1550 271 1752 327; x_wconf 72' lang='grc' dir='ltr'><em>βασιλεία</em></span> 
     </span>
     <span class='ocr_line' id='line_1_3' title="bbox 120 338 1748 397; baseline -0.001 -13"><span class='ocrx_word' id='word_1_11' title='bbox 120 349 166 384; x_wconf 86' lang='lat' dir='ltr'><strong>V.</strong></span> <span class='ocrx_word' id='word_1_12' title='bbox 187 350 250 384; x_wconf 81' lang='lat'><strong>128</strong></span> <span class='ocrx_word' id='word_1_13' title='bbox 265 338 452 395; x_wconf 80' lang='grc' dir='ltr'><em>ἐννόμως</em></span> <span class='ocrx_word' id='word_1_14' title='bbox 483 344 708 397; x_wconf 83' lang='grc' dir='ltr'><em>προσῆκεν,</em></span> <span class='ocrx_word' id='word_1_15' title='bbox 733 341 979 396; x_wconf 80' lang='grc' dir='ltr'><em>Ἰλδερι’χου</em></span> <span class='ocrx_word' id='word_1_16' title='bbox 1009 341 1069 396; x_wconf 74' lang='grc' dir='ltr'><em>μὴ</em></span> <span class='ocrx_word' id='word_1_17' title='bbox 1100 339 1322 396; x_wconf 77' lang='grc' dir='ltr'><em>ἰσχύοντος</em></span> <span class='ocrx_word' id='word_1_18' title='bbox 1352 340 1489 396; x_wconf 75' lang='grc' dir='ltr'><em>αὐτὴν</em></span> <span class='ocrx_word' id='word_1_19' title='bbox 1517 342 1748 395; x_wconf 76' lang='grc' dir='ltr'><em>διοικῆσαι.</em></span> 
     </span>
     <span class='ocr_line' id='line_1_4' title="bbox 261 406 1748 465; baseline -0.001 -15"><span class='ocrx_word' id='word_1_20' title='bbox 261 410 400 451; x_wconf 80' lang='grc' dir='ltr'><em>ταῦτα</em></span> <span class='ocrx_word' id='word_1_21' title='bbox 427 410 475 452; x_wconf 79' lang='grc' dir='ltr'><strong>δὲ</strong></span> <span class='ocrx_word' id='word_1_22' title='bbox 502 409 811 458; x_wconf 87' lang='grc' dir='ltr'><em>Ἰουστινιανὸς</em></span> <span class='ocrx_word' id='word_1_23' title='bbox 845 406 1024 465; x_wconf 77' lang='grc' dir='ltr'><em>μαθών,</em></span> <span class='ocrx_word' id='word_1_24' title='bbox 1066 406 1256 464; x_wconf 74' lang='grc' dir='ltr'><em>ἔγραψεν</em></span> <span class='ocrx_word' id='word_1_25' title='bbox 1294 406 1402 463; x_wconf 68' lang='grc' dir='ltr'><em>πρὸς</em></span> <span class='ocrx_word' id='word_1_26' title='bbox 1430 407 1579 462; x_wconf 77' lang='grc' dir='ltr'><em>αὕτόν,</em></span> <span class='ocrx_word' id='word_1_27' title='bbox 1611 407 1668 458; x_wconf 79' lang='grc' dir='ltr'><strong>ὥς</strong></span> <span class='ocrx_word' id='word_1_28' title='bbox 1698 406 1748 448; x_wconf 80' lang='grc' dir='ltr'><strong>οὗ</strong></span> 
     </span>
     <span class='ocr_line' id='line_1_5' title="bbox 259 471 1750 533; baseline -0.001 -16"><span class='ocrx_word' id='word_1_29' title='bbox 259 478 537 528; x_wconf 78' lang='grc' dir='ltr'><em>καταδέξεται</em></span> <span class='ocrx_word' id='word_1_30' title='bbox 568 477 724 533; x_wconf 89' lang='grc' dir='ltr'><em>ταύτην</em></span> <span class='ocrx_word' id='word_1_31' title='bbox 765 471 845 532; x_wconf 70' lang='grc' dir='ltr'><strong>τήν</strong></span> <span class='ocrx_word' id='word_1_32' title='bbox 886 478 1135 533; x_wconf 74' lang='grc' dir='ltr'><em>τυραννίδα.</em></span> <span class='ocrx_word' id='word_1_33' title='bbox 1203 475 1338 526; x_wconf 71' lang='grc' dir='ltr'><em>αὐτὸς</em></span> <span class='ocrx_word' id='word_1_34' title='bbox 1375 478 1423 519; x_wconf 78' lang='grc' dir='ltr'><strong>δὲ</strong></span> <span class='ocrx_word' id='word_1_35' title='bbox 1458 474 1516 532; x_wconf 72' lang='grc' dir='ltr'><em>μὴ</em></span> <span class='ocrx_word' id='word_1_36' title='bbox 1549 474 1750 530; x_wconf 71' lang='grc' dir='ltr'><em>προσχὼν</em></span> 
     </span>
     <span class='ocr_line' id='line_1_6' title="bbox 256 540 1785 600; baseline -0.001 -15"><span class='ocrx_word' id='word_1_37' title='bbox 256 550 347 594; x_wconf 81' lang='grc' dir='ltr'><em>τοῖς</em></span> <span class='ocrx_word' id='word_1_38' title='bbox 374 545 697 600; x_wconf 80' lang='grc' dir='ltr'><em>γεγραμμένοις,</em></span> <span class='ocrx_word' id='word_1_39' title='bbox 723 540 797 587; x_wconf 87' lang='grc' dir='ltr'><strong>τόν</strong></span> <span class='ocrx_word' id='word_1_40' title='bbox 828 561 875 586; x_wconf 87' lang='grc' dir='ltr'><strong>τε</strong></span> <span class='ocrx_word' id='word_1_41' title='bbox 894 540 1066 599; x_wconf 40' lang='grc' dir='ltr'><em>ὶἈμερα</em></span> <span class='ocrx_word' id='word_1_42' title='bbox 1097 546 1402 600; x_wconf 80' lang='grc' dir='ltr'><em>ἐξετύφλωσεν,</em></span> <span class='ocrx_word' id='word_1_43' title='bbox 1434 541 1508 587; x_wconf 84' lang='grc' dir='ltr'><strong>τόν</strong></span> <span class='ocrx_word' id='word_1_44' title='bbox 1536 558 1583 586; x_wconf 84' lang='grc' dir='ltr'><strong>τε</strong></span> <span class='ocrx_word' id='word_1_45' title='bbox 1607 545 1785 590; x_wconf 83' lang='grc' dir='ltr'><em>Ἰλὸ“έ-5</em></span> 
     </span>
     <span class='ocr_line' id='line_1_7' title="bbox 218 609 1745 669; baseline -0.001 -16"><span class='ocrx_word' id='word_1_46' title='bbox 218 627 383 668; x_wconf 71' lang='grc' dir='ltr'><em>ςριχον</em></span> <span class='ocrx_word' id='word_1_47' title='bbox 407 610 488 655; x_wconf 80' lang='grc' dir='ltr'><strong>σύν</strong></span> <span class='ocrx_word' id='word_1_48' title='bbox 522 609 731 666; x_wconf 79' lang='grc' dir='ltr'><em>Εὖαγέτει</em></span> <span class='ocrx_word' id='word_1_49' title='bbox 779 613 826 654; x_wconf 82' lang='grc' dir='ltr'><strong>έν</strong></span> <span class='ocrx_word' id='word_1_50' title='bbox 865 614 1030 665; x_wconf 74' lang='grc' dir='ltr'><em>μείζονι</em></span> <span class='ocrx_word' id='word_1_51' title='bbox 1080 615 1252 669; x_wconf 79' lang='grc' dir='ltr'><em>φυλακῇ</em></span> <span class='ocrx_word' id='word_1_52' title='bbox 1291 613 1552 653; x_wconf 73' lang='grc' dir='ltr'><em>ἀπέκλεισεν.</em></span> <span class='ocrx_word' id='word_1_53' title='bbox 1607 612 1745 653; x_wconf 83' lang='grc' dir='ltr'><em>ταῦτα</em></span> 
     </span>
     <span class='ocr_line' id='line_1_8' title="bbox 256 677 1745 736; baseline -0.001 -15"><span class='ocrx_word' id='word_1_54' title='bbox 256 679 414 733; x_wconf 76' lang='grc' dir='ltr'><em>μαθών</em></span> <span class='ocrx_word' id='word_1_55' title='bbox 439 678 742 729; x_wconf 86' lang='grc' dir='ltr'><em>Ἰουστινιανὸς</em></span> <span class='ocrx_word' id='word_1_56' title='bbox 765 680 874 722; x_wconf 75' lang='grc' dir='ltr'><em>κατὰ</em></span> <span class='ocrx_word' id='word_1_57' title='bbox 899 679 1071 736; x_wconf 83' lang='grc' dir='ltr'><em>Λιβύης</em></span> <span class='ocrx_word' id='word_1_58' title='bbox 1092 678 1384 734; x_wconf 79' lang='grc' dir='ltr'><em>ἐστράτευσεν,</em></span> <span class='ocrx_word' id='word_1_59' title='bbox 1401 677 1644 727; x_wconf 79' lang='grc' dir='ltr'><em>καταλύσας</em></span> <span class='ocrx_word' id='word_1_60' title='bbox 1672 677 1745 720; x_wconf 85' lang='grc' dir='ltr'><strong>τὸν</strong></span> 
     </span>
     <span class='ocr_line' id='line_1_9' title="bbox 259 744 1745 804; baseline -0.002 -14"><span class='ocrx_word' id='word_1_61' title='bbox 259 744 462 804; x_wconf 83' lang='grc' dir='ltr'><em>Μηδικὸν</em></span> <span class='ocrx_word' id='word_1_62' title='bbox 496 745 707 801; x_wconf 85' lang='grc' dir='ltr'><em>πόλεμον,</em></span> <span class='ocrx_word' id='word_1_63' title='bbox 755 749 831 789; x_wconf 84' lang='grc' dir='ltr'>καί</span> <span class='ocrx_word' id='word_1_64' title='bbox 866 745 1260 802; x_wconf 82' lang='grc' dir='ltr'><em>μεταπεμψάμενος</em></span> <span class='ocrx_word' id='word_1_65' title='bbox 1299 744 1560 801; x_wconf 76' lang='grc' dir='ltr'><em>Βελισάριον</em></span> <span class='ocrx_word' id='word_1_66' title='bbox 1583 747 1650 788; x_wconf 37' lang='grc' dir='ltr'><strong>,ἐκ</strong></span> <span class='ocrx_word' id='word_1_67' title='bbox 1670 746 1745 800; x_wconf 72' lang='grc' dir='ltr'><strong>τῆς</strong></span> 
     </span>
     <span class='ocr_line' id='line_1_10' title="bbox 254 811 1744 872; baseline -0.001 -15"><span class='ocrx_word' id='word_1_68' title='bbox 254 811 380 872; x_wconf 72' lang='grc' dir='ltr'><em>ἑῴας,</em></span> <span class='ocrx_word' id='word_1_69' title='bbox 414 813 668 869; x_wconf 75' lang='grc' dir='ltr'><em>ἐβουλεύετο</em></span> <span class='ocrx_word' id='word_1_70' title='bbox 699 814 802 871; x_wconf 77' lang='grc' dir='ltr'><em>περὶ</em></span> <span class='ocrx_word' id='word_1_71' title='bbox 830 814 1000 857; x_wconf 86' lang='grc' dir='ltr'><em>τούτου.</em></span> <span class='ocrx_word' id='word_1_72' title='bbox 1041 812 1067 870; x_wconf 82' lang='grc' dir='ltr'><em>ἦ</em></span> <span class='ocrx_word' id='word_1_73' title='bbox 1097 817 1145 857; x_wconf 82' lang='grc' dir='ltr'><strong>δὲ</strong></span> <span class='ocrx_word' id='word_1_74' title='bbox 1175 813 1407 870; x_wconf 76' lang='grc' dir='ltr'><em>σύγκλητος</em></span> <span class='ocrx_word' id='word_1_75' title='bbox 1436 814 1744 868; x_wconf 75' lang='grc' dir='ltr'><em>ἐδυσχέραινεν</em></span> 
     </span>
     <span class='ocr_line' id='line_1_11' title="bbox 253 878 1786 937; baseline 0.001 -14"><span class='ocrx_word' id='word_1_76' title='bbox 253 879 635 937; x_wconf 80' lang='grc' dir='ltr'><em>α’ναμιμνήσκουσα</em></span> <span class='ocrx_word' id='word_1_77' title='bbox 655 885 732 924; x_wconf 81' lang='grc' dir='ltr'><em>τοῦ</em></span> <span class='ocrx_word' id='word_1_78' title='bbox 757 899 802 925; x_wconf 88' lang='grc' dir='ltr'><strong>τε</strong></span> <span class='ocrx_word' id='word_1_79' title='bbox 822 885 1010 933; x_wconf 87' lang='grc' dir='ltr'><em>Λέοντος</em></span> <span class='ocrx_word' id='word_1_80' title='bbox 1038 884 1115 924; x_wconf 77' lang='grc' dir='ltr'><em>τοῦ</em></span> <span class='ocrx_word' id='word_1_81' title='bbox 1138 884 1350 936; x_wconf 82' lang='grc' dir='ltr'><em>βασιλέως</em></span> <span class='ocrx_word' id='word_1_82' title='bbox 1372 880 1524 924; x_wconf 82' lang='grc' dir='ltr'><em>στόλον</em></span> <span class='ocrx_word' id='word_1_83' title='bbox 1542 879 1617 923; x_wconf 82' lang='grc' dir='ltr'><strong>τὸν</strong></span> <span class='ocrx_word' id='word_1_84' title='bbox 1631 878 1740 923; x_wconf 74' lang='grc' dir='ltr'><em>κατὰ</em></span> <span class='ocrx_word' id='word_1_85' title='bbox 1762 899 1786 925; x_wconf 71' lang='lat'><strong>1⁴</strong></span> 
     </span>
     <span class='ocr_line' id='line_1_12' title="bbox 255 947 1741 1008; baseline 0 -18"><span class='ocrx_word' id='word_1_86' title='bbox 255 949 517 1004; x_wconf 74' lang='grc' dir='ltr'><em>Ουάνδηλων</em></span> <span class='ocrx_word' id='word_1_87' title='bbox 560 949 881 1005; x_wconf 86' lang='grc' dir='ltr'><em>στρατεύσαντα</em></span> <span class='ocrx_word' id='word_1_88' title='bbox 920 948 1003 993; x_wconf 80' lang='grc' dir='ltr'><strong>σύν</strong></span> <span class='ocrx_word' id='word_1_89' title='bbox 1044 953 1101 1007; x_wconf 75' lang='grc' dir='ltr'><em>τῷ</em></span> <span class='ocrx_word' id='word_1_90' title='bbox 1130 952 1375 1008; x_wconf 71' lang='grc' dir='ltr'><em>Βασιλίσκῳ</em></span> <span class='ocrx_word' id='word_1_91' title='bbox 1412 951 1487 991; x_wconf 84' lang='grc' dir='ltr'><strong><em>καί</em></strong></span> <span class='ocrx_word' id='word_1_92' title='bbox 1520 947 1741 991; x_wconf 65' lang='grc' dir='ltr'><em>ἄπολωλόυ</em></span> 
     </span>
     <span class='ocr_line' id='line_1_13' title="bbox 251 1013 1743 1075; baseline 0.001 -18"><span class='ocrx_word' id='word_1_93' title='bbox 251 1033 319 1072; x_wconf 89' lang='grc' dir='ltr'><strong>τα,</strong></span> <span class='ocrx_word' id='word_1_94' title='bbox 351 1013 448 1059; x_wconf 71' lang='grc' dir='ltr'><em>ὅσοι</em></span> <span class='ocrx_word' id='word_1_95' title='bbox 481 1032 526 1059; x_wconf 88' lang='grc' dir='ltr'><strong>τε</strong></span> <span class='ocrx_word' id='word_1_96' title='bbox 558 1020 820 1072; x_wconf 75' lang='grc' dir='ltr'><em>στρατιῶται</em></span> <span class='ocrx_word' id='word_1_97' title='bbox 850 1018 1088 1075; x_wconf 73' lang='grc' dir='ltr'><em>ἀπέθανον,</em></span> <span class='ocrx_word' id='word_1_98' title='bbox 1124 1017 1199 1060; x_wconf 83' lang='grc' dir='ltr'><em>καί</em></span> <span class='ocrx_word' id='word_1_99' title='bbox 1227 1014 1307 1060; x_wconf 75' lang='grc' dir='ltr'><strong>ὅσα</strong></span> <span class='ocrx_word' id='word_1_100' title='bbox 1336 1015 1545 1073; x_wconf 79' lang='grc' dir='ltr'><em>χρήματα</em></span> <span class='ocrx_word' id='word_1_101' title='bbox 1575 1015 1743 1073; x_wconf 79' lang='grc' dir='ltr'><em>οἷνηλώ-</em></span> 
     </span>
     <span class='ocr_line' id='line_1_14' title="bbox 249 1082 1743 1144; baseline 0.001 -19"><span class='ocrx_word' id='word_1_102' title='bbox 249 1084 407 1140; x_wconf 66' lang='grc' dir='ltr'><em>θηόαν·</em></span> <span class='ocrx_word' id='word_1_103' title='bbox 440 1082 629 1134; x_wconf 75' lang='grc' dir='ltr'><em>δεδιότες</em></span> <span class='ocrx_word' id='word_1_104' title='bbox 660 1086 707 1127; x_wconf 87' lang='grc' dir='ltr'><strong>δὲ</strong></span> <span class='ocrx_word' id='word_1_105' title='bbox 736 1086 813 1127; x_wconf 81' lang='grc' dir='ltr'><em>τοῦ</em></span> <span class='ocrx_word' id='word_1_106' title='bbox 839 1084 1036 1144; x_wconf 79' lang='grc' dir='ltr'><em>κινδύνου</em></span> <span class='ocrx_word' id='word_1_107' title='bbox 1065 1084 1109 1128; x_wconf 82' lang='grc' dir='ltr'><em>τὸ</em></span> <span class='ocrx_word' id='word_1_108' title='bbox 1132 1086 1326 1140; x_wconf 82' lang='grc' dir='ltr'><em>μέγεθος,</em></span> <span class='ocrx_word' id='word_1_109' title='bbox 1356 1083 1415 1141; x_wconf 77' lang='grc' dir='ltr'><em>μή</em></span> <span class='ocrx_word' id='word_1_110' title='bbox 1449 1082 1584 1128; x_wconf 64' lang='grc' dir='ltr'><em>αὐτὸν</em></span> <span class='ocrx_word' id='word_1_111' title='bbox 1611 1101 1743 1139; x_wconf 90' lang='grc' dir='ltr'><em>στρα-</em></span> 
     </span>
     <span class='ocr_line' id='line_1_15' title="bbox 247 1150 1742 1209; baseline 0.001 -16"><span class='ocrx_word' id='word_1_112' title='bbox 247 1151 376 1208; x_wconf 81' lang='grc' dir='ltr'><em>τηγὸν</em></span> <span class='ocrx_word' id='word_1_113' title='bbox 404 1150 562 1209; x_wconf 88' lang='grc' dir='ltr'><em>ταύτης</em></span> <span class='ocrx_word' id='word_1_114' title='bbox 594 1155 670 1208; x_wconf 85' lang='grc' dir='ltr'><strong>τῆς</strong></span> <span class='ocrx_word' id='word_1_115' title='bbox 703 1155 934 1208; x_wconf 77' lang='grc' dir='ltr'><em>στρατείας</em></span> <span class='ocrx_word' id='word_1_116' title='bbox 964 1155 1174 1209; x_wconf 77' lang='grc' dir='ltr'><em>ε’κλέξοιτο</em></span> <span class='ocrx_word' id='word_1_117' title='bbox 1208 1150 1228 1194; x_wconf 85' lang='grc' dir='ltr'><em>ὃ</em></span> <span class='ocrx_word' id='word_1_118' title='bbox 1261 1150 1481 1207; x_wconf 79' lang='grc' dir='ltr'><em>βασιλεύς.</em></span> <span class='ocrx_word' id='word_1_119' title='bbox 1509 1151 1742 1206; x_wconf 75' lang='grc' dir='ltr'><em>παρελθών</em></span> 
     </span>
     <span class='ocr_line' id='line_1_16' title="bbox 252 1219 1786 1278; baseline 0.001 -17"><span class='ocrx_word' id='word_1_120' title='bbox 252 1222 300 1262; x_wconf 84' lang='grc' dir='ltr'><strong>δὲ</strong></span> <span class='ocrx_word' id='word_1_121' title='bbox 327 1220 526 1278; x_wconf 79' lang='grc' dir='ltr'><em>Ἰωάννης</em></span> <span class='ocrx_word' id='word_1_122' title='bbox 563 1222 786 1277; x_wconf 79' lang='grc' dir='ltr'><em>πατρίκιος</em></span> <span class='ocrx_word' id='word_1_123' title='bbox 830 1222 892 1270; x_wconf 82' lang='grc' dir='ltr'><strong>εἰς</strong></span> <span class='ocrx_word' id='word_1_124' title='bbox 931 1220 979 1262; x_wconf 89' lang='grc' dir='ltr'><em>τὸ</em></span> <span class='ocrx_word' id='word_1_125' title='bbox 1009 1223 1142 1274; x_wconf 83' lang='grc' dir='ltr'><em>μέσον</em></span> <span class='ocrx_word' id='word_1_126' title='bbox 1170 1219 1284 1272; x_wconf 76' lang='grc' dir='ltr'><em>ἔλεξε</em></span> <span class='ocrx_word' id='word_1_127' title='bbox 1309 1219 1434 1262; x_wconf 78' lang='grc' dir='ltr'><em>τάδε·</em></span> <span class='ocrx_word' id='word_1_128' title='bbox 1493 1219 1614 1275; x_wconf 76' lang='grc' dir='ltr'><em>ἡμεῖς</em></span> <span class='ocrx_word' id='word_1_129' title='bbox 1639 1221 1742 1273; x_wconf 85' lang='grc' dir='ltr'><em>μέν,</em></span> <span class='ocrx_word' id='word_1_130' title='bbox 1761 1238 1786 1263; x_wconf 75' lang='lat'><strong>1:</strong></span> 
     </span>
     <span class='ocr_line' id='line_1_17' title="bbox 201 1283 1744 1345; baseline -0.003 -12"><span class='ocrx_word' id='word_1_131' title='bbox 201 1283 288 1333; x_wconf 62' lang='lat' dir='ltr'><strong>Da?</strong></span> <span class='ocrx_word' id='word_1_132' title='bbox 317 1289 519 1342; x_wconf 84' lang='grc' dir='ltr'><em>δέσποτα,</em></span> <span class='ocrx_word' id='word_1_133' title='bbox 550 1294 640 1338; x_wconf 85' lang='grc' dir='ltr'><em>τοῖς</em></span> <span class='ocrx_word' id='word_1_134' title='bbox 671 1294 763 1338; x_wconf 78' lang='grc' dir='ltr'><em>σοῖς</em></span> <span class='ocrx_word' id='word_1_135' title='bbox 794 1287 1097 1345; x_wconf 80' lang='grc' dir='ltr'><em>προστάγμασι</em></span> <span class='ocrx_word' id='word_1_136' title='bbox 1126 1287 1384 1345; x_wconf 72' lang='grc' dir='ltr'><em>πειθόμεθα,</em></span> <span class='ocrx_word' id='word_1_137' title='bbox 1414 1290 1488 1330; x_wconf 84' lang='grc' dir='ltr'>καί</span> <span class='ocrx_word' id='word_1_138' title='bbox 1512 1286 1590 1329; x_wconf 74' lang='grc' dir='ltr'><strong>οὐκ</strong></span> <span class='ocrx_word' id='word_1_139' title='bbox 1621 1288 1744 1329; x_wconf 80' lang='grc' dir='ltr'><em>α’ντι-</em></span> 
     </span>
     <span class='ocr_line' id='line_1_18' title="bbox 248 1353 1743 1411; baseline -0.001 -14"><span class='ocrx_word' id='word_1_140' title='bbox 248 1358 451 1410; x_wconf 81' lang='grc' dir='ltr'><em>τείνομεν.</em></span> <span class='ocrx_word' id='word_1_141' title='bbox 511 1354 618 1398; x_wconf 72' lang='grc' dir='ltr'><em>ἀλλὰ</em></span> <span class='ocrx_word' id='word_1_142' title='bbox 663 1354 824 1398; x_wconf 79' lang='grc' dir='ltr'><em>δίκαιόν</em></span> <span class='ocrx_word' id='word_1_143' title='bbox 853 1358 943 1399; x_wconf 81' lang='grc' dir='ltr'><em>ἐστι</em></span> <span class='ocrx_word' id='word_1_144' title='bbox 974 1357 1238 1411; x_wconf 73' lang='grc' dir='ltr'><em>λογίσασθαί</em></span> <span class='ocrx_word' id='word_1_145' title='bbox 1277 1372 1324 1398; x_wconf 91' lang='grc' dir='ltr'><strong>σε</strong></span> <span class='ocrx_word' id='word_1_146' title='bbox 1368 1353 1412 1398; x_wconf 81' lang='grc' dir='ltr'><em>τό</em></span> <span class='ocrx_word' id='word_1_147' title='bbox 1444 1371 1488 1398; x_wconf 88' lang='grc' dir='ltr'><strong>τε</strong></span> <span class='ocrx_word' id='word_1_148' title='bbox 1530 1358 1604 1411; x_wconf 78' lang='grc' dir='ltr'><strong>τῆς</strong></span> <span class='ocrx_word' id='word_1_149' title='bbox 1638 1353 1743 1397; x_wconf 77' lang='grc' dir='ltr'><em>ὁδοῦ</em></span> 
     </span>
     <span class='ocr_line' id='line_1_19' title="bbox 246 1421 1743 1481; baseline 0 -15"><span class='ocrx_word' id='word_1_150' title='bbox 246 1425 379 1480; x_wconf 80' lang='grc' dir='ltr'><em>μῆκος</em></span> <span class='ocrx_word' id='word_1_151' title='bbox 408 1427 483 1466; x_wconf 80' lang='grc' dir='ltr'><strong>καί</strong></span> <span class='ocrx_word' id='word_1_152' title='bbox 512 1424 562 1467; x_wconf 81' lang='grc' dir='ltr'><em>τὰ</em></span> <span class='ocrx_word' id='word_1_153' title='bbox 596 1425 673 1481; x_wconf 73' lang='grc' dir='ltr'><strong>τῆς</strong></span> <span class='ocrx_word' id='word_1_154' title='bbox 703 1425 925 1481; x_wconf 72' lang='grc' dir='ltr'><em>θαλάσσης</em></span> <span class='ocrx_word' id='word_1_155' title='bbox 946 1424 1126 1481; x_wconf 72' lang='grc' dir='ltr'><em>πελάγη,</em></span> <span class='ocrx_word' id='word_1_156' title='bbox 1158 1423 1231 1467; x_wconf 79' lang='grc' dir='ltr'><em>καί</em></span> <span class='ocrx_word' id='word_1_157' title='bbox 1258 1423 1303 1468; x_wconf 89' lang='grc' dir='ltr'><em>τὸ</em></span> <span class='ocrx_word' id='word_1_158' title='bbox 1339 1422 1411 1466; x_wconf 80' lang='grc' dir='ltr'><strong>διά</strong></span> <span class='ocrx_word' id='word_1_159' title='bbox 1437 1427 1566 1480; x_wconf 81' lang='grc' dir='ltr'><em>ξηρᾶς</em></span> <span class='ocrx_word' id='word_1_160' title='bbox 1596 1421 1743 1466; x_wconf 67' lang='grc' dir='ltr'><em>ἑκατὸν</em></span> 
     </span>
     <span class='ocr_line' id='line_1_20' title="bbox 248 1489 1739 1550; baseline -0.001 -16"><span class='ocrx_word' id='word_1_161' title='bbox 248 1492 567 1550; x_wconf 79' lang='grc' dir='ltr'><em>τεσσαράκοντα</em></span> <span class='ocrx_word' id='word_1_162' title='bbox 602 1492 774 1548; x_wconf 78' lang='grc' dir='ltr'><em>ἡμερῶν</em></span> <span class='ocrx_word' id='word_1_163' title='bbox 805 1490 911 1534; x_wconf 76' lang='grc' dir='ltr'><em>ὁδοῦ</em></span> <span class='ocrx_word' id='word_1_164' title='bbox 942 1491 1160 1549; x_wconf 75' lang='grc' dir='ltr'><em>διάστημα</em></span> <span class='ocrx_word' id='word_1_165' title='bbox 1194 1490 1306 1548; x_wconf 76' lang='grc' dir='ltr'><em>ἔχον,</em></span> <span class='ocrx_word' id='word_1_166' title='bbox 1343 1494 1416 1536; x_wconf 83' lang='grc' dir='ltr'><em>καί</em></span> <span class='ocrx_word' id='word_1_167' title='bbox 1444 1495 1518 1549; x_wconf 83' lang='grc' dir='ltr'><strong>τῆς</strong></span> <span class='ocrx_word' id='word_1_168' title='bbox 1547 1493 1662 1549; x_wconf 80' lang='grc' dir='ltr'><em>νίκης</em></span> <span class='ocrx_word' id='word_1_169' title='bbox 1692 1489 1739 1534; x_wconf 87' lang='grc' dir='ltr'><em>τὸ</em></span> 
     </span>
    </p>
   </div>
   <div class='ocr_carea' id='block_1_3' title="bbox 346 1666 1740 1862">
    <p class='ocr_par' dir='ltr' id='par_1_3' title="bbox 346 1666 1740 1862">
     <span class='ocr_line' id='line_1_21' title="bbox 351 1666 1740 1717; baseline 0.001 -14"><span class='ocrx_word' id='word_1_170' title='bbox 351 1681 382 1703; x_wconf 80' lang='lat'><strong>1.</strong></span> <span class='ocrx_word' id='word_1_171' title='bbox 411 1667 462 1709; x_wconf 78' lang='grc' dir='ltr'><strong>ὥς</strong></span> <span class='ocrx_word' id='word_1_172' title='bbox 487 1670 526 1711; x_wconf 91' lang='grc' dir='ltr'><strong>Λ,</strong></span> <span class='ocrx_word' id='word_1_173' title='bbox 558 1670 642 1709; x_wconf 80' lang='grc' dir='ltr'><em>πῶς</em></span> <span class='ocrx_word' id='word_1_174' title='bbox 667 1671 764 1716; x_wconf 85' lang='lat' dir='ltr'><strong>vulg.</strong></span> <span class='ocrx_word' id='word_1_175' title='bbox 874 1681 906 1703; x_wconf 85' lang='lat'><strong>2.</strong></span> <span class='ocrx_word' id='word_1_176' title='bbox 938 1666 1054 1714; x_wconf 71' lang='grc' dir='ltr'><em>αὐτὴν</em></span> <span class='ocrx_word' id='word_1_177' title='bbox 1079 1669 1120 1713; x_wconf 89' lang='lat' dir='ltr'><strong>A,</strong></span> <span class='ocrx_word' id='word_1_178' title='bbox 1150 1669 1288 1714; x_wconf 71' lang='grc' dir='ltr'><em>ταύτην</em></span> <span class='ocrx_word' id='word_1_179' title='bbox 1310 1670 1408 1715; x_wconf 80' lang='lat' dir='ltr'><strong>vulg.</strong></span> <span class='ocrx_word' id='word_1_180' title='bbox 1534 1671 1567 1705; x_wconf 89' lang='lat'><strong>8.</strong></span> <span class='ocrx_word' id='word_1_181' title='bbox 1596 1683 1740 1717; x_wconf 83' lang='grc' dir='ltr'><em>προκα-</em></span> 
     </span>
     <span class='ocr_line' id='line_1_22' title="bbox 346 1716 1739 1766; baseline 0.001 -13"><span class='ocrx_word' id='word_1_182' title='bbox 346 1718 554 1766; x_wconf 80' lang='grc' dir='ltr'><em>λεσάμενος</em></span> <span class='ocrx_word' id='word_1_183' title='bbox 578 1720 604 1753; x_wconf 86' lang='grc' dir='ltr'>Β</span> <span class='ocrx_word' id='word_1_184' title='bbox 631 1730 663 1752; x_wconf 84' lang='lat' dir='ltr'><strong>a.</strong></span> <span class='ocrx_word' id='word_1_185' title='bbox 803 1716 856 1761; x_wconf 73' lang='lat'><strong>¹4·</strong></span> <span class='ocrx_word' id='word_1_186' title='bbox 897 1722 1095 1765; x_wconf 83' lang='grc' dir='ltr'><em>στρατείας</em></span> <span class='ocrx_word' id='word_1_187' title='bbox 1128 1720 1309 1759; x_wconf 75' lang='grc' dir='ltr'><em>ἐκλὲξοιτο</em></span> <span class='ocrx_word' id='word_1_188' title='bbox 1335 1720 1385 1761; x_wconf 89' lang='lat' dir='ltr'><strong>A,</strong></span> <span class='ocrx_word' id='word_1_189' title='bbox 1406 1718 1602 1765; x_wconf 73' lang='grc' dir='ltr'><em>,στρατιᾶς</em></span> <span class='ocrx_word' id='word_1_190' title='bbox 1625 1721 1739 1763; x_wconf 78' lang='grc' dir='ltr'><em>ἐξελε-</em></span> 
     </span>
     <span class='ocr_line' id='line_1_23' title="bbox 346 1764 1739 1849; baseline 0.001 -50"><span class='ocrx_word' id='word_1_191' title='bbox 346 1768 447 1849; x_wconf 62' lang='lat' dir='ltr'><strong>{ong</strong></span> <span class='ocrx_word' id='word_1_192' title='bbox 471 1768 571 1849; x_wconf 60' lang='lat' dir='ltr'><strong>Xulg.</strong></span> <span class='ocrx_word' id='word_1_193' title='bbox 709 1767 763 1803; x_wconf 83' lang='lat'><strong>16.</strong></span> <span class='ocrx_word' id='word_1_194' title='bbox 793 1764 1055 1816; x_wconf 72' lang='grc' dir='ltr'><em>ἀντιτείνομεν</em></span> <span class='ocrx_word' id='word_1_195' title='bbox 1079 1766 1131 1810; x_wconf 91' lang='grc' dir='ltr'><strong>Α,</strong></span> <span class='ocrx_word' id='word_1_196' title='bbox 1166 1766 1416 1816; x_wconf 74' lang='grc' dir='ltr'><em>ἄνατείνομεν</em></span> <span class='ocrx_word' id='word_1_197' title='bbox 1445 1767 1543 1813; x_wconf 86' lang='lat' dir='ltr'>vulg.</span> <span class='ocrx_word' id='word_1_198' title='bbox 1688 1778 1739 1812; x_wconf 87' lang='lat'><strong>¹9·</strong></span> 
     </span>
     <span class='ocr_line' id='line_1_24' title="bbox 348 1827 512 1862; baseline -0.018 -12"><span class='ocrx_word' id='word_1_199' title='bbox 348 1827 421 1862; x_wconf 87' lang='grc' dir='ltr'><em>ομο</em></span> <span class='ocrx_word' id='word_1_200' title='bbox 504 1839 512 1847; x_wconf 96' lang='grc'><strong>.</strong></span> 
     </span>
    </p>
   </div>
   <div class='ocr_carea' id='block_1_4' title="bbox 251 1976 1751 2846">
    <p class='ocr_par' dir='ltr' id='par_1_4' title="bbox 251 1976 1751 2846">
     <span class='ocr_line' id='line_1_25' title="bbox 255 1976 1740 2026; baseline 0.003 -16"><span class='ocrx_word' id='word_1_201' title='bbox 255 1976 395 2011; x_wconf 80' lang='lat' dir='ltr'><strong>diutius</strong></span> <span class='ocrx_word' id='word_1_202' title='bbox 425 1977 559 2011; x_wconf 86' lang='lat' dir='ltr'><strong>vivere.</strong></span> <span class='ocrx_word' id='word_1_203' title='bbox 611 1977 846 2024; x_wconf 85' lang='lat' dir='ltr'><strong>quamobrem</strong></span> <span class='ocrx_word' id='word_1_204' title='bbox 878 1977 1129 2012; x_wconf 79' lang='lat' dir='ltr'><strong>defensionem</strong></span> <span class='ocrx_word' id='word_1_205' title='bbox 1161 1990 1228 2025; x_wconf 89' lang='lat' dir='ltr'><strong>pro</strong></span> <span class='ocrx_word' id='word_1_206' title='bbox 1254 1991 1291 2013; x_wconf 87' lang='lat' dir='ltr'><strong>se</strong></span> <span class='ocrx_word' id='word_1_207' title='bbox 1318 1978 1364 2012; x_wconf 87' lang='lat' dir='ltr'><strong>ad</strong></span> <span class='ocrx_word' id='word_1_208' title='bbox 1391 1979 1646 2026; x_wconf 81' lang='lat' dir='ltr'><strong>imperatorem</strong></span> <span class='ocrx_word' id='word_1_209' title='bbox 1675 1981 1740 2014; x_wconf 85' lang='lat' dir='ltr'><strong>Iu·</strong></span> 
     </span>
     <span class='ocr_line' id='line_1_26' title="bbox 254 2025 1742 2073; baseline 0.003 -16"><span class='ocrx_word' id='word_1_210' title='bbox 254 2025 452 2058; x_wconf 84' lang='lat' dir='ltr'><strong>stiniannm</strong></span> <span class='ocrx_word' id='word_1_211' title='bbox 484 2026 650 2071; x_wconf 76' lang='lat' dir='ltr'><strong>scripsit,</strong></span> <span class='ocrx_word' id='word_1_212' title='bbox 676 2027 849 2060; x_wconf 84' lang='lat' dir='ltr'><strong>nimirum</strong></span> <span class='ocrx_word' id='word_1_213' title='bbox 884 2026 931 2060; x_wconf 86' lang='lat' dir='ltr'><strong>ad</strong></span> <span class='ocrx_word' id='word_1_214' title='bbox 956 2038 995 2060; x_wconf 85' lang='lat' dir='ltr'><strong>se</strong></span> <span class='ocrx_word' id='word_1_215' title='bbox 1025 2039 1177 2072; x_wconf 79' lang='lat' dir='ltr'><strong>regnum</strong></span> <span class='ocrx_word' id='word_1_216' title='bbox 1211 2028 1288 2060; x_wconf 86' lang='lat' dir='ltr'><strong>iure</strong></span> <span class='ocrx_word' id='word_1_217' title='bbox 1315 2029 1512 2073; x_wconf 86' lang='lat' dir='ltr'><strong>pertinere,</strong></span> <span class='ocrx_word' id='word_1_218' title='bbox 1536 2039 1616 2061; x_wconf 89' lang='lat' dir='ltr'><strong>cum</strong></span> <span class='ocrx_word' id='word_1_219' title='bbox 1642 2028 1742 2062; x_wconf 85' lang='lat' dir='ltr'><strong>Ilde-</strong></span> 
     </span>
     <span class='ocr_line' id='line_1_27' title="bbox 256 2071 1741 2122; baseline 0.003 -17"><span class='ocrx_word' id='word_1_220' title='bbox 256 2071 377 2106; x_wconf 85' lang='lat' dir='ltr'><strong>richus</strong></span> <span class='ocrx_word' id='word_1_221' title='bbox 403 2073 523 2119; x_wconf 82' lang='lat' dir='ltr'><strong>ipsum</strong></span> <span class='ocrx_word' id='word_1_222' title='bbox 561 2073 816 2108; x_wconf 84' lang='lat' dir='ltr'><strong>administrare</strong></span> <span class='ocrx_word' id='word_1_223' title='bbox 851 2075 999 2108; x_wconf 88' lang='lat' dir='ltr'><strong>minime</strong></span> <span class='ocrx_word' id='word_1_224' title='bbox 1036 2081 1172 2122; x_wconf 78' lang='lat' dir='ltr'><strong>posset.</strong></span> <span class='ocrx_word' id='word_1_225' title='bbox 1235 2087 1278 2108; x_wconf 78' lang='lat' dir='ltr'><strong>ea</strong></span> <span class='ocrx_word' id='word_1_226' title='bbox 1317 2075 1361 2108; x_wconf 89' lang='lat' dir='ltr'><strong>de</strong></span> <span class='ocrx_word' id='word_1_227' title='bbox 1400 2086 1439 2109; x_wconf 88' lang='lat' dir='ltr'><strong>re</strong></span> <span class='ocrx_word' id='word_1_228' title='bbox 1465 2077 1599 2109; x_wconf 81' lang='lat' dir='ltr'><strong>certior</strong></span> <span class='ocrx_word' id='word_1_229' title='bbox 1623 2076 1741 2110; x_wconf 83' lang='lat' dir='ltr'><strong>factus</strong></span> 
     </span>
     <span class='ocr_line' id='line_1_28' title="bbox 252 2121 1743 2168; baseline 0.002 -13"><span class='ocrx_word' id='word_1_230' title='bbox 252 2121 478 2155; x_wconf 83' lang='lat' dir='ltr'><strong>Iustinianus</strong></span> <span class='ocrx_word' id='word_1_231' title='bbox 506 2121 692 2156; x_wconf 83' lang='lat' dir='ltr'><strong>Gelimero</strong></span> <span class='ocrx_word' id='word_1_232' title='bbox 715 2123 909 2168; x_wconf 78' lang='lat' dir='ltr'><strong>rescripsit,</strong></span> <span class='ocrx_word' id='word_1_233' title='bbox 943 2134 981 2157; x_wconf 88' lang='lat' dir='ltr'><strong>se</strong></span> <span class='ocrx_word' id='word_1_234' title='bbox 1009 2123 1114 2157; x_wconf 79' lang='lat' dir='ltr'><strong>istam</strong></span> <span class='ocrx_word' id='word_1_235' title='bbox 1155 2123 1233 2157; x_wconf 88' lang='lat' dir='ltr'><strong>eius</strong></span> <span class='ocrx_word' id='word_1_236' title='bbox 1271 2123 1500 2167; x_wconf 83' lang='lat' dir='ltr'><strong>tyrannidem</strong></span> <span class='ocrx_word' id='word_1_237' title='bbox 1530 2124 1743 2159; x_wconf 78' lang='lat' dir='ltr'><strong>nullatenus</strong></span> 
     </span>
     <span class='ocr_line' id='line_1_29' title="bbox 252 2168 1744 2217; baseline 0.002 -15"><span class='ocrx_word' id='word_1_238' title='bbox 252 2168 421 2215; x_wconf 81' lang='lat' dir='ltr'><strong>probare.</strong></span> <span class='ocrx_word' id='word_1_239' title='bbox 473 2175 511 2203; x_wconf 84' lang='lat' dir='ltr'><strong>at</strong></span> <span class='ocrx_word' id='word_1_240' title='bbox 535 2169 599 2202; x_wconf 90' lang='lat' dir='ltr'><strong>ille</strong></span> <span class='ocrx_word' id='word_1_241' title='bbox 629 2170 804 2214; x_wconf 82' lang='lat' dir='ltr'><strong>neglectis</strong></span> <span class='ocrx_word' id='word_1_242' title='bbox 830 2171 929 2204; x_wconf 90' lang='lat' dir='ltr'><strong>hisce</strong></span> <span class='ocrx_word' id='word_1_243' title='bbox 956 2173 1150 2217; x_wconf 82' lang='lat' dir='ltr'><strong>responsis,</strong></span> <span class='ocrx_word' id='word_1_244' title='bbox 1175 2173 1340 2205; x_wconf 87' lang='lat' dir='ltr'><strong>Amerem</strong></span> <span class='ocrx_word' id='word_1_245' title='bbox 1368 2172 1587 2213; x_wconf 81' lang='lat' dir='ltr'><strong>excaecavit,</strong></span> <span class='ocrx_word' id='word_1_246' title='bbox 1612 2172 1744 2206; x_wconf 85' lang='lat' dir='ltr'><strong>lideri-</strong></span> 
     </span>
     <span class='ocr_line' id='line_1_30' title="bbox 253 2217 1744 2267; baseline 0.003 -17"><span class='ocrx_word' id='word_1_247' title='bbox 253 2217 360 2251; x_wconf 85' lang='lat' dir='ltr'><strong>chum</strong></span> <span class='ocrx_word' id='word_1_248' title='bbox 381 2228 466 2251; x_wconf 87' lang='lat' dir='ltr'><strong>vero</strong></span> <span class='ocrx_word' id='word_1_249' title='bbox 483 2223 520 2251; x_wconf 85' lang='lat' dir='ltr'><strong>et</strong></span> <span class='ocrx_word' id='word_1_250' title='bbox 532 2218 728 2262; x_wconf 80' lang='lat' dir='ltr'><strong>Euagetem</strong></span> <span class='ocrx_word' id='word_1_251' title='bbox 748 2218 961 2262; x_wconf 82' lang='lat' dir='ltr'><strong>diligentius</strong></span> <span class='ocrx_word' id='word_1_252' title='bbox 987 2219 1186 2253; x_wconf 86' lang='lat' dir='ltr'><strong>custoditos</strong></span> <span class='ocrx_word' id='word_1_253' title='bbox 1206 2219 1243 2252; x_wconf 91' lang='lat' dir='ltr'><strong>in</strong></span> <span class='ocrx_word' id='word_1_254' title='bbox 1259 2231 1438 2253; x_wconf 84' lang='lat' dir='ltr'><strong>carcerem</strong></span> <span class='ocrx_word' id='word_1_255' title='bbox 1455 2221 1616 2254; x_wconf 81' lang='lat' dir='ltr'><strong>inclusit.</strong></span> <span class='ocrx_word' id='word_1_256' title='bbox 1642 2220 1744 2267; x_wconf 85' lang='lat' dir='ltr'><strong>quod</strong></span> 
     </span>
     <span class='ocr_line' id='line_1_31' title="bbox 253 2265 1751 2314; baseline 0.001 -15"><span class='ocrx_word' id='word_1_257' title='bbox 253 2265 319 2299; x_wconf 88' lang='lat' dir='ltr'><strong>ubi</strong></span> <span class='ocrx_word' id='word_1_258' title='bbox 346 2266 491 2299; x_wconf 82' lang='lat' dir='ltr'><strong>rescivit</strong></span> <span class='ocrx_word' id='word_1_259' title='bbox 519 2266 753 2307; x_wconf 82' lang='lat' dir='ltr'><strong>Iustinianus,</strong></span> <span class='ocrx_word' id='word_1_260' title='bbox 778 2267 954 2300; x_wconf 88' lang='lat' dir='ltr'><strong>continuo</strong></span> <span class='ocrx_word' id='word_1_261' title='bbox 993 2267 1262 2314; x_wconf 82' lang='lat' dir='ltr'><strong>expeditionem</strong></span> <span class='ocrx_word' id='word_1_262' title='bbox 1310 2268 1347 2301; x_wconf 90' lang='lat' dir='ltr'><strong>in</strong></span> <span class='ocrx_word' id='word_1_263' title='bbox 1377 2266 1526 2312; x_wconf 78' lang='lat' dir='ltr'><strong>Libyam</strong></span> <span class='ocrx_word' id='word_1_264' title='bbox 1568 2268 1751 2311; x_wconf 63' lang='lat' dir='ltr'><strong>decrevit,</strong></span> 
     </span>
     <span class='ocr_line' id='line_1_32' title="bbox 252 2312 1740 2361; baseline 0.002 -14"><span class='ocrx_word' id='word_1_265' title='bbox 252 2313 366 2354; x_wconf 85' lang='lat' dir='ltr'><strong>hello,</strong></span> <span class='ocrx_word' id='word_1_266' title='bbox 405 2312 506 2360; x_wconf 83' lang='lat' dir='ltr'><strong>quod</strong></span> <span class='ocrx_word' id='word_1_267' title='bbox 536 2314 575 2346; x_wconf 89' lang='lat' dir='ltr'><strong>in</strong></span> <span class='ocrx_word' id='word_1_268' title='bbox 601 2313 724 2347; x_wconf 82' lang='lat' dir='ltr'><strong>Media</strong></span> <span class='ocrx_word' id='word_1_269' title='bbox 751 2320 827 2348; x_wconf 84' lang='lat' dir='ltr'><strong>tum</strong></span> <span class='ocrx_word' id='word_1_270' title='bbox 854 2315 1014 2359; x_wconf 80' lang='lat' dir='ltr'><strong>gerebat,</strong></span> <span class='ocrx_word' id='word_1_271' title='bbox 1040 2316 1235 2361; x_wconf 78' lang='lat' dir='ltr'><strong>diremptu,</strong></span> <span class='ocrx_word' id='word_1_272' title='bbox 1263 2321 1313 2356; x_wconf 83' lang='lat' dir='ltr'><strong>et,</strong></span> <span class='ocrx_word' id='word_1_273' title='bbox 1344 2322 1512 2350; x_wconf 83' lang='lat' dir='ltr'><strong>revocato</strong></span> <span class='ocrx_word' id='word_1_274' title='bbox 1531 2328 1575 2350; x_wconf 78' lang='lat' dir='ltr'><strong>ex</strong></span> <span class='ocrx_word' id='word_1_275' title='bbox 1598 2317 1740 2351; x_wconf 81' lang='lat' dir='ltr'><strong>oriente</strong></span> 
     </span>
     <span class='ocr_line' id='line_1_33' title="bbox 252 2361 1740 2411; baseline 0.002 -15"><span class='ocrx_word' id='word_1_276' title='bbox 252 2362 444 2403; x_wconf 82' lang='lat' dir='ltr'><strong>Belisario,</strong></span> <span class='ocrx_word' id='word_1_277' title='bbox 470 2367 637 2395; x_wconf 81' lang='lat' dir='ltr'><strong>senatum</strong></span> <span class='ocrx_word' id='word_1_278' title='bbox 663 2373 704 2394; x_wconf 86' lang='lat' dir='ltr'><strong>ea</strong></span> <span class='ocrx_word' id='word_1_279' title='bbox 729 2361 774 2395; x_wconf 89' lang='lat' dir='ltr'><strong>de</strong></span> <span class='ocrx_word' id='word_1_280' title='bbox 802 2374 837 2395; x_wconf 89' lang='lat' dir='ltr'><strong>re</strong></span> <span class='ocrx_word' id='word_1_281' title='bbox 865 2363 1063 2397; x_wconf 86' lang='lat' dir='ltr'><strong>consuluit.</strong></span> <span class='ocrx_word' id='word_1_282' title='bbox 1124 2370 1270 2397; x_wconf 76' lang='lat' dir='ltr'><strong>senatus</strong></span> <span class='ocrx_word' id='word_1_283' title='bbox 1298 2375 1370 2398; x_wconf 86' lang='lat' dir='ltr'><strong>rem</strong></span> <span class='ocrx_word' id='word_1_284' title='bbox 1398 2364 1580 2399; x_wconf 86' lang='lat' dir='ltr'><strong>difficilem</strong></span> <span class='ocrx_word' id='word_1_285' title='bbox 1608 2370 1645 2399; x_wconf 86' lang='lat' dir='ltr'><strong>et</strong></span> <span class='ocrx_word' id='word_1_286' title='bbox 1671 2377 1740 2411; x_wconf 88' lang='lat' dir='ltr'><strong>pe—</strong></span> 
     </span>
     <span class='ocr_line' id='line_1_34' title="bbox 254 2410 1740 2459; baseline 0.002 -15"><span class='ocrx_word' id='word_1_287' title='bbox 254 2410 446 2444; x_wconf 85' lang='lat' dir='ltr'><strong>riculosam</strong></span> <span class='ocrx_word' id='word_1_288' title='bbox 473 2410 630 2451; x_wconf 81' lang='lat' dir='ltr'><strong>censuit,</strong></span> <span class='ocrx_word' id='word_1_289' title='bbox 658 2421 829 2444; x_wconf 77' lang='lat' dir='ltr'><strong>revocans</strong></span> <span class='ocrx_word' id='word_1_290' title='bbox 853 2411 892 2443; x_wconf 90' lang='lat' dir='ltr'><strong>in</strong></span> <span class='ocrx_word' id='word_1_291' title='bbox 918 2412 1125 2445; x_wconf 87' lang='lat' dir='ltr'><strong>memoriam</strong></span> <span class='ocrx_word' id='word_1_292' title='bbox 1146 2412 1436 2446; x_wconf 83' lang='lat' dir='ltr'><strong>infelicissimam</strong></span> <span class='ocrx_word' id='word_1_293' title='bbox 1463 2413 1596 2447; x_wconf 82' lang='lat' dir='ltr'><strong>Leonis</strong></span> <span class='ocrx_word' id='word_1_294' title='bbox 1621 2414 1740 2459; x_wconf 80' lang='lat' dir='ltr'><strong>impe-</strong></span> 
     </span>
     <span class='ocr_line' id='line_1_35' title="bbox 254 2457 1740 2508; baseline 0.003 -16"><span class='ocrx_word' id='word_1_295' title='bbox 254 2458 383 2492; x_wconf 80' lang='lat' dir='ltr'><strong>ratoris</strong></span> <span class='ocrx_word' id='word_1_296' title='bbox 424 2457 594 2491; x_wconf 78' lang='lat' dir='ltr'><strong>adversus</strong></span> <span class='ocrx_word' id='word_1_297' title='bbox 620 2457 805 2492; x_wconf 78' lang='lat' dir='ltr'><strong>Vandalus</strong></span> <span class='ocrx_word' id='word_1_298' title='bbox 838 2459 1005 2491; x_wconf 82' lang='lat' dir='ltr'><strong>navalem</strong></span> <span class='ocrx_word' id='word_1_299' title='bbox 1044 2459 1336 2505; x_wconf 85' lang='lat' dir='ltr'><strong>expeditionem,</strong></span> <span class='ocrx_word' id='word_1_300' title='bbox 1377 2467 1608 2508; x_wconf 83' lang='lat' dir='ltr'><strong>quantusque</strong></span> <span class='ocrx_word' id='word_1_301' title='bbox 1634 2462 1672 2495; x_wconf 90' lang='lat' dir='ltr'><strong>in</strong></span> <span class='ocrx_word' id='word_1_302' title='bbox 1698 2474 1740 2495; x_wconf 81' lang='lat' dir='ltr'><strong>ea</strong></span> 
     </span>
     <span class='ocr_line' id='line_1_36' title="bbox 252 2505 1740 2556; baseline 0.002 -16"><span class='ocrx_word' id='word_1_303' title='bbox 252 2506 427 2540; x_wconf 83' lang='lat' dir='ltr'><strong>Basilisco</strong></span> <span class='ocrx_word' id='word_1_304' title='bbox 468 2505 559 2539; x_wconf 71' lang='lat' dir='ltr'><strong>&lt;luce</strong></span> <span class='ocrx_word' id='word_1_305' title='bbox 595 2505 753 2539; x_wconf 88' lang='lat' dir='ltr'><strong>militum</strong></span> <span class='ocrx_word' id='word_1_306' title='bbox 778 2516 949 2540; x_wconf 85' lang='lat' dir='ltr'><strong>numerus</strong></span> <span class='ocrx_word' id='word_1_307' title='bbox 975 2508 1156 2552; x_wconf 85' lang='lat' dir='ltr'><strong>periisset,</strong></span> <span class='ocrx_word' id='word_1_308' title='bbox 1194 2515 1230 2542; x_wconf 88' lang='lat' dir='ltr'><strong>et</strong></span> <span class='ocrx_word' id='word_1_309' title='bbox 1256 2515 1393 2554; x_wconf 84' lang='lat' dir='ltr'><strong>quanta</strong></span> <span class='ocrx_word' id='word_1_310' title='bbox 1420 2511 1656 2556; x_wconf 86' lang='lat' dir='ltr'><strong>pecuniarum</strong></span> <span class='ocrx_word' id='word_1_311' title='bbox 1686 2511 1740 2543; x_wconf 89' lang='lat' dir='ltr'><strong>vis</strong></span> 
     </span>
     <span class='ocr_line' id='line_1_37' title="bbox 252 2553 1740 2603; baseline 0.003 -15"><span class='ocrx_word' id='word_1_312' title='bbox 252 2555 291 2588; x_wconf 91' lang='lat' dir='ltr'><strong>in</strong></span> <span class='ocrx_word' id='word_1_313' title='bbox 327 2565 370 2588; x_wconf 83' lang='lat' dir='ltr'><strong>ea</strong></span> <span class='ocrx_word' id='word_1_314' title='bbox 405 2554 539 2588; x_wconf 81' lang='lat' dir='ltr'><strong>frustra</strong></span> <span class='ocrx_word' id='word_1_315' title='bbox 573 2553 768 2599; x_wconf 87' lang='lat' dir='ltr'><strong>insumpta.</strong></span> <span class='ocrx_word' id='word_1_316' title='bbox 837 2565 950 2599; x_wconf 85' lang='lat' dir='ltr'><strong>quare</strong></span> <span class='ocrx_word' id='word_1_317' title='bbox 988 2566 1168 2601; x_wconf 81' lang='lat' dir='ltr'><strong>perpensa</strong></span> <span class='ocrx_word' id='word_1_318' title='bbox 1206 2558 1364 2602; x_wconf 86' lang='lat' dir='ltr'><strong>periculi</strong></span> <span class='ocrx_word' id='word_1_319' title='bbox 1396 2557 1659 2603; x_wconf 80' lang='lat' dir='ltr'><strong>magnitudine,</strong></span> <span class='ocrx_word' id='word_1_320' title='bbox 1693 2570 1740 2592; x_wconf 88' lang='lat' dir='ltr'><strong>ne</strong></span> 
     </span>
     <span class='ocr_line' id='line_1_38' title="bbox 251 2601 1740 2652; baseline 0.003 -16"><span class='ocrx_word' id='word_1_321' title='bbox 251 2604 370 2648; x_wconf 87' lang='lat' dir='ltr'><strong>ipsum</strong></span> <span class='ocrx_word' id='word_1_322' title='bbox 394 2603 606 2637; x_wconf 83' lang='lat' dir='ltr'><strong>Belisarium</strong></span> <span class='ocrx_word' id='word_1_323' title='bbox 634 2603 774 2635; x_wconf 84' lang='lat' dir='ltr'><strong>navalis</strong></span> <span class='ocrx_word' id='word_1_324' title='bbox 801 2601 911 2635; x_wconf 91' lang='lat' dir='ltr'><strong>huius</strong></span> <span class='ocrx_word' id='word_1_325' title='bbox 935 2603 1180 2649; x_wconf 84' lang='lat' dir='ltr'><strong>expeditionis</strong></span> <span class='ocrx_word' id='word_1_326' title='bbox 1207 2605 1334 2638; x_wconf 86' lang='lat' dir='ltr'><strong>ducem</strong></span> <span class='ocrx_word' id='word_1_327' title='bbox 1360 2606 1512 2651; x_wconf 82' lang='lat' dir='ltr'><strong>eligeret</strong></span> <span class='ocrx_word' id='word_1_328' title='bbox 1531 2607 1740 2652; x_wconf 85' lang='lat' dir='ltr'><strong>imperator,</strong></span> 
     </span>
     <span class='ocr_line' id='line_1_39' title="bbox 251 2649 1739 2695; baseline 0.003 -11"><span class='ocrx_word' id='word_1_329' title='bbox 251 2649 662 2685; x_wconf 63' lang='lat' dir='ltr'><strong>metuebant.‘10annes</strong></span> <span class='ocrx_word' id='word_1_330' title='bbox 699 2656 819 2684; x_wconf 88' lang='lat' dir='ltr'><strong>autem</strong></span> <span class='ocrx_word' id='word_1_331' title='bbox 846 2651 1018 2695; x_wconf 81' lang='lat' dir='ltr'><strong>patricius</strong></span> <span class='ocrx_word' id='word_1_332' title='bbox 1048 2653 1084 2685; x_wconf 91' lang='lat' dir='ltr'><strong>in</strong></span> <span class='ocrx_word' id='word_1_333' title='bbox 1108 2653 1267 2686; x_wconf 85' lang='lat' dir='ltr'><strong>medium</strong></span> <span class='ocrx_word' id='word_1_334' title='bbox 1287 2653 1513 2688; x_wconf 77' lang='lat' dir='ltr'><strong>descendens</strong></span> <span class='ocrx_word' id='word_1_335' title='bbox 1537 2656 1739 2689; x_wconf 81' lang='lat' dir='ltr'><strong>orationem</strong></span> 
     </span>
     <span class='ocr_line' id='line_1_40' title="bbox 251 2699 1739 2748; baseline 0.003 -16"><span class='ocrx_word' id='word_1_336' title='bbox 251 2699 461 2734; x_wconf 87' lang='lat' dir='ltr'><strong>huiusmodi</strong></span> <span class='ocrx_word' id='word_1_337' title='bbox 486 2699 628 2733; x_wconf 87' lang='lat' dir='ltr'><strong>habuit.</strong></span> <span class='ocrx_word' id='word_1_338' title='bbox 676 2710 742 2732; x_wconf 87' lang='lat' dir='ltr'><strong>nos</strong></span> <span class='ocrx_word' id='word_1_339' title='bbox 760 2699 924 2745; x_wconf 86' lang='lat' dir='ltr'><strong>quidem,</strong></span> <span class='ocrx_word' id='word_1_340' title='bbox 951 2710 971 2732; x_wconf 91' lang='grc' dir='ltr'><em>ο</em></span> <span class='ocrx_word' id='word_1_341' title='bbox 999 2700 1160 2743; x_wconf 87' lang='lat' dir='ltr'><strong>domine,</strong></span> <span class='ocrx_word' id='word_1_342' title='bbox 1189 2702 1295 2736; x_wconf 81' lang='lat' dir='ltr'><strong>iussis</strong></span> <span class='ocrx_word' id='word_1_343' title='bbox 1323 2703 1396 2736; x_wconf 82' lang='lat' dir='ltr'><strong>tuis</strong></span> <span class='ocrx_word' id='word_1_344' title='bbox 1424 2702 1646 2748; x_wconf 81' lang='lat' dir='ltr'><strong>parebimus,</strong></span> <span class='ocrx_word' id='word_1_345' title='bbox 1671 2714 1739 2735; x_wconf 89' lang='lat' dir='ltr'><strong>ne-</strong></span> 
     </span>
     <span class='ocr_line' id='line_1_41' title="bbox 252 2747 1738 2796; baseline 0.003 -16"><span class='ocrx_word' id='word_1_346' title='bbox 252 2759 325 2793; x_wconf 84' lang='lat' dir='ltr'><strong>que</strong></span> <span class='ocrx_word' id='word_1_347' title='bbox 350 2748 437 2793; x_wconf 85' lang='lat' dir='ltr'><strong>ipsis</strong></span> <span class='ocrx_word' id='word_1_348' title='bbox 465 2747 643 2781; x_wconf 83' lang='lat' dir='ltr'><strong>obsistere</strong></span> <span class='ocrx_word' id='word_1_349' title='bbox 662 2747 857 2780; x_wconf 87' lang='lat' dir='ltr'><strong>consilium</strong></span> <span class='ocrx_word' id='word_1_350' title='bbox 877 2759 1037 2793; x_wconf 84' lang='lat' dir='ltr'><strong>unquam</strong></span> <span class='ocrx_word' id='word_1_351' title='bbox 1056 2749 1147 2783; x_wconf 86' lang='lat' dir='ltr'><strong>fnit:</strong></span> <span class='ocrx_word' id='word_1_352' title='bbox 1177 2749 1329 2796; x_wconf 80' lang='lat' dir='ltr'><strong>aequum</strong></span> <span class='ocrx_word' id='word_1_353' title='bbox 1354 2755 1478 2784; x_wconf 84' lang='lat' dir='ltr'><strong>tamen</strong></span> <span class='ocrx_word' id='word_1_354' title='bbox 1503 2756 1569 2792; x_wconf 83' lang='lat' dir='ltr'><strong>est,</strong></span> <span class='ocrx_word' id='word_1_355' title='bbox 1583 2752 1738 2784; x_wconf 80' lang='lat' dir='ltr'><strong>immen-</strong></span> 
     </span>
     <span class='ocr_line' id='line_1_42' title="bbox 252 2795 1738 2846; baseline 0.003 -17"><span class='ocrx_word' id='word_1_356' title='bbox 252 2807 327 2829; x_wconf 86' lang='lat' dir='ltr'><strong>sam</strong></span> <span class='ocrx_word' id='word_1_357' title='bbox 351 2796 433 2831; x_wconf 86' lang='lat' dir='ltr'><strong>viae</strong></span> <span class='ocrx_word' id='word_1_358' title='bbox 474 2795 767 2842; x_wconf 84' lang='lat' dir='ltr'><strong>longitudinem,</strong></span> <span class='ocrx_word' id='word_1_359' title='bbox 793 2801 932 2841; x_wconf 81' lang='lat' dir='ltr'><strong>quanta</strong></span> <span class='ocrx_word' id='word_1_360' title='bbox 965 2797 1135 2831; x_wconf 84' lang='lat' dir='ltr'><strong>nimirum</strong></span> <span class='ocrx_word' id='word_1_361' title='bbox 1168 2799 1276 2832; x_wconf 86' lang='lat' dir='ltr'><strong>maris</strong></span> <span class='ocrx_word' id='word_1_362' title='bbox 1304 2800 1433 2845; x_wconf 85' lang='lat' dir='ltr'><strong>spatia,</strong></span> <span class='ocrx_word' id='word_1_363' title='bbox 1458 2804 1497 2834; x_wconf 83' lang='lat' dir='ltr'><strong>et</strong></span> <span class='ocrx_word' id='word_1_364' title='bbox 1522 2810 1633 2846; x_wconf 79' lang='lat' dir='ltr'><strong>quam</strong></span> <span class='ocrx_word' id='word_1_365' title='bbox 1659 2810 1738 2833; x_wconf 81' lang='lat' dir='ltr'><strong>ma-</strong></span> 
     </span>
    </p>
   </div>
  </div>
 </body>
</html>
