1768 3106
265 143 376 201 720
817 140 1168 185 ‘rnssopnANis

258 262 376 296 τινας
405 247 451 289 ἐν
480 245 579 305 οἴκῳ
610 246 891 303 καθευδῆσαι,
920 245 1030 289 ἀλλὰ
1058 244 1220 294 πάντας
1263 244 1324 295 εἰς
1353 243 1455 294 τοὺς
1481 242 1642 300 κήπους
1672 244 1746 288 καὶ

259 313 312 357 τοὶ
347 311 503 370 ἑξάερα
544 313 703 370 σκηνάς
730 313 992 370 ποιήσαντας
1021 311 1195 366 διάγειν.
1261 311 1289 367 ἦ
1319 312 1368 355 δὲ
1390 313 1623 367 βασίλισσα
1652 308 1743 367 ἅμα

257 383 317 440 τῷ
346 379 428 440 υἱῷ
456 377 589 436 αὐτῆς
618 382 797 436 ἐξῆλθεν
829 383 875 423 έν
901 380 961 438 τῷ
992 379 1098 438 ἁγίῳ
1132 377 1351 433 Μάμαντι.
1407 381 1670 436 μηνυθείσης
1698 381 1747 422 δὲ

258 449 319 509 τῷ
348 451 597 508 Σταυρακίῳ
628 450 712 504 ’τῆς
747 447 1004 505 προφάσεως
1031 445 1214 504 ταύτης,
1243 453 1437 503 συγκινεῖ
1461 446 1540 504 τὴν
1568 448 1747 503 Αὕγοῦ-

221 520 365 560 Βσταν
390 515 497 559 κατὰ
527 518 607 559 τοῦ
635 515 747 569 υἱοῦ,
776 517 851 557 καί
878 515 1070 558 πιάσασα
1102 513 1202 565 τούς
1234 513 1493 571 ἀνθρώπους
1521 518 1598 559 τοῦ
1620 519 1768 571 βασιοέ

260 587 393 641 λὲως,
421 583 581 634 πάντας
608 585 791 636 δείρασα
822 585 898 625 καί
924 580 1198 639 κουρεύσασα
1231 580 1313 625 σὺν
1342 581 1510 642 Ἰωάννῃ
1543 584 1604 642 τῷ
1630 600 1749 638 πρω-

259 654 540 709 τοσπαθαριίρ
566 653 640 694 καί
663 649 850 708 Βαγύλῳ
878 651 1030 705 αὐτοῦ,
1060 652 1267 708 λεγομένῳ
1286 649 1517 710 Πικριδιῖρ,
1546 649 1749 706 ἐξώρισεν

258 723 333 764 ἐπὶ
359 719 409 763 τα
445 717 662 762 κατωτικοὶ
697 718 808 774 μέρη
838 716 918 767 ἕως
936 719 1151 768 ..ικελιάς.
1209 716 1285 760 τὸν
1316 719 1364 761 δὲ
1392 718 1626 774 μάγιστρον
1652 718 1750 760 Hs·-

261 804 360 843 τρον
388 787 584 841 ἀτιμίαις
611 787 919 843 περιβαλοῦσα,
954 784 1156 829 ἐκάθισεν
1174 787 1220 828 ἑν
1237 787 1294 844 τῷ
1321 784 1422 844 οἴκῳ
1450 781 1597 845 αὔτῷ·
1627 784 1749 839 ὅμοι’·

260 871 319 906 ως
349 854 423 898 καὶ
454 852 678 910 Θεόδωρον
704 852 775 897 τὸν
803 856 1028 910 πατρίκιον
1055 852 1128 897 τὸν
1150 852 1455 908 καμουλιανὸν·
1484 853 1558 896 τὸν
1588 855 1636 896 δὲ
1664 871 1747 896 πα·

257 924 418 979 τρίκιον
442 921 668 976 Δαμιανὸν
698 923 881 979 δείρασα
911 923 988 963 καί
1011 919 1311 977 κουρεύσασα,
1341 923 1403 971 εἰς
1429 919 1749 964 Ἀπολλωνιάὸα

122 989 309 1035 Ἷ.3ιατὸ
340 989 526 1046 κάστρον
569 990 783 1046 ἐξώρισεν.
854 987 1033 1044 τύψασα
1074 990 1122 1031 δὲ
1165 989 1239 1032 καί
1274 987 1348 1032 τὸν
1387 986 1484 1031 υἶὸν
1511 986 1748 1032 καὶπολλὰ

262 1058 574 1116 λοιδορήσασα,
619 1054 835 1114 ἇπρόϊτον
853 1056 1049 1114 ἐποίησεν
1077 1058 1151 1099 ε’πί
1176 1057 1342 1113 ἡμέρας
1369 1054 1534 1109 ἱκανάς.
1590 1053 1750 1112 ἤρξατο

222 1129 312 1170 (ἰδὲ
340 1126 525 1183 ὁρκίζειν
543 1124 618 1168 τὸν
635 1122 831 1182 στρατόν,
859 1121 926 1168 ὅτι
952 1126 1034 1175 ἕως
1065 1119 1115 1167 οὗ
1133 1127 1220 1184 ζῇς,
1250 1125 1302 1167 οὐ
1328 1123 1650 1180 καταδεξάμεθα
1676 1122 1752 1168 τὸν

263 1193 361 1238 υἱόν
385 1209 465 1237 σου
496 1194 723 1250 κρατῆσαι.
780 1194 855 1236 καί
881 1187 1051 1246 ὤμνυον
1077 1191 1232 1244 πάντες
1265 1190 1411 1248 οὕτως,
1440 1191 1624 1250 μηδενὸς
1655 1196 1751 1235 τολ-

262 1264 428 1316 μῶντος
472 1261 687 1304 ἀντειπεῖν
712 1262 815 1317 περὶ
842 1258 996 1304 τούτου
1028 1260 1076 1303 τὸ
1119 1260 1311 1305 σύνολον.
1367 1260 1513 1311 στόλος
1542 1261 1591 1303 δὲ
1615 1258 1755 1315 Ἀρά-

262 1334 354 1383 βων
380 1330 557 1386 ὲξῆλθεν
588 1330 659 1373 ἑπί
685 1325 884 1386 Κύπρον,
915 1327 989 1372 καί
1025 1330 1150 1371 τοῦτο
1180 1331 1422 1384 προγνοῦσα
1451 1328 1477 1384 ἧ
1506 1327 1754 1384 βασίλισσα,

263 1396 477 1453 ἐσώρευσε
507 1396 581 1440 καί
609 1395 716 1452 αιῖτὴ
745 1396 882 1440 πάντα
919 1395 972 1439 vd
999 1395 1219 1451 Ῥωμαϊκά
1249 1395 1436 1454 πλώῒμα,
1468 1395 1544 1440 καί
1568 1397 1755 1439 α’πέλυσε

264 1468 358 1508 κατ’
387 1460 539 1507 αὐτῶν.
603 1463 799 1514 ἐλθόντες
835 1464 883 1506 δὲ
913 1466 992 1514 ἕως
1030 1463 1078 1507 τὰ
1111 1466 1254 1521 Maipa
1283 1462 1519 1521 α’μφότεροι
1550 1462 1591 1506 οἱ
1619 1480 1754 1519 στρα-

265 1534 388 1589 τηγοί
416 1531 616 1587 ἔκαμψαν
644 1531 688 1576 τὸ
723 1530 989 1589 ἀκρωτήριον
1032 1535 1117 1576 τῶν
1145 1534 1422 1590 Χελιδονίων,
1451 1534 1524 1575 καί
1551 1533 1768 1588 εἰσῆλθον·

360 1653 395 1686 6.
423 1651 574 1696 δήσασα
600 1653 642 1687 A.
740 1665 771 1697 7.
805 1650 922 1687 αὐτοῦ
948 1652 1032 1688 add.
1060 1664 1104 1688 ex
1122 1653 1163 1687 A.
1269 1664 1320 1701 ¹7·
1347 1655 1414 1689 καὶ
1440 1652 1547 1690 τοῦτο
1575 1654 1616 1696 A,
1641 1655 1750 1690 τοῦτο

361 1700 404 1737 δὲ
423 1701 519 1747 vulg.
622 1702 675 1738 18.
705 1700 899 1750 nko't'Juccra
923 1702 964 1735 A.

266 1816 402 1850 bruai-ii
430 1816 489 1850 die
515 1828 613 1851 nono
639 1816 842 1851 indictione
870 1816 1010 1851 decima
1049 1818 1156 1852 tertia
1191 1822 1310 1852 motus
1339 1822 1456 1852 terrae
1483 1818 1625 1853 violens
1653 1818 1746 1853 adeo

266 1865 433 1910 contigit,
459 1870 498 1899 ut
522 1865 559 1899 in
588 1865 756 1899 domibus
781 1866 972 1899 dormituri
999 1877 1036 1899 se
1063 1866 1253 1900 continere
1284 1871 1455 1900 caverent
1478 1865 1657 1909 homines,
1684 1867 1750 1900 sed

266 1925 391 1947 onmes
417 1914 455 1947 in
482 1913 597 1947 hortis
624 1925 665 1948 ac
701 1913 769 1948 sub
798 1913 859 1947 dio
881 1914 1049 1948 tentoriis
1075 1915 1205 1948 erectis
1234 1914 1513 1948 diversarentur.
1538 1916 1751 1962 imperatrix

266 1967 389 1996 autem
414 1961 460 1995 ad
484 1967 649 1996 sanctum
677 1962 899 1996 Mamantem
931 1974 1012 1995 cum
1038 1962 1116 1995 filio
1149 1963 1320 2008 perrexit.
1371 1964 1653 2010 conspirationis
1683 1975 1750 1997 au-

266 2017 341 2044 tem
365 2009 555 2044 adversum
590 2021 629 2045 se
662 2010 862 2044 instructae
903 2010 1112 2044 Stauracius
1144 2011 1279 2044 certior
1315 2011 1457 2052 sactus,
1488 2013 1684 2056 Augustam
1713 2013 1751 2045 in

267 2058 385 2093 filium
414 2059 584 2092 concitat.
640 2070 725 2092 mox
768 2059 848 2105 ipsa
887 2059 1116 2105 imperatoris
1156 2058 1365 2093 domesticis
1399 2060 1567 2094 manibus
1593 2060 1750 2101 iniectis,

267 2111 417 2140 cunctos
450 2106 537 2139 diris
567 2106 779 2141 verberibus
806 2118 929 2140 caesos
953 2113 989 2141 et
1024 2113 1148 2141 tonsos
1177 2119 1256 2141 cum
1288 2109 1425 2142 Ioanne
1452 2108 1750 2154 protospathario

267 2160 307 2188 et
330 2154 481 2195 Baiulo,
517 2156 575 2188 cui
604 2155 781 2188 Picridius
815 2162 1123 2199 cognomentum,
1165 2155 1212 2189 ad
1241 2156 1394 2190 inferius
1419 2161 1577 2190 remotos
1606 2157 1751 2203 imperii

268 2203 360 2236 fines
396 2203 434 2236 in
460 2203 623 2236 Siciliam
670 2215 785 2249 usque
811 2204 987 2248 relegavit
1022 2204 1160 2237 exules.
1220 2204 1428 2248 magistrum
1464 2205 1571 2238 etiam
1608 2206 1751 2239 Petrum

267 2250 448 2285 dedecore
486 2251 794 2297 contumeliisque
823 2254 989 2285 affectum
1018 2251 1116 2285 domi
1148 2263 1187 2285 se
1213 2253 1413 2291 continere,
1440 2253 1750 2299 quemadmodum

268 2299 377 2333 etiam
415 2297 651 2332 Theodorum
690 2300 881 2344 patricium
916 2300 1179 2342 Camulianum,
1205 2300 1322 2334 iussit.
1383 2299 1429 2333 ad
1465 2300 1532 2335 hos
1557 2303 1750 2348 patricium

267 2348 487 2381 Damiunum
516 2346 742 2381 verberatum
776 2353 996 2394 tonsumque
1021 2349 1058 2381 in
1085 2354 1240 2381 castrum
1271 2348 1553 2394 Apolloniadem
1577 2349 1751 2396 deporta-

269 2396 335 2430 vit.
387 2396 502 2429 filium
532 2394 692 2441 denique
730 2396 808 2441 pari
835 2397 1024 2429 verberum
1053 2397 1211 2430 mulctae
1251 2402 1288 2430 et
1312 2398 1614 2432 contumeliarum
1645 2400 1751 2443 igno-

270 2445 408 2478 miniae
434 2443 637 2477 subiectum
667 2443 765 2476 domi
795 2443 968 2485 detinuit,
1004 2444 1055 2477 ita
1081 2449 1122 2477 ut
1151 2455 1216 2489 per
1242 2445 1365 2490 plures
1394 2445 1472 2479 dies
1499 2447 1538 2480 in
1562 2447 1751 2493 pubiicum

273 2504 348 2527 non
381 2491 573 2538 prodierit,
599 2503 718 2537 eoque
743 2491 888 2525 tandem
920 2492 1117 2525 exercitum
1146 2492 1220 2524 suis
1249 2493 1590 2539 importunitatibus
1617 2495 1751 2540 adegit,

273 2546 314 2574 ut
339 2541 471 2574 milites
505 2541 543 2573 in
581 2540 772 2573 consilium
798 2539 869 2573 hoc
898 2540 1119 2573 adduceret:
1146 2540 1260 2574 filium
1289 2547 1390 2574 tuum
1416 2543 1609 2588 imperare,
1635 2543 1753 2577 donec

271 2589 418 2628 vixeris,
447 2600 521 2622 non
545 2588 738 2633 patiemur,
767 2588 1009 2633 iuraruntque
1035 2587 1086 2621 ita
1113 2600 1252 2630 omues,
1276 2600 1354 2623 cum
1381 2591 1507 2624 nullus
1530 2592 1624 2625 circa
1654 2591 1752 2626 istud

273 2637 306 2670 ei
331 2637 478 2670 omuino
507 2647 710 2681 repugnare
735 2635 897 2669 auderet.
947 2637 1088 2669 interea
1115 2637 1271 2670 Arabum
1296 2639 1418 2671 classis
1445 2640 1483 2672 in
1504 2639 1660 2685 Cyprum
1688 2651 1753 2673 ex-

271 2684 496 2730 peditionem
530 2685 700 2730 suscepit:
727 2684 826 2730 quod
847 2696 926 2717 cum
953 2684 1164 2730 imperatrix
1190 2687 1462 2730 praesensisset,
1489 2688 1660 2722 collectas
1686 2699 1753 2735 pa-

272 2734 360 2767 riter
386 2734 562 2766 Romanas
587 2744 710 2766 omues
735 2744 843 2766 naves
872 2733 909 2766 in
938 2743 1000 2766 eos
1026 2733 1209 2766 instruxit.
1262 2746 1341 2767 cum
1367 2741 1487 2768 autem
1514 2735 1621 2769 ambo
1642 2736 1753 2769 duces

271 2781 409 2826 Mys-am
437 2781 699 2828 pervenissent,
730 2786 900 2827 superato
930 2780 1231 2817 Chelidouiorum
1269 2784 1516 2830 promontorio
1546 2784 1584 2818 in
1609 2786 1753 2820 Ataliae
