<?xml version="1.0" encoding="UTF-8"?>
<!DOCTYPE html PUBLIC "-//W3C//DTD XHTML 1.0 Transitional//EN"
    "http://www.w3.org/TR/xhtml1/DTD/xhtml1-transitional.dtd">
<html xmlns="http://www.w3.org/1999/xhtml" xml:lang="en" lang="en">
 <head>
  <title>
</title>
<meta http-equiv="Content-Type" content="text/html;charset=utf-8" />
  <meta name='ocr-system' content='tesseract 3.04.00' />
  <meta name='ocr-capabilities' content='ocr_page ocr_carea ocr_par ocr_line ocrx_word'/>
</head>
<body>
  <div class='ocr_page' id='page_1' title='image "./corpusscriptorum46niebuoft_0730.png"; bbox 0 0 1768 3106; ppageno 0'>
   <div class='ocr_carea' id='block_1_1' title="bbox 277 125 1180 200">
    <p class='ocr_par' dir='ltr' id='par_1_1' title="bbox 277 125 1180 200">
     <span class='ocr_line' id='line_1_1' title="bbox 277 125 1180 200; baseline 0.003 -19"><span class='ocrx_word' id='word_1_1' title='bbox 277 125 393 200; x_wconf 87' lang='lat'>670</span> <span class='ocrx_word' id='word_1_2' title='bbox 826 143 1180 186; x_wconf 80' lang='lat' dir='ltr'>THEOPHAle</span> 
     </span>
    </p>
   </div>
   <div class='ocr_carea' id='block_1_2' title="bbox 231 239 1761 1656">
    <p class='ocr_par' dir='ltr' id='par_1_2' title="bbox 231 239 1761 1656">
     <span class='ocr_line' id='line_1_2' title="bbox 274 239 1756 303; baseline 0.002 -17"><span class='ocrx_word' id='word_1_3' title='bbox 274 260 368 287; x_wconf 86' lang='grc' dir='ltr'><strong><em>κτον</em></strong></span> <span class='ocrx_word' id='word_1_4' title='bbox 397 247 470 287; x_wconf 80' lang='grc' dir='ltr'><em>καί</em></span> <span class='ocrx_word' id='word_1_5' title='bbox 497 244 642 302; x_wconf 77' lang='grc' dir='ltr'><strong><em>δύσιν,</em></strong></span> <span class='ocrx_word' id='word_1_6' title='bbox 673 239 782 288; x_wconf 68' lang='grc' dir='ltr'><strong><em>ὥστε</em></strong></span> <span class='ocrx_word' id='word_1_7' title='bbox 813 243 889 300; x_wconf 68' lang='grc' dir='ltr'>τὴν</span> <span class='ocrx_word' id='word_1_8' title='bbox 918 244 1111 303; x_wconf 74' lang='grc' dir='ltr'><strong><em>α’ρκτιραν</em></strong></span> <span class='ocrx_word' id='word_1_9' title='bbox 1143 246 1222 285; x_wconf 76' lang='grc' dir='ltr'><strong><em>τοῦ</em></strong></span> <span class='ocrx_word' id='word_1_10' title='bbox 1255 244 1410 286; x_wconf 83' lang='grc' dir='ltr'><em>πόντου</em></span> <span class='ocrx_word' id='word_1_11' title='bbox 1440 246 1653 301; x_wconf 88' lang='grc' dir='ltr'><strong><em>παραλίαν</em></strong></span> <span class='ocrx_word' id='word_1_12' title='bbox 1683 246 1756 289; x_wconf 60' lang='lat' dir='ltr'>§nl</span> 
     </span>
     <span class='ocr_line' id='line_1_3' title="bbox 275 309 1758 368; baseline 0.001 -14"><span class='ocrx_word' id='word_1_13' title='bbox 275 309 425 354; x_wconf 71' lang='grc' dir='ltr'><strong><em>ἑκατὸν</em></strong></span> <span class='ocrx_word' id='word_1_14' title='bbox 463 315 585 365; x_wconf 87' lang='grc' dir='ltr'><strong><em>μίλια</em></strong></span> <span class='ocrx_word' id='word_1_15' title='bbox 625 311 670 356; x_wconf 85' lang='grc' dir='ltr'>τὸ</span> <span class='ocrx_word' id='word_1_16' title='bbox 716 315 896 367; x_wconf 77' lang='grc' dir='ltr'><strong><em>πέλαγος</em></strong></span> <span class='ocrx_word' id='word_1_17' title='bbox 943 311 1273 367; x_wconf 72' lang='grc' dir='ltr'><strong><em>α’πολιθωθῆναι</em></strong></span> <span class='ocrx_word' id='word_1_18' title='bbox 1306 314 1352 354; x_wconf 76' lang='grc' dir='ltr'>ἐκ</span> <span class='ocrx_word' id='word_1_19' title='bbox 1378 315 1453 355; x_wconf 81' lang='grc' dir='ltr'><strong><em>τοῦ</em></strong></span> <span class='ocrx_word' id='word_1_20' title='bbox 1483 312 1639 368; x_wconf 79' lang='grc' dir='ltr'><strong><em>κρύους</em></strong></span> <span class='ocrx_word' id='word_1_21' title='bbox 1684 313 1758 356; x_wconf 77' lang='grc' dir='ltr'>ἐπὶ</span> 
     </span>
     <span class='ocr_line' id='line_1_4' title="bbox 275 378 1755 437; baseline 0.001 -15"><span class='ocrx_word' id='word_1_22' title='bbox 275 380 499 434; x_wconf 76' lang='grc' dir='ltr'><strong><em>τριάκοντα</em></strong></span> <span class='ocrx_word' id='word_1_23' title='bbox 541 380 693 436; x_wconf 74' lang='grc' dir='ltr'>πήχεις</span> <span class='ocrx_word' id='word_1_24' title='bbox 733 379 778 422; x_wconf 80' lang='grc' dir='ltr'>τὸ</span> <span class='ocrx_word' id='word_1_25' title='bbox 821 380 982 435; x_wconf 71' lang='grc' dir='ltr'><strong><em>βάθος,</em></strong></span> <span class='ocrx_word' id='word_1_26' title='bbox 1028 383 1101 422; x_wconf 76' lang='grc' dir='ltr'><strong><em>καί</em></strong></span> <span class='ocrx_word' id='word_1_27' title='bbox 1144 378 1228 422; x_wconf 69' lang='grc' dir='ltr'>ἀπὸ</span> <span class='ocrx_word' id='word_1_28' title='bbox 1273 382 1464 436; x_wconf 80' lang='grc' dir='ltr'><strong><em>Ζηκχίας</em></strong></span> <span class='ocrx_word' id='word_1_29' title='bbox 1504 383 1635 437; x_wconf 80' lang='grc' dir='ltr'><strong><em>μέχρι</em></strong></span> <span class='ocrx_word' id='word_1_30' title='bbox 1678 383 1755 423; x_wconf 85' lang='grc' dir='ltr'><strong><em>τοῦ</em></strong></span> 
     </span>
     <span class='ocr_line' id='line_1_5' title="bbox 275 447 1756 504; baseline 0.001 -14"><span class='ocrx_word' id='word_1_31' title='bbox 275 451 519 502; x_wconf 74' lang='grc' dir='ltr'><em>Λανουβίου</em></span> <span class='ocrx_word' id='word_1_32' title='bbox 561 450 635 491; x_wconf 86' lang='grc' dir='ltr'><em>καί</em></span> <span class='ocrx_word' id='word_1_33' title='bbox 671 450 749 490; x_wconf 80' lang='grc' dir='ltr'><strong><em>τοῦ</em></strong></span> <span class='ocrx_word' id='word_1_34' title='bbox 780 447 941 504; x_wconf 79' lang='grc' dir='ltr'><strong><em>Κούφη</em></strong></span> <span class='ocrx_word' id='word_1_35' title='bbox 980 449 1174 500; x_wconf 78' lang='grc' dir='ltr'><em>ποταμοῦ</em></span> <span class='ocrx_word' id='word_1_36' title='bbox 1212 451 1287 490; x_wconf 82' lang='grc' dir='ltr'>καί</span> <span class='ocrx_word' id='word_1_37' title='bbox 1325 451 1404 491; x_wconf 81' lang='grc' dir='ltr'><strong><em>τοῦ</em></strong></span> <span class='ocrx_word' id='word_1_38' title='bbox 1448 447 1686 504; x_wconf 80' lang='grc' dir='ltr'><strong><em>Δάμαστρί</em></strong></span> <span class='ocrx_word' id='word_1_39' title='bbox 1708 465 1756 491; x_wconf 83' lang='grc' dir='ltr'>τε</span> 
     </span>
     <span class='ocr_line' id='line_1_6' title="bbox 271 513 1754 573; baseline 0.001 -16"><span class='ocrx_word' id='word_1_40' title='bbox 271 517 347 558; x_wconf 80' lang='grc' dir='ltr'>καί</span> <span class='ocrx_word' id='word_1_41' title='bbox 377 513 581 571; x_wconf 76' lang='grc' dir='ltr'><strong><em>Λάναπρι</em></strong></span> <span class='ocrx_word' id='word_1_42' title='bbox 621 517 693 557; x_wconf 85' lang='grc' dir='ltr'><strong><em>καί</em></strong></span> <span class='ocrx_word' id='word_1_43' title='bbox 732 517 817 558; x_wconf 76' lang='grc' dir='ltr'>τῶν</span> <span class='ocrx_word' id='word_1_44' title='bbox 853 513 1143 569; x_wconf 74' lang='grc' dir='ltr'><strong><em>Νεκροπύλων</em></strong></span> <span class='ocrx_word' id='word_1_45' title='bbox 1190 517 1263 558; x_wconf 84' lang='grc' dir='ltr'><strong><em>καί</em></strong></span> <span class='ocrx_word' id='word_1_46' title='bbox 1312 519 1383 573; x_wconf 81' lang='grc' dir='ltr'>τῆς</span> <span class='ocrx_word' id='word_1_47' title='bbox 1434 518 1583 572; x_wconf 81' lang='grc' dir='ltr'><strong><em>λοιπῆς</em></strong></span> <span class='ocrx_word' id='word_1_48' title='bbox 1625 519 1754 572; x_wconf 80' lang='grc' dir='ltr'><strong><em>α’κτῆς</em></strong></span> 
     </span>
     <span class='ocr_line' id='line_1_7' title="bbox 273 581 1755 639; baseline 0.001 -13"><span class='ocrx_word' id='word_1_49' title='bbox 273 585 399 637; x_wconf 84' lang='grc' dir='ltr'><strong><em>μέχρι</em></strong></span> <span class='ocrx_word' id='word_1_50' title='bbox 432 584 724 638; x_wconf 79' lang='grc' dir='ltr'><em>Μεσημβρίας</em></span> <span class='ocrx_word' id='word_1_51' title='bbox 753 581 827 624; x_wconf 82' lang='grc' dir='ltr'><em>καί</em></span> <span class='ocrx_word' id='word_1_52' title='bbox 855 583 1056 639; x_wconf 79' lang='grc' dir='ltr'><em>Μηδείας</em></span> <span class='ocrx_word' id='word_1_53' title='bbox 1097 581 1228 635; x_wconf 77' lang='grc' dir='ltr'><strong><em>ὅμοιοι</em></strong></span> <span class='ocrx_word' id='word_1_54' title='bbox 1257 584 1542 627; x_wconf 72' lang='grc' dir='ltr'><em>πεπονθότων.</em></span> <span class='ocrx_word' id='word_1_55' title='bbox 1598 586 1677 627; x_wconf 80' lang='grc' dir='ltr'><strong><em>τοῦ</em></strong></span> <span class='ocrx_word' id='word_1_56' title='bbox 1707 586 1755 627; x_wconf 78' lang='grc' dir='ltr'>δὲ</span> 
     </span>
     <span class='ocr_line' id='line_1_8' title="bbox 273 646 1756 709; baseline 0.001 -16"><span class='ocrx_word' id='word_1_57' title='bbox 273 647 469 693; x_wconf 73' lang='grc' dir='ltr'><strong><em>τοιούτου</em></strong></span> <span class='ocrx_word' id='word_1_58' title='bbox 499 649 659 704; x_wconf 78' lang='grc' dir='ltr'><em>πάγους</em></span> <span class='ocrx_word' id='word_1_59' title='bbox 686 652 1034 705; x_wconf 73' lang='grc' dir='ltr'><strong><em>ἐπιχιονηθέντος</em></strong></span> <span class='ocrx_word' id='word_1_60' title='bbox 1061 648 1229 708; x_wconf 72' lang='grc' dir='ltr'><em>ηὐξήθη</em></span> <span class='ocrx_word' id='word_1_61' title='bbox 1257 652 1322 694; x_wconf 81' lang='grc' dir='ltr'>ἐπ’</span> <span class='ocrx_word' id='word_1_62' title='bbox 1352 646 1483 702; x_wconf 70' lang='grc' dir='ltr'><strong><em>ἄλλας</em></strong></span> <span class='ocrx_word' id='word_1_63' title='bbox 1510 650 1644 696; x_wconf 79' lang='grc' dir='ltr'><strong><em>εἴκοσι</em></strong></span> <span class='ocrx_word' id='word_1_64' title='bbox 1675 652 1756 709; x_wconf 84' lang='grc' dir='ltr'>πή-</span> 
     </span>
     <span class='ocr_line' id='line_1_9' title="bbox 273 714 1756 779; baseline 0.003 -21"><span class='ocrx_word' id='word_1_65' title='bbox 273 734 389 774; x_wconf 84' lang='grc' dir='ltr'><strong><em>χεις,</em></strong></span> <span class='ocrx_word' id='word_1_66' title='bbox 418 714 528 761; x_wconf 72' lang='grc' dir='ltr'><strong><em>ὥστε</em></strong></span> <span class='ocrx_word' id='word_1_67' title='bbox 556 719 934 774; x_wconf 78' lang='grc' dir='ltr'><strong><em>συμμορφωθῆναι</em></strong></span> <span class='ocrx_word' id='word_1_68' title='bbox 976 717 1054 774; x_wconf 79' lang='grc' dir='ltr'>τήν</span> <span class='ocrx_word' id='word_1_69' title='bbox 1091 717 1316 762; x_wconf 72' lang='grc' dir='ltr'><strong><em>θάλασσαν</em></strong></span> <span class='ocrx_word' id='word_1_70' title='bbox 1343 720 1396 779; x_wconf 80' lang='grc' dir='ltr'>τῇ</span> <span class='ocrx_word' id='word_1_71' title='bbox 1424 721 1550 778; x_wconf 78' lang='grc' dir='ltr'><strong><em>ξηρᾷ,</em></strong></span> <span class='ocrx_word' id='word_1_72' title='bbox 1581 721 1654 763; x_wconf 70' lang='grc' dir='ltr'><strong><em>καί</em></strong></span> <span class='ocrx_word' id='word_1_73' title='bbox 1681 737 1756 762; x_wconf 88' lang='grc' dir='ltr'>πε-</span> 
     </span>
     <span class='ocr_line' id='line_1_10' title="bbox 235 783 1756 844; baseline 0 -14"><span class='ocrx_word' id='word_1_74' title='bbox 235 788 551 839; x_wconf 71' lang='grc' dir='ltr'><strong><em>(ζζοβατεῖσθαι</em></strong></span> <span class='ocrx_word' id='word_1_75' title='bbox 580 783 766 841; x_wconf 73' lang='grc' dir='ltr'>ὕπερθεν</span> <span class='ocrx_word' id='word_1_76' title='bbox 794 786 869 828; x_wconf 81' lang='grc' dir='ltr'><strong><em>τοῦ</em></strong></span> <span class='ocrx_word' id='word_1_77' title='bbox 907 785 1066 840; x_wconf 78' lang='grc' dir='ltr'><strong><em>κρύους</em></strong></span> <span class='ocrx_word' id='word_1_78' title='bbox 1097 786 1178 828; x_wconf 85' lang='grc' dir='ltr'><strong><em>α’πό</em></strong></span> <span class='ocrx_word' id='word_1_79' title='bbox 1207 802 1253 829; x_wconf 84' lang='grc' dir='ltr'>τε</span> <span class='ocrx_word' id='word_1_80' title='bbox 1282 788 1533 844; x_wconf 83' lang='grc' dir='ltr'><strong><em>Χαζαρίας,</em></strong></span> <span class='ocrx_word' id='word_1_81' title='bbox 1561 792 1756 843; x_wconf 80' lang='grc' dir='ltr'><strong><em>Βουλγα-</em></strong></span> 
     </span>
     <span class='ocr_line' id='line_1_11' title="bbox 274 854 1752 912; baseline -0.001 -16"><span class='ocrx_word' id='word_1_82' title='bbox 274 857 371 908; x_wconf 87' lang='grc' dir='ltr'><strong><em>ριάς</em></strong></span> <span class='ocrx_word' id='word_1_83' title='bbox 400 856 474 895; x_wconf 83' lang='grc' dir='ltr'><em>καί</em></span> <span class='ocrx_word' id='word_1_84' title='bbox 508 856 593 905; x_wconf 69' lang='grc' dir='ltr'>τῶν</span> <span class='ocrx_word' id='word_1_85' title='bbox 627 855 785 896; x_wconf 76' lang='grc' dir='ltr'><strong><em>λοιπῶν</em></strong></span> <span class='ocrx_word' id='word_1_86' title='bbox 824 856 1146 910; x_wconf 69' lang='grc' dir='ltr'>παρακειμένων</span> <span class='ocrx_word' id='word_1_87' title='bbox 1183 855 1332 912; x_wconf 75' lang='grc' dir='ltr'><strong><em>ἐθνῶν,</em></strong></span> <span class='ocrx_word' id='word_1_88' title='bbox 1365 854 1480 911; x_wconf 76' lang='grc' dir='ltr'><strong><em>παρά</em></strong></span> <span class='ocrx_word' id='word_1_89' title='bbox 1509 871 1552 899; x_wconf 81' lang='grc' dir='ltr'>τε</span> <span class='ocrx_word' id='word_1_90' title='bbox 1583 855 1752 912; x_wconf 77' lang='grc' dir='ltr'><strong><em>ἀνθρώ..</em></strong></span> 
     </span>
     <span class='ocr_line' id='line_1_12' title="bbox 272 920 1760 982; baseline 0.002 -19"><span class='ocrx_word' id='word_1_91' title='bbox 272 937 364 963; x_wconf 87' lang='grc' dir='ltr'>πων</span> <span class='ocrx_word' id='word_1_92' title='bbox 395 922 556 976; x_wconf 85' lang='grc' dir='ltr'><strong><em>α’γρίων</em></strong></span> <span class='ocrx_word' id='word_1_93' title='bbox 583 937 630 964; x_wconf 86' lang='grc' dir='ltr'>τε</span> <span class='ocrx_word' id='word_1_94' title='bbox 670 920 743 964; x_wconf 82' lang='grc' dir='ltr'><em>καί</em></span> <span class='ocrx_word' id='word_1_95' title='bbox 769 921 938 978; x_wconf 77' lang='grc' dir='ltr'><strong><em>ἡμέρων</em></strong></span> <span class='ocrx_word' id='word_1_96' title='bbox 970 922 1102 973; x_wconf 81' lang='grc' dir='ltr'><strong><em>ζώων.</em></strong></span> <span class='ocrx_word' id='word_1_97' title='bbox 1174 924 1235 981; x_wconf 72' lang='grc' dir='ltr'>τῷ</span> <span class='ocrx_word' id='word_1_98' title='bbox 1264 924 1312 965; x_wconf 75' lang='grc' dir='ltr'>δὲ</span> <span class='ocrx_word' id='word_1_99' title='bbox 1341 925 1623 982; x_wconf 79' lang='grc' dir='ltr'><strong><em>Φεβρουαρίῳ</em></strong></span> <span class='ocrx_word' id='word_1_100' title='bbox 1656 923 1760 979; x_wconf 74' lang='grc' dir='ltr'>μηνὶ</span> 
     </span>
     <span class='ocr_line' id='line_1_13' title="bbox 272 985 1759 1044; baseline 0.001 -13"><span class='ocrx_word' id='word_1_101' title='bbox 272 990 347 1044; x_wconf 81' lang='grc' dir='ltr'>τῆς</span> <span class='ocrx_word' id='word_1_102' title='bbox 375 985 412 1031; x_wconf 80' lang='grc' dir='ltr'>δ’</span> <span class='ocrx_word' id='word_1_103' title='bbox 452 990 713 1038; x_wconf 75' lang='grc' dir='ltr'><strong><em>ἰνὸικτιῶνος</em></strong></span> <span class='ocrx_word' id='word_1_104' title='bbox 741 991 819 1031; x_wconf 80' lang='grc' dir='ltr'><strong><em>τοῦ</em></strong></span> <span class='ocrx_word' id='word_1_105' title='bbox 865 989 1060 1032; x_wconf 81' lang='grc' dir='ltr'><strong><em>τοιούτου</em></strong></span> <span class='ocrx_word' id='word_1_106' title='bbox 1090 988 1252 1044; x_wconf 78' lang='grc' dir='ltr'><em>πάγους</em></span> <span class='ocrx_word' id='word_1_107' title='bbox 1293 990 1398 1033; x_wconf 81' lang='grc' dir='ltr'><strong><em>κατὰ</em></strong></span> <span class='ocrx_word' id='word_1_108' title='bbox 1429 993 1537 1033; x_wconf 77' lang='grc' dir='ltr'><strong><em>θεοῦ</em></strong></span> <span class='ocrx_word' id='word_1_109' title='bbox 1566 993 1759 1034; x_wconf 76' lang='grc' dir='ltr'><strong><em>κέλευσιν</em></strong></span> 
     </span>
     <span class='ocr_line' id='line_1_14' title="bbox 273 1053 1760 1115; baseline 0.001 -17"><span class='ocrx_word' id='word_1_110' title='bbox 273 1058 334 1106; x_wconf 84' lang='grc' dir='ltr'>εἰς</span> <span class='ocrx_word' id='word_1_111' title='bbox 363 1061 539 1099; x_wconf 80' lang='grc' dir='ltr'><strong><em>πλεῖστα</em></strong></span> <span class='ocrx_word' id='word_1_112' title='bbox 567 1058 641 1099; x_wconf 84' lang='grc' dir='ltr'>καί</span> <span class='ocrx_word' id='word_1_113' title='bbox 672 1053 862 1113; x_wconf 74' lang='grc' dir='ltr'><strong><em>διάφορα</em></strong></span> <span class='ocrx_word' id='word_1_114' title='bbox 902 1053 1093 1114; x_wconf 80' lang='grc' dir='ltr'><strong><em>ὗροφανῆ</em></strong></span> <span class='ocrx_word' id='word_1_115' title='bbox 1129 1057 1332 1113; x_wconf 77' lang='grc' dir='ltr'><strong><em>τμήματα</em></strong></span> <span class='ocrx_word' id='word_1_116' title='bbox 1359 1060 1656 1115; x_wconf 67' lang='grc' dir='ltr'><strong><em>διαιρεθέντος,</em></strong></span> <span class='ocrx_word' id='word_1_117' title='bbox 1686 1061 1760 1100; x_wconf 79' lang='grc' dir='ltr'><strong><em>καὶ</em></strong></span> 
     </span>
     <span class='ocr_line' id='line_1_15' title="bbox 272 1123 1759 1182; baseline 0 -15"><span class='ocrx_word' id='word_1_118' title='bbox 272 1126 328 1182; x_wconf 80' lang='grc' dir='ltr'>τῇ</span> <span class='ocrx_word' id='word_1_119' title='bbox 356 1126 442 1166; x_wconf 77' lang='grc' dir='ltr'>τῶν</span> <span class='ocrx_word' id='word_1_120' title='bbox 471 1124 639 1178; x_wconf 83' lang='grc' dir='ltr'><strong><em>οἷνέμων</em></strong></span> <span class='ocrx_word' id='word_1_121' title='bbox 664 1125 738 1182; x_wconf 76' lang='grc' dir='ltr'>βίᾳ</span> <span class='ocrx_word' id='word_1_122' title='bbox 765 1124 1131 1181; x_wconf 81' lang='grc' dir='ltr'><strong><em>ὲπίΛαφνουσίαν</em></strong></span> <span class='ocrx_word' id='word_1_123' title='bbox 1151 1125 1225 1167; x_wconf 78' lang='grc' dir='ltr'>καὶ</span> <span class='ocrx_word' id='word_1_124' title='bbox 1253 1124 1300 1168; x_wconf 89' lang='grc' dir='ltr'><strong><em>τὸ</em></strong></span> <span class='ocrx_word' id='word_1_125' title='bbox 1325 1123 1455 1180; x_wconf 86' lang='grc' dir='ltr'><strong><em>Ἱερὸν</em></strong></span> <span class='ocrx_word' id='word_1_126' title='bbox 1483 1127 1759 1180; x_wconf 76' lang='grc' dir='ltr'><strong><em>κατενεχθέν-</em></strong></span> 
     </span>
     <span class='ocr_line' id='line_1_16' title="bbox 273 1188 1759 1252; baseline 0 -18"><span class='ocrx_word' id='word_1_127' title='bbox 273 1209 357 1249; x_wconf 77' lang='grc' dir='ltr'><strong><em>τος,</em></strong></span> <span class='ocrx_word' id='word_1_128' title='bbox 390 1188 501 1235; x_wconf 75' lang='grc' dir='ltr'><strong><em>οὕτω</em></strong></span> <span class='ocrx_word' id='word_1_129' title='bbox 533 1191 606 1234; x_wconf 73' lang='grc' dir='ltr'>διὰ</span> <span class='ocrx_word' id='word_1_130' title='bbox 637 1195 715 1234; x_wconf 83' lang='grc' dir='ltr'><strong><em>τοῦ</em></strong></span> <span class='ocrx_word' id='word_1_131' title='bbox 744 1193 891 1234; x_wconf 80' lang='grc' dir='ltr'><strong><em>στενοῦ</em></strong></span> <span class='ocrx_word' id='word_1_132' title='bbox 936 1193 1008 1235; x_wconf 79' lang='grc' dir='ltr'>ἐπὶ</span> <span class='ocrx_word' id='word_1_133' title='bbox 1035 1191 1110 1248; x_wconf 76' lang='grc' dir='ltr'>τὴν</span> <span class='ocrx_word' id='word_1_134' title='bbox 1138 1191 1261 1235; x_wconf 85' lang='grc' dir='ltr'><strong><em>πόλιν</em></strong></span> <span class='ocrx_word' id='word_1_135' title='bbox 1289 1192 1490 1252; x_wconf 76' lang='grc' dir='ltr'><strong><em>ἔφθασαν</em></strong></span> <span class='ocrx_word' id='word_1_136' title='bbox 1518 1193 1649 1248; x_wconf 82' lang='grc' dir='ltr'><strong><em>μέχρι</em></strong></span> <span class='ocrx_word' id='word_1_137' title='bbox 1682 1195 1759 1248; x_wconf 78' lang='grc' dir='ltr'>τῆς</span> 
     </span>
     <span class='ocr_line' id='line_1_17' title="bbox 274 1259 1759 1318; baseline -0.001 -15"><span class='ocrx_word' id='word_1_138' title='bbox 274 1263 575 1315; x_wconf 73' lang='grc' dir='ltr'><strong><em>Προποντίδος</em></strong></span> <span class='ocrx_word' id='word_1_139' title='bbox 607 1262 682 1302; x_wconf 80' lang='grc' dir='ltr'>καί</span> <span class='ocrx_word' id='word_1_140' title='bbox 708 1262 792 1303; x_wconf 78' lang='grc' dir='ltr'>τῶν</span> <span class='ocrx_word' id='word_1_141' title='bbox 831 1259 972 1316; x_wconf 77' lang='grc' dir='ltr'><strong><em>νήσων</em></strong></span> <span class='ocrx_word' id='word_1_142' title='bbox 1006 1263 1079 1302; x_wconf 80' lang='grc' dir='ltr'>καί</span> <span class='ocrx_word' id='word_1_143' title='bbox 1120 1261 1308 1316; x_wconf 73' lang='grc' dir='ltr'><strong><em>Ἀβύδου</em></strong></span> <span class='ocrx_word' id='word_1_144' title='bbox 1344 1264 1488 1305; x_wconf 80' lang='grc' dir='ltr'><strong><em>πᾶσαν</em></strong></span> <span class='ocrx_word' id='word_1_145' title='bbox 1519 1260 1594 1318; x_wconf 72' lang='grc' dir='ltr'>τὴν</span> <span class='ocrx_word' id='word_1_146' title='bbox 1620 1278 1759 1315; x_wconf 86' lang='grc' dir='ltr'><strong><em>παρα-</em></strong></span> 
     </span>
     <span class='ocr_line' id='line_1_18' title="bbox 274 1322 1761 1385; baseline -0.001 -15"><span class='ocrx_word' id='word_1_147' title='bbox 274 1330 368 1370; x_wconf 88' lang='grc' dir='ltr'><strong><em>λίοιν</em></strong></span> <span class='ocrx_word' id='word_1_148' title='bbox 397 1327 530 1383; x_wconf 72' lang='grc' dir='ltr'><strong><em>οἷκτὴν</em></strong></span> <span class='ocrx_word' id='word_1_149' title='bbox 555 1328 822 1384; x_wconf 79' lang='grc' dir='ltr'><strong><em>ἐπλήρωσαν,</em></strong></span> <span class='ocrx_word' id='word_1_150' title='bbox 855 1322 914 1371; x_wconf 66' lang='grc' dir='ltr'>ὧν</span> <span class='ocrx_word' id='word_1_151' title='bbox 942 1324 1154 1371; x_wconf 73' lang='grc' dir='ltr'><strong><em>αῧτόπται</em></strong></span> <span class='ocrx_word' id='word_1_152' title='bbox 1176 1328 1250 1372; x_wconf 79' lang='grc' dir='ltr'><em>καί</em></span> <span class='ocrx_word' id='word_1_153' title='bbox 1273 1329 1394 1385; x_wconf 75' lang='grc' dir='ltr'>ἡμεῖς</span> <span class='ocrx_word' id='word_1_154' title='bbox 1412 1330 1638 1384; x_wconf 81' lang='grc' dir='ltr'><strong><em>γεγόναμεν</em></strong></span> <span class='ocrx_word' id='word_1_155' title='bbox 1666 1330 1761 1371; x_wconf 73' lang='grc' dir='ltr'>ἑπι-</span> 
     </span>
     <span class='ocr_line' id='line_1_19' title="bbox 271 1391 1760 1454; baseline 0.001 -17"><span class='ocrx_word' id='word_1_156' title='bbox 271 1396 422 1450; x_wconf 81' lang='grc' dir='ltr'><strong><em>βάντες</em></strong></span> <span class='ocrx_word' id='word_1_157' title='bbox 454 1395 527 1438; x_wconf 75' lang='grc' dir='ltr'>ἐπὶ</span> <span class='ocrx_word' id='word_1_158' title='bbox 555 1391 648 1446; x_wconf 71' lang='grc' dir='ltr'>ἑνὸς</span> <span class='ocrx_word' id='word_1_159' title='bbox 689 1397 832 1438; x_wconf 70' lang='grc' dir='ltr'><strong><em>αὐτῶν</em></strong></span> <span class='ocrx_word' id='word_1_160' title='bbox 870 1395 951 1438; x_wconf 70' lang='grc' dir='ltr'>συν</span> <span class='ocrx_word' id='word_1_161' title='bbox 992 1398 1074 1439; x_wconf 85' lang='grc' dir='ltr'><strong><em>καί·</em></strong></span> <span class='ocrx_word' id='word_1_162' title='bbox 1091 1413 1204 1439; x_wconf 86' lang='grc' dir='ltr'><strong><em>τισιν</em></strong></span> <span class='ocrx_word' id='word_1_163' title='bbox 1234 1397 1452 1452; x_wconf 82' lang='grc' dir='ltr'><strong><em>ὃμηλίκοις</em></strong></span> <span class='ocrx_word' id='word_1_164' title='bbox 1481 1394 1527 1454; x_wconf 76' lang='grc' dir='ltr'>λ’,</span> <span class='ocrx_word' id='word_1_165' title='bbox 1557 1399 1630 1440; x_wconf 85' lang='grc' dir='ltr'>καί</span> <span class='ocrx_word' id='word_1_166' title='bbox 1658 1398 1760 1439; x_wconf 74' lang='grc' dir='ltr'><strong><em>παί-</em></strong></span> 
     </span>
     <span class='ocr_line' id='line_1_20' title="bbox 278 1459 1760 1520; baseline 0.002 -16"><span class='ocrx_word' id='word_1_167' title='bbox 278 1465 418 1515; x_wconf 77' lang='grc' dir='ltr'><strong><em>ζοντες</em></strong></span> <span class='ocrx_word' id='word_1_168' title='bbox 447 1462 590 1506; x_wconf 84' lang='grc' dir='ltr'><strong><em>ἑποίνω</em></strong></span> <span class='ocrx_word' id='word_1_169' title='bbox 622 1463 770 1506; x_wconf 71' lang='grc' dir='ltr'><strong><em>αὐτοῦ.</em></strong></span> <span class='ocrx_word' id='word_1_170' title='bbox 844 1459 961 1518; x_wconf 80' lang='grc' dir='ltr'><strong><em>εἶχον</em></strong></span> <span class='ocrx_word' id='word_1_171' title='bbox 995 1466 1044 1507; x_wconf 79' lang='grc' dir='ltr'>δὲ</span> <span class='ocrx_word' id='word_1_172' title='bbox 1072 1463 1145 1507; x_wconf 82' lang='grc' dir='ltr'><em>καί</em></span> <span class='ocrx_word' id='word_1_173' title='bbox 1174 1466 1262 1517; x_wconf 76' lang='grc' dir='ltr'>ζῶα</span> <span class='ocrx_word' id='word_1_174' title='bbox 1292 1461 1421 1520; x_wconf 71' lang='grc' dir='ltr'><strong><em>ἅγριοί</em></strong></span> <span class='ocrx_word' id='word_1_175' title='bbox 1447 1480 1491 1507; x_wconf 82' lang='grc' dir='ltr'>τε</span> <span class='ocrx_word' id='word_1_176' title='bbox 1522 1464 1596 1508; x_wconf 83' lang='grc' dir='ltr'><em>καί</em></span> <span class='ocrx_word' id='word_1_177' title='bbox 1622 1460 1760 1520; x_wconf 75' lang='grc' dir='ltr'><strong><em>ἥμερα</em></strong></span> 
     </span>
     <span class='ocr_line' id='line_1_21' title="bbox 231 1529 1755 1589; baseline -0.001 -17"><span class='ocrx_word' id='word_1_178' title='bbox 231 1532 504 1579; x_wconf 70' lang='grc' dir='ltr'><strong><em>Πτεθνεῶτα.</em></strong></span> <span class='ocrx_word' id='word_1_179' title='bbox 562 1532 646 1581; x_wconf 79' lang='grc' dir='ltr'>πᾶς</span> <span class='ocrx_word' id='word_1_180' title='bbox 676 1533 722 1573; x_wconf 68' lang='grc' dir='ltr'>δὲ</span> <span class='ocrx_word' id='word_1_181' title='bbox 751 1529 772 1572; x_wconf 81' lang='grc' dir='ltr'>ὅ</span> <span class='ocrx_word' id='word_1_182' title='bbox 808 1529 1069 1585; x_wconf 85' lang='grc' dir='ltr'><strong><em>βουλόμενος</em></strong></span> <span class='ocrx_word' id='word_1_183' title='bbox 1105 1530 1189 1574; x_wconf 71' lang='lat' dir='ltr'>vino</span> <span class='ocrx_word' id='word_1_184' title='bbox 1219 1534 1443 1589; x_wconf 77' lang='grc' dir='ltr'><strong><em>Σοφιανῶν</em></strong></span> <span class='ocrx_word' id='word_1_185' title='bbox 1467 1531 1546 1582; x_wconf 71' lang='grc' dir='ltr'>ἕως</span> <span class='ocrx_word' id='word_1_186' title='bbox 1575 1534 1649 1588; x_wconf 82' lang='grc' dir='ltr'>τῆς</span> <span class='ocrx_word' id='word_1_187' title='bbox 1680 1533 1755 1574; x_wconf 86' lang='grc' dir='ltr'>πό-</span> 
     </span>
     <span class='ocr_line' id='line_1_22' title="bbox 279 1597 1759 1656; baseline 0 -15"><span class='ocrx_word' id='word_1_188' title='bbox 279 1604 406 1656; x_wconf 80' lang='grc' dir='ltr'><strong><em>λεως,</em></strong></span> <span class='ocrx_word' id='word_1_189' title='bbox 449 1601 524 1642; x_wconf 82' lang='grc' dir='ltr'><em>καί</em></span> <span class='ocrx_word' id='word_1_190' title='bbox 554 1597 636 1641; x_wconf 81' lang='grc' dir='ltr'><strong><em>α’πὸ</em></strong></span> <span class='ocrx_word' id='word_1_191' title='bbox 669 1600 741 1656; x_wconf 70' lang='grc' dir='ltr'>τῆς</span> <span class='ocrx_word' id='word_1_192' title='bbox 777 1598 1094 1656; x_wconf 82' lang='grc' dir='ltr'><strong><em>Χρυσοπόλεως</em></strong></span> <span class='ocrx_word' id='word_1_193' title='bbox 1135 1601 1215 1650; x_wconf 76' lang='grc' dir='ltr'>ἕως</span> <span class='ocrx_word' id='word_1_194' title='bbox 1239 1602 1313 1643; x_wconf 81' lang='grc' dir='ltr'><strong><em>τοῦ</em></strong></span> <span class='ocrx_word' id='word_1_195' title='bbox 1352 1598 1472 1656; x_wconf 80' lang='grc' dir='ltr'><strong><em>ἆγίου</em></strong></span> <span class='ocrx_word' id='word_1_196' title='bbox 1503 1597 1759 1655; x_wconf 80' lang='grc' dir='ltr'><strong><em>Μάμαντος,</em></strong></span> 
     </span>
    </p>
   </div>
   <div class='ocr_carea' id='block_1_3' title="bbox 379 1736 1757 1835">
    <p class='ocr_par' dir='ltr' id='par_1_3' title="bbox 379 1736 1757 1835">
     <span class='ocr_line' id='line_1_23' title="bbox 383 1736 1757 1785; baseline -0.001 -13"><span class='ocrx_word' id='word_1_197' title='bbox 383 1739 435 1783; x_wconf 71' lang='grc'>14.</span> <span class='ocrx_word' id='word_1_198' title='bbox 462 1740 750 1784; x_wconf 73' lang='grc' dir='ltr'><strong><em>κατενεχθέντος</em></strong></span> <span class='ocrx_word' id='word_1_199' title='bbox 770 1737 809 1779; x_wconf 82' lang='grc' dir='ltr'>Α,</span> <span class='ocrx_word' id='word_1_200' title='bbox 828 1736 989 1783; x_wconf 74' lang='grc' dir='ltr'><strong><em>διενεχθ.</em></strong></span> <span class='ocrx_word' id='word_1_201' title='bbox 1014 1738 1112 1784; x_wconf 83' lang='lat' dir='ltr'><strong>vulg.</strong></span> <span class='ocrx_word' id='word_1_202' title='bbox 1216 1750 1267 1785; x_wconf 84' lang='lat'>¹7·</span> <span class='ocrx_word' id='word_1_203' title='bbox 1300 1740 1365 1774; x_wconf 82' lang='grc' dir='ltr'>καὶ</span> <span class='ocrx_word' id='word_1_204' title='bbox 1383 1737 1467 1772; x_wconf 86' lang='lat' dir='ltr'>add.</span> <span class='ocrx_word' id='word_1_205' title='bbox 1493 1749 1538 1772; x_wconf 85' lang='lat' dir='ltr'>ex</span> <span class='ocrx_word' id='word_1_206' title='bbox 1561 1738 1601 1772; x_wconf 82' lang='lat' dir='ltr'>A.</span> <span class='ocrx_word' id='word_1_207' title='bbox 1706 1739 1757 1771; x_wconf 81' lang='lat'>18.</span> 
     </span>
     <span class='ocr_line' id='line_1_24' title="bbox 379 1785 993 1835; baseline -0.007 -12"><span class='ocrx_word' id='word_1_208' title='bbox 379 1786 569 1835; x_wconf 76' lang='grc' dir='ltr'><strong><em>ὁμηλίκοις</em></strong></span> <span class='ocrx_word' id='word_1_209' title='bbox 595 1789 623 1820; x_wconf 78' lang='lat' dir='ltr'><strong>A</strong></span> <span class='ocrx_word' id='word_1_210' title='bbox 648 1786 674 1828; x_wconf 87' lang='lat' dir='ltr'>f,</span> <span class='ocrx_word' id='word_1_211' title='bbox 702 1785 872 1833; x_wconf 70' lang='grc' dir='ltr'><strong><em>ὁμήλιξιν</em></strong></span> <span class='ocrx_word' id='word_1_212' title='bbox 895 1787 993 1831; x_wconf 83' lang='lat' dir='ltr'>vulg.</span> 
     </span>
    </p>
   </div>
   <div class='ocr_carea' id='block_1_4' title="bbox 280 1901 1768 2816">
    <p class='ocr_par' dir='ltr' id='par_1_4' title="bbox 280 1901 1768 2816">
     <span class='ocr_line' id='line_1_25' title="bbox 281 1901 1762 1949; baseline -0.001 -13"><span class='ocrx_word' id='word_1_213' title='bbox 281 1902 438 1937; x_wconf 81' lang='lat' dir='ltr'><strong>trionem</strong></span> <span class='ocrx_word' id='word_1_214' title='bbox 463 1907 501 1936; x_wconf 85' lang='lat' dir='ltr'>et</span> <span class='ocrx_word' id='word_1_215' title='bbox 535 1901 734 1936; x_wconf 87' lang='lat' dir='ltr'>occidentis</span> <span class='ocrx_word' id='word_1_216' title='bbox 767 1902 908 1948; x_wconf 85' lang='lat' dir='ltr'>plagam</span> <span class='ocrx_word' id='word_1_217' title='bbox 944 1902 1133 1944; x_wconf 81' lang='lat' dir='ltr'>incubuit,</span> <span class='ocrx_word' id='word_1_218' title='bbox 1158 1902 1249 1937; x_wconf 81' lang='lat' dir='ltr'>adeo</span> <span class='ocrx_word' id='word_1_219' title='bbox 1287 1908 1329 1937; x_wconf 88' lang='lat' dir='ltr'>ut</span> <span class='ocrx_word' id='word_1_220' title='bbox 1352 1903 1391 1936; x_wconf 91' lang='lat' dir='ltr'>in</span> <span class='ocrx_word' id='word_1_221' title='bbox 1414 1902 1627 1936; x_wconf 79' lang='lat' dir='ltr'>borealibus</span> <span class='ocrx_word' id='word_1_222' title='bbox 1653 1902 1762 1949; x_wconf 85' lang='lat' dir='ltr'>ponti</span> 
     </span>
     <span class='ocr_line' id='line_1_26' title="bbox 281 1950 1763 1998; baseline -0.001 -14"><span class='ocrx_word' id='word_1_223' title='bbox 281 1951 470 1984; x_wconf 82' lang='lat' dir='ltr'><strong>maritimis</strong></span> <span class='ocrx_word' id='word_1_224' title='bbox 496 1962 593 1984; x_wconf 86' lang='lat' dir='ltr'>mare</span> <span class='ocrx_word' id='word_1_225' title='bbox 617 1950 663 1983; x_wconf 83' lang='lat' dir='ltr'>ad</span> <span class='ocrx_word' id='word_1_226' title='bbox 689 1956 835 1984; x_wconf 88' lang='lat' dir='ltr'>centum</span> <span class='ocrx_word' id='word_1_227' title='bbox 860 1950 978 1983; x_wconf 87' lang='lat' dir='ltr'>millia</span> <span class='ocrx_word' id='word_1_228' title='bbox 1012 1951 1049 1984; x_wconf 92' lang='lat' dir='ltr'>in</span> <span class='ocrx_word' id='word_1_229' title='bbox 1078 1951 1248 1996; x_wconf 84' lang='lat' dir='ltr'>longum,</span> <span class='ocrx_word' id='word_1_230' title='bbox 1277 1951 1315 1984; x_wconf 90' lang='lat' dir='ltr'>in</span> <span class='ocrx_word' id='word_1_231' title='bbox 1344 1951 1564 1998; x_wconf 89' lang='lat' dir='ltr'>profundum</span> <span class='ocrx_word' id='word_1_232' title='bbox 1589 1961 1676 1984; x_wconf 86' lang='lat' dir='ltr'>vero</span> <span class='ocrx_word' id='word_1_233' title='bbox 1698 1963 1763 1983; x_wconf 91' lang='lat' dir='ltr'>cu-</span> 
     </span>
     <span class='ocr_line' id='line_1_27' title="bbox 280 1998 1763 2045; baseline -0.001 -12"><span class='ocrx_word' id='word_1_234' title='bbox 280 2000 380 2033; x_wconf 89' lang='lat' dir='ltr'>bitus</span> <span class='ocrx_word' id='word_1_235' title='bbox 407 1999 556 2044; x_wconf 82' lang='lat' dir='ltr'>triginta</span> <span class='ocrx_word' id='word_1_236' title='bbox 582 2010 668 2045; x_wconf 84' lang='lat' dir='ltr'>prae</span> <span class='ocrx_word' id='word_1_237' title='bbox 695 1999 828 2044; x_wconf 83' lang='lat' dir='ltr'>frigore</span> <span class='ocrx_word' id='word_1_238' title='bbox 855 1999 894 2032; x_wconf 89' lang='lat' dir='ltr'>in</span> <span class='ocrx_word' id='word_1_239' title='bbox 911 1998 1044 2044; x_wconf 83' lang='lat' dir='ltr'>lapidis</span> <span class='ocrx_word' id='word_1_240' title='bbox 1073 1999 1243 2033; x_wconf 83' lang='lat' dir='ltr'>duritiem</span> <span class='ocrx_word' id='word_1_241' title='bbox 1267 2000 1502 2040; x_wconf 77' lang='lat' dir='ltr'>concreverit,</span> <span class='ocrx_word' id='word_1_242' title='bbox 1527 1998 1628 2045; x_wconf 88' lang='lat' dir='ltr'>quod</span> <span class='ocrx_word' id='word_1_243' title='bbox 1654 1999 1763 2032; x_wconf 82' lang='lat' dir='ltr'>etiam</span> 
     </span>
     <span class='ocr_line' id='line_1_28' title="bbox 281 2047 1765 2094; baseline 0.001 -14"><span class='ocrx_word' id='word_1_244' title='bbox 281 2049 321 2081; x_wconf 88' lang='lat' dir='ltr'>in</span> <span class='ocrx_word' id='word_1_245' title='bbox 348 2053 428 2081; x_wconf 90' lang='lat' dir='ltr'>toto</span> <span class='ocrx_word' id='word_1_246' title='bbox 461 2047 527 2080; x_wconf 91' lang='lat' dir='ltr'>illo</span> <span class='ocrx_word' id='word_1_247' title='bbox 565 2052 740 2080; x_wconf 81' lang='lat' dir='ltr'>terrarum</span> <span class='ocrx_word' id='word_1_248' title='bbox 768 2053 909 2087; x_wconf 82' lang='lat' dir='ltr'>tractu,</span> <span class='ocrx_word' id='word_1_249' title='bbox 949 2047 1012 2093; x_wconf 86' lang='lat' dir='ltr'>qui</span> <span class='ocrx_word' id='word_1_250' title='bbox 1048 2059 1068 2080; x_wconf 86' lang='lat' dir='ltr'>a</span> <span class='ocrx_word' id='word_1_251' title='bbox 1094 2047 1244 2081; x_wconf 76' lang='lat' dir='ltr'>Zecchia</span> <span class='ocrx_word' id='word_1_252' title='bbox 1281 2059 1394 2094; x_wconf 80' lang='lat' dir='ltr'>usque</span> <span class='ocrx_word' id='word_1_253' title='bbox 1421 2047 1467 2080; x_wconf 85' lang='lat' dir='ltr'>ad</span> <span class='ocrx_word' id='word_1_254' title='bbox 1491 2047 1697 2080; x_wconf 86' lang='lat' dir='ltr'>Danubium</span> <span class='ocrx_word' id='word_1_255' title='bbox 1726 2052 1765 2081; x_wconf 84' lang='lat' dir='ltr'>et</span> 
     </span>
     <span class='ocr_line' id='line_1_29' title="bbox 282 2094 1764 2142; baseline 0 -13"><span class='ocrx_word' id='word_1_256' title='bbox 282 2095 448 2141; x_wconf 79' lang='lat' dir='ltr'>Cuphem</span> <span class='ocrx_word' id='word_1_257' title='bbox 473 2095 623 2128; x_wconf 88' lang='lat' dir='ltr'>fluvium</span> <span class='ocrx_word' id='word_1_258' title='bbox 649 2100 686 2128; x_wconf 82' lang='lat' dir='ltr'>et</span> <span class='ocrx_word' id='word_1_259' title='bbox 717 2096 933 2129; x_wconf 82' lang='lat' dir='ltr'>Damastrim</span> <span class='ocrx_word' id='word_1_260' title='bbox 958 2100 995 2129; x_wconf 90' lang='lat' dir='ltr'>et</span> <span class='ocrx_word' id='word_1_261' title='bbox 1014 2095 1209 2142; x_wconf 76' lang='lat' dir='ltr'>Danapriin</span> <span class='ocrx_word' id='word_1_262' title='bbox 1235 2102 1273 2130; x_wconf 88' lang='lat' dir='ltr'>et</span> <span class='ocrx_word' id='word_1_263' title='bbox 1297 2094 1519 2141; x_wconf 80' lang='lat' dir='ltr'>Necropylas</span> <span class='ocrx_word' id='word_1_264' title='bbox 1560 2096 1764 2141; x_wconf 86' lang='lat' dir='ltr'>reliquum-—</span> 
     </span>
     <span class='ocr_line' id='line_1_30' title="bbox 283 2142 1764 2190; baseline 0 -14"><span class='ocrx_word' id='word_1_265' title='bbox 283 2154 356 2189; x_wconf 86' lang='lat' dir='ltr'>que</span> <span class='ocrx_word' id='word_1_266' title='bbox 382 2144 486 2177; x_wconf 79' lang='lat' dir='ltr'>littus</span> <span class='ocrx_word' id='word_1_267' title='bbox 519 2155 634 2190; x_wconf 89' lang='lat' dir='ltr'>usque</span> <span class='ocrx_word' id='word_1_268' title='bbox 659 2143 704 2176; x_wconf 84' lang='lat' dir='ltr'>ad</span> <span class='ocrx_word' id='word_1_269' title='bbox 731 2143 986 2178; x_wconf 88' lang='lat' dir='ltr'>Mesembriam</span> <span class='ocrx_word' id='word_1_270' title='bbox 1016 2149 1054 2177; x_wconf 86' lang='lat' dir='ltr'>et</span> <span class='ocrx_word' id='word_1_271' title='bbox 1077 2144 1235 2177; x_wconf 85' lang='lat' dir='ltr'>Mediam</span> <span class='ocrx_word' id='word_1_272' title='bbox 1262 2144 1466 2186; x_wconf 79' lang='lat' dir='ltr'>interiacet,</span> <span class='ocrx_word' id='word_1_273' title='bbox 1491 2142 1662 2177; x_wconf 83' lang='lat' dir='ltr'>obtinuit.</span> <span class='ocrx_word' id='word_1_274' title='bbox 1692 2143 1764 2177; x_wconf 83' lang='lat' dir='ltr'>hu·-</span> 
     </span>
     <span class='ocr_line' id='line_1_31' title="bbox 284 2191 1765 2238; baseline 0 -13"><span class='ocrx_word' id='word_1_275' title='bbox 284 2191 440 2226; x_wconf 90' lang='lat' dir='ltr'>iusmodi</span> <span class='ocrx_word' id='word_1_276' title='bbox 466 2203 551 2224; x_wconf 86' lang='lat' dir='ltr'>vero</span> <span class='ocrx_word' id='word_1_277' title='bbox 580 2192 712 2236; x_wconf 86' lang='lat' dir='ltr'>glacies</span> <span class='ocrx_word' id='word_1_278' title='bbox 753 2192 899 2237; x_wconf 90' lang='lat' dir='ltr'>copiosa</span> <span class='ocrx_word' id='word_1_279' title='bbox 938 2191 1072 2225; x_wconf 88' lang='lat' dir='ltr'>deinde</span> <span class='ocrx_word' id='word_1_280' title='bbox 1105 2193 1189 2225; x_wconf 89' lang='lat' dir='ltr'>nive</span> <span class='ocrx_word' id='word_1_281' title='bbox 1224 2199 1395 2238; x_wconf 83' lang='lat' dir='ltr'>cooperta</span> <span class='ocrx_word' id='word_1_282' title='bbox 1429 2191 1475 2225; x_wconf 84' lang='lat' dir='ltr'>ad</span> <span class='ocrx_word' id='word_1_283' title='bbox 1509 2192 1600 2225; x_wconf 83' lang='lat' dir='ltr'>alios</span> <span class='ocrx_word' id='word_1_284' title='bbox 1635 2192 1765 2237; x_wconf 78' lang='lat' dir='ltr'>viginti</span> 
     </span>
     <span class='ocr_line' id='line_1_32' title="bbox 284 2239 1764 2286; baseline -0.001 -12"><span class='ocrx_word' id='word_1_285' title='bbox 284 2239 429 2274; x_wconf 86' lang='lat' dir='ltr'>cubitos</span> <span class='ocrx_word' id='word_1_286' title='bbox 456 2241 637 2279; x_wconf 77' lang='lat' dir='ltr'>excrevit,</span> <span class='ocrx_word' id='word_1_287' title='bbox 673 2239 764 2273; x_wconf 89' lang='lat' dir='ltr'>adeo</span> <span class='ocrx_word' id='word_1_288' title='bbox 801 2245 842 2274; x_wconf 87' lang='lat' dir='ltr'>ut</span> <span class='ocrx_word' id='word_1_289' title='bbox 867 2251 966 2274; x_wconf 85' lang='lat' dir='ltr'>mare</span> <span class='ocrx_word' id='word_1_290' title='bbox 999 2239 1138 2274; x_wconf 85' lang='lat' dir='ltr'>solidae</span> <span class='ocrx_word' id='word_1_291' title='bbox 1158 2240 1362 2274; x_wconf 77' lang='lat' dir='ltr'>continenti</span> <span class='ocrx_word' id='word_1_292' title='bbox 1390 2251 1497 2286; x_wconf 82' lang='lat' dir='ltr'>quam</span> <span class='ocrx_word' id='word_1_293' title='bbox 1526 2240 1764 2280; x_wconf 84' lang='lat' dir='ltr'>simillimum,</span> 
     </span>
     <span class='ocr_line' id='line_1_33' title="bbox 284 2285 1765 2334; baseline -0.001 -12"><span class='ocrx_word' id='word_1_294' title='bbox 284 2287 332 2322; x_wconf 85' lang='lat' dir='ltr'>ad</span> <span class='ocrx_word' id='word_1_295' title='bbox 360 2285 567 2329; x_wconf 58' lang='lat' dir='ltr'>Chaziuriae,</span> <span class='ocrx_word' id='word_1_296' title='bbox 614 2287 813 2331; x_wconf 80' lang='lat' dir='ltr'>Bulgariae‚</span> <span class='ocrx_word' id='word_1_297' title='bbox 853 2294 1150 2334; x_wconf 85' lang='lat' dir='ltr'>caeterarumque</span> <span class='ocrx_word' id='word_1_298' title='bbox 1188 2288 1376 2321; x_wconf 89' lang='lat' dir='ltr'>nationum</span> <span class='ocrx_word' id='word_1_299' title='bbox 1403 2288 1646 2322; x_wconf 88' lang='lat' dir='ltr'>adiacentium</span> <span class='ocrx_word' id='word_1_300' title='bbox 1675 2288 1765 2322; x_wconf 85' lang='lat' dir='ltr'>fines</span> 
     </span>
     <span class='ocr_line' id='line_1_34' title="bbox 282 2334 1768 2383; baseline -0.001 -13"><span class='ocrx_word' id='word_1_301' title='bbox 282 2342 404 2370; x_wconf 84' lang='lat' dir='ltr'>tutum</span> <span class='ocrx_word' id='word_1_302' title='bbox 434 2336 504 2368; x_wconf 86' lang='lat' dir='ltr'>iter</span> <span class='ocrx_word' id='word_1_303' title='bbox 529 2334 718 2368; x_wconf 86' lang='lat' dir='ltr'>hominum</span> <span class='ocrx_word' id='word_1_304' title='bbox 744 2336 1028 2381; x_wconf 83' lang='lat' dir='ltr'>animaliumque</span> <span class='ocrx_word' id='word_1_305' title='bbox 1057 2348 1168 2383; x_wconf 87' lang='lat' dir='ltr'>quum</span> <span class='ocrx_word' id='word_1_306' title='bbox 1194 2336 1411 2369; x_wconf 85' lang='lat' dir='ltr'>silvestrium</span> <span class='ocrx_word' id='word_1_307' title='bbox 1440 2342 1516 2371; x_wconf 82' lang='lat' dir='ltr'>tum</span> <span class='ocrx_word' id='word_1_308' title='bbox 1543 2337 1768 2370; x_wconf 74' lang='lat' dir='ltr'>domestico-</span> 
     </span>
     <span class='ocr_line' id='line_1_35' title="bbox 285 2382 1767 2430; baseline -0.001 -12"><span class='ocrx_word' id='word_1_309' title='bbox 285 2397 363 2418; x_wconf 85' lang='lat' dir='ltr'>rum</span> <span class='ocrx_word' id='word_1_310' title='bbox 388 2382 545 2430; x_wconf 86' lang='lat' dir='ltr'>pedibus</span> <span class='ocrx_word' id='word_1_311' title='bbox 570 2383 793 2429; x_wconf 84' lang='lat' dir='ltr'>praebuerit.</span> <span class='ocrx_word' id='word_1_312' title='bbox 858 2383 1071 2418; x_wconf 84' lang='lat' dir='ltr'>indictionis</span> <span class='ocrx_word' id='word_1_313' title='bbox 1098 2389 1218 2417; x_wconf 83' lang='lat' dir='ltr'>autem</span> <span class='ocrx_word' id='word_1_314' title='bbox 1246 2383 1427 2418; x_wconf 80' lang='lat' dir='ltr'>secundae</span> <span class='ocrx_word' id='word_1_315' title='bbox 1453 2395 1578 2419; x_wconf 87' lang='lat' dir='ltr'>mense</span> <span class='ocrx_word' id='word_1_316' title='bbox 1605 2384 1767 2418; x_wconf 83' lang='lat' dir='ltr'>Februa-</span> 
     </span>
     <span class='ocr_line' id='line_1_36' title="bbox 285 2431 1767 2477; baseline -0.001 -11"><span class='ocrx_word' id='word_1_317' title='bbox 285 2434 339 2466; x_wconf 83' lang='lat' dir='ltr'>rio</span> <span class='ocrx_word' id='word_1_318' title='bbox 356 2458 365 2474; x_wconf 93' lang='lat'>,</span> <span class='ocrx_word' id='word_1_319' title='bbox 390 2432 538 2477; x_wconf 62' lang='lat' dir='ltr'>glacies</span> <span class='ocrx_word' id='word_1_320' title='bbox 571 2431 783 2464; x_wconf 88' lang='lat' dir='ltr'>huiusmodi</span> <span class='ocrx_word' id='word_1_321' title='bbox 823 2431 882 2464; x_wconf 82' lang='lat' dir='ltr'>dei</span> <span class='ocrx_word' id='word_1_322' title='bbox 908 2433 1007 2465; x_wconf 91' lang='lat' dir='ltr'>iussu</span> <span class='ocrx_word' id='word_1_323' title='bbox 1042 2432 1082 2466; x_wconf 87' lang='lat' dir='ltr'>in</span> <span class='ocrx_word' id='word_1_324' title='bbox 1113 2433 1228 2466; x_wconf 86' lang='lat' dir='ltr'>multa</span> <span class='ocrx_word' id='word_1_325' title='bbox 1264 2443 1304 2466; x_wconf 82' lang='lat' dir='ltr'>ac</span> <span class='ocrx_word' id='word_1_326' title='bbox 1326 2434 1427 2467; x_wconf 84' lang='lat' dir='ltr'>varia</span> <span class='ocrx_word' id='word_1_327' title='bbox 1452 2433 1566 2467; x_wconf 84' lang='lat' dir='ltr'>frusta</span> <span class='ocrx_word' id='word_1_328' title='bbox 1589 2434 1767 2466; x_wconf 88' lang='lat' dir='ltr'>montium</span> 
     </span>
     <span class='ocr_line' id='line_1_37' title="bbox 285 2479 1768 2527; baseline -0.001 -13"><span class='ocrx_word' id='word_1_329' title='bbox 285 2480 442 2526; x_wconf 87' lang='lat' dir='ltr'>speciem</span> <span class='ocrx_word' id='word_1_330' title='bbox 470 2480 667 2514; x_wconf 86' lang='lat' dir='ltr'>referentia</span> <span class='ocrx_word' id='word_1_331' title='bbox 693 2479 857 2524; x_wconf 82' lang='lat' dir='ltr'>disrupta</span> <span class='ocrx_word' id='word_1_332' title='bbox 885 2485 952 2521; x_wconf 86' lang='lat' dir='ltr'>est,</span> <span class='ocrx_word' id='word_1_333' title='bbox 983 2491 1077 2526; x_wconf 83' lang='lat' dir='ltr'>quae</span> <span class='ocrx_word' id='word_1_334' title='bbox 1102 2486 1294 2514; x_wconf 87' lang='lat' dir='ltr'>ventorum</span> <span class='ocrx_word' id='word_1_335' title='bbox 1322 2482 1357 2515; x_wconf 87' lang='lat' dir='ltr'>vi</span> <span class='ocrx_word' id='word_1_336' title='bbox 1385 2480 1431 2514; x_wconf 81' lang='lat' dir='ltr'>ad</span> <span class='ocrx_word' id='word_1_337' title='bbox 1456 2480 1704 2527; x_wconf 88' lang='lat' dir='ltr'>Daphnusiam</span> <span class='ocrx_word' id='word_1_338' title='bbox 1731 2486 1768 2514; x_wconf 85' lang='lat' dir='ltr'>et</span> 
     </span>
     <span class='ocr_line' id='line_1_38' title="bbox 285 2526 1767 2574; baseline -0.001 -11"><span class='ocrx_word' id='word_1_339' title='bbox 285 2529 434 2563; x_wconf 86' lang='lat' dir='ltr'>Hierum</span> <span class='ocrx_word' id='word_1_340' title='bbox 463 2528 607 2569; x_wconf 83' lang='lat' dir='ltr'>delata,</span> <span class='ocrx_word' id='word_1_341' title='bbox 633 2526 719 2560; x_wconf 86' lang='lat' dir='ltr'>inde</span> <span class='ocrx_word' id='word_1_342' title='bbox 747 2539 813 2573; x_wconf 89' lang='lat' dir='ltr'>per</span> <span class='ocrx_word' id='word_1_343' title='bbox 836 2528 939 2573; x_wconf 85' lang='lat' dir='ltr'>ponti</span> <span class='ocrx_word' id='word_1_344' title='bbox 967 2527 1091 2562; x_wconf 83' lang='lat' dir='ltr'>fauces</span> <span class='ocrx_word' id='word_1_345' title='bbox 1116 2529 1154 2562; x_wconf 91' lang='lat' dir='ltr'>in</span> <span class='ocrx_word' id='word_1_346' title='bbox 1175 2528 1302 2562; x_wconf 85' lang='lat' dir='ltr'>urbem</span> <span class='ocrx_word' id='word_1_347' title='bbox 1326 2528 1447 2562; x_wconf 79' lang='lat' dir='ltr'>delata</span> <span class='ocrx_word' id='word_1_348' title='bbox 1474 2534 1511 2563; x_wconf 86' lang='lat' dir='ltr'>et</span> <span class='ocrx_word' id='word_1_349' title='bbox 1533 2528 1578 2562; x_wconf 84' lang='lat' dir='ltr'>ad</span> <span class='ocrx_word' id='word_1_350' title='bbox 1603 2529 1767 2574; x_wconf 88' lang='lat' dir='ltr'>Propon-</span> 
     </span>
     <span class='ocr_line' id='line_1_39' title="bbox 286 2575 1767 2619; baseline -0.001 -9"><span class='ocrx_word' id='word_1_351' title='bbox 286 2576 373 2611; x_wconf 87' lang='lat' dir='ltr'>tidis</span> <span class='ocrx_word' id='word_1_352' title='bbox 401 2578 595 2618; x_wconf 86' lang='lat' dir='ltr'>terminos,</span> <span class='ocrx_word' id='word_1_353' title='bbox 637 2576 836 2609; x_wconf 84' lang='lat' dir='ltr'>insularum</span> <span class='ocrx_word' id='word_1_354' title='bbox 870 2581 907 2608; x_wconf 89' lang='lat' dir='ltr'>et</span> <span class='ocrx_word' id='word_1_355' title='bbox 936 2575 1057 2619; x_wconf 87' lang='lat' dir='ltr'>Abydi</span> <span class='ocrx_word' id='word_1_356' title='bbox 1092 2577 1291 2610; x_wconf 84' lang='lat' dir='ltr'>maritimas</span> <span class='ocrx_word' id='word_1_357' title='bbox 1323 2588 1447 2611; x_wconf 87' lang='lat' dir='ltr'>omnes</span> <span class='ocrx_word' id='word_1_358' title='bbox 1475 2588 1568 2618; x_wconf 84' lang='lat' dir='ltr'>oras,</span> <span class='ocrx_word' id='word_1_359' title='bbox 1594 2578 1697 2610; x_wconf 88' lang='lat' dir='ltr'>cuius</span> <span class='ocrx_word' id='word_1_360' title='bbox 1722 2576 1767 2609; x_wconf 89' lang='lat' dir='ltr'>de</span> 
     </span>
     <span class='ocr_line' id='line_1_40' title="bbox 286 2624 1765 2671; baseline -0.001 -13"><span class='ocrx_word' id='word_1_361' title='bbox 286 2626 368 2659; x_wconf 85' lang='lat' dir='ltr'>visu</span> <span class='ocrx_word' id='word_1_362' title='bbox 393 2630 502 2658; x_wconf 85' lang='lat' dir='ltr'>testes</span> <span class='ocrx_word' id='word_1_363' title='bbox 540 2624 748 2664; x_wconf 82' lang='lat' dir='ltr'>extitimus,</span> <span class='ocrx_word' id='word_1_364' title='bbox 790 2624 968 2668; x_wconf 86' lang='lat' dir='ltr'>implevit.</span> <span class='ocrx_word' id='word_1_365' title='bbox 1019 2625 1057 2658; x_wconf 86' lang='lat' dir='ltr'>in</span> <span class='ocrx_word' id='word_1_366' title='bbox 1094 2636 1205 2658; x_wconf 88' lang='lat' dir='ltr'>unum</span> <span class='ocrx_word' id='word_1_367' title='bbox 1232 2626 1370 2671; x_wconf 82' lang='lat' dir='ltr'>quippe</span> <span class='ocrx_word' id='word_1_368' title='bbox 1400 2625 1500 2659; x_wconf 89' lang='lat' dir='ltr'>illius</span> <span class='ocrx_word' id='word_1_369' title='bbox 1529 2625 1765 2669; x_wconf 85' lang='lat' dir='ltr'>fragmentum</span> 
     </span>
     <span class='ocr_line' id='line_1_41' title="bbox 290 2670 1768 2719; baseline 0 -14"><span class='ocrx_word' id='word_1_370' title='bbox 290 2673 393 2719; x_wconf 86' lang='lat' dir='ltr'>quasi</span> <span class='ocrx_word' id='word_1_371' title='bbox 419 2673 567 2718; x_wconf 84' lang='lat' dir='ltr'>triginta</span> <span class='ocrx_word' id='word_1_372' title='bbox 603 2673 733 2706; x_wconf 88' lang='lat' dir='ltr'>aetatis</span> <span class='ocrx_word' id='word_1_373' title='bbox 772 2670 936 2706; x_wconf 84' lang='lat' dir='ltr'>eiusdem</span> <span class='ocrx_word' id='word_1_374' title='bbox 964 2672 1114 2706; x_wconf 88' lang='lat' dir='ltr'>iuvenes</span> <span class='ocrx_word' id='word_1_375' title='bbox 1149 2673 1344 2707; x_wconf 84' lang='lat' dir='ltr'>ludibundi</span> <span class='ocrx_word' id='word_1_376' title='bbox 1374 2672 1612 2706; x_wconf 82' lang='lat' dir='ltr'>ascendimus.</span> <span class='ocrx_word' id='word_1_377' title='bbox 1664 2678 1768 2706; x_wconf 81' lang='lat' dir='ltr'>erant</span> 
     </span>
     <span class='ocr_line' id='line_1_42' title="bbox 291 2719 1767 2766; baseline -0.001 -13"><span class='ocrx_word' id='word_1_378' title='bbox 291 2727 411 2754; x_wconf 88' lang='lat' dir='ltr'>autem</span> <span class='ocrx_word' id='word_1_379' title='bbox 438 2722 475 2754; x_wconf 92' lang='lat' dir='ltr'>in</span> <span class='ocrx_word' id='word_1_380' title='bbox 502 2721 710 2765; x_wconf 79' lang='lat' dir='ltr'>fragmentis</span> <span class='ocrx_word' id='word_1_381' title='bbox 747 2719 826 2753; x_wconf 89' lang='lat' dir='ltr'>istis</span> <span class='ocrx_word' id='word_1_382' title='bbox 853 2726 1023 2764; x_wconf 78' lang='lat' dir='ltr'>congesta</span> <span class='ocrx_word' id='word_1_383' title='bbox 1059 2721 1216 2755; x_wconf 78' lang='lat' dir='ltr'>ferarum</span> <span class='ocrx_word' id='word_1_384' title='bbox 1244 2722 1598 2766; x_wconf 83' lang='lat' dir='ltr'>domesticorumque</span> <span class='ocrx_word' id='word_1_385' title='bbox 1626 2721 1767 2754; x_wconf 84' lang='lat' dir='ltr'>anima-</span> 
     </span>
     <span class='ocr_line' id='line_1_43' title="bbox 291 2768 1767 2816; baseline -0.001 -15"><span class='ocrx_word' id='word_1_386' title='bbox 291 2769 379 2802; x_wconf 88' lang='lat' dir='ltr'>lium</span> <span class='ocrx_word' id='word_1_387' title='bbox 405 2768 589 2804; x_wconf 80' lang='lat' dir='ltr'>cadavera.</span> <span class='ocrx_word' id='word_1_388' title='bbox 651 2780 671 2802; x_wconf 83' lang='lat' dir='ltr'>a</span> <span class='ocrx_word' id='word_1_389' title='bbox 708 2768 975 2814; x_wconf 84' lang='lat' dir='ltr'>Sophianornm</span> <span class='ocrx_word' id='word_1_390' title='bbox 1015 2780 1104 2803; x_wconf 78' lang='lat' dir='ltr'>sane</span> <span class='ocrx_word' id='word_1_391' title='bbox 1144 2775 1251 2816; x_wconf 86' lang='lat' dir='ltr'>portu</span> <span class='ocrx_word' id='word_1_392' title='bbox 1287 2769 1332 2803; x_wconf 86' lang='lat' dir='ltr'>ad</span> <span class='ocrx_word' id='word_1_393' title='bbox 1367 2769 1491 2803; x_wconf 85' lang='lat' dir='ltr'>urbem</span> <span class='ocrx_word' id='word_1_394' title='bbox 1532 2780 1660 2815; x_wconf 87' lang='lat' dir='ltr'>usque,</span> <span class='ocrx_word' id='word_1_395' title='bbox 1687 2774 1724 2802; x_wconf 82' lang='lat' dir='ltr'>et</span> <span class='ocrx_word' id='word_1_396' title='bbox 1748 2779 1767 2800; x_wconf 79' lang='lat' dir='ltr'>a</span> 
     </span>
    </p>
   </div>
  </div>
 </body>
</html>
