1768 3106
281 163 308 217 7
328 142 394 197 16
846 159 1197 204 'rnssommms

137 266 494 312 Ρ.39οσταντῖνος
536 260 817 318 ἐστράτευσέν
855 278 900 305 τε
942 265 1016 305 καί
1051 261 1322 305 ἐπαίδευσεν.
1400 261 1474 303 καί
1508 262 1758 317 πλασαμένη

273 346 334 379 ως
364 328 653 385 φοσσατεύειν
682 332 825 383 μέλλει
854 331 927 373 ἐπὶ
944 330 997 372 τὰ
1018 328 1249 373 ἀνατολικὰ
1278 330 1401 411 μέρη,
1432 326 1490 395 ὥς
1516 330 1602 372 τῶν
1629 327 1758 384 Ἀρά-

271 400 360 452 βων
388 395 658 454 ἐξελθόντων,
675 400 830 451 ἐξῆλθε
856 399 973 440 πᾶσα
1002 398 1028 453 ἡ
1056 394 1254 453 βασιλικὴ
1275 396 1491 452 ὖπουργια
1509 395 1584 439 καὶ
1602 393 1627 452 ἧ
1660 394 1759 452 κόρ-

269 481 336 516 τις
366 464 446 515 ἕως
475 481 560 508 των
594 468 871 520 Μαλαγιᾛνων
929 464 1004 508 καί
1032 464 1292 514 εἰσελθόντες
1322 463 1361 507 οἱ
1393 466 1478 508 τῶν
1502 453 1590 518 ἔξω
1619 464 1759 519 θεμά-

269 549 377 589 των,
409 530 648 587 ἐκράτησαν
677 532 751 588 τήν
769 530 908 576 πόλιν.
968 533 1263 576 ἀποστείλασα
1293 534 1341 575 δὲ
1357 532 1465 590 πρὸς
1492 531 1650 583 αιῖτούς
1680 534 1753 588 δη·

271 605 342 643 λοῖ
367 602 524 657 αὐτοῖς,
555 598 619 642 ὅτι
652 603 852 655 πέμψατέ
879 617 954 654 μοι
982 599 1037 644 τοὶ
1069 596 1246 654 ἅρματα
1275 597 1411 657 ὖμῶν,
1454 603 1607 656 χρείαν
1634 600 1758 654 ὑμῶν

270 667 350 710 οὐκ
377 667 482 723 ἔχω.
544 666 586 710 οἶ
616 669 663 711 δὲ
693 668 775 711 ὑπὸ
802 672 910 711 θεοῦ
927 670 1261 724 ματαιωθέντες,
1289 665 1453 710 ἔδωκαν
1482 667 1606 711 αὐτά.
1663 667 1759 710 τότε

267 738 465 790 βαλοῦσα
505 734 583 785 τὰς
628 738 840 792 φαμιλιάς
876 738 1021 779 αὐτῶν
1065 738 1112 779 έν
1151 737 1342 789 πλοίοις,
1369 733 1568 791 ἐξώρισεν
1598 733 1760 783 αιῖτούς

266 805 340 858 τῆς
367 800 543 859 πόλεως,
573 803 810 847 κελεύσασα
835 807 882 848 ἐν
912 806 964 863 τῇ
989 803 1079 863 ἰδίᾳ
1115 800 1240 862 χώρᾳ
1267 804 1446 847 ἕκαστον
1474 803 1689 859 ἀπελθεῖν,
1711 803 1758 845 ἐν

269 866 295 928 ᾗ
326 868 542 927 ἐγεννήθη.
620 874 694 914 καί
717 870 934 928 ποιήσασα
965 870 1150 927 στρατὸν
1177 868 1288 914 ἴδιον
1319 873 1395 914 καί
1425 866 1640 927 ἄρχοντας
1668 885 1761 912 πει-

232 941 448 995 Βθηνίους
478 936 603 998 αὐτῇ,
633 941 692 998 τῷ
723 941 860 998 Μαΐῳ
889 942 994 997 μηνί
1021 938 1152 983 πάλιν
1184 939 1478 982 ἅποστείλασα
1511 937 1618 982 κατὰ
1650 954 1759 980 παν-

274 1007 348 1058 τὸς
375 1007 509 1050 τόπου
545 1010 892 1062 προσεκαλέσατο
933 1007 1037 1058 τούς
1072 1005 1328 1057 ἐπισκόπους
1360 1007 1680 1063 παραγενέσθαι
1715 1008 1762 1049 έν

270 1077 323 1133 τῇ
353 1077 551 1119 Νικαέων
592 1074 713 1118 πόλει
742 1078 818 1131 τῆς
859 1075 1084 1131 Βιθυνίας,
1122 1075 1230 1129 πρὸς
1261 1073 1306 1117 τὸ
1340 1078 1432 1118 έκεῑ·
1451 1077 1651 1130 γενέσθαι
1683 1072 1761 1130 την

269 1143 466 1186 σύνοδον.
536 1144 610 1186 καί
637 1142 709 1186 διὰ
740 1146 820 1186 τοῦ
845 1146 1120 1199 καλοκαιριόυ
1162 1139 1265 1186 ὅλου
1295 1142 1576 1200 συνήχθησαν
1607 1142 1761 1192 πάντες

270 1213 318 1252 έν
352 1212 532 1269 Νικαίᾳ.
590 1212 665 1268 τῆς
693 1213 741 1255 δὲ
765 1211 932 1267 Ῥώμης
948 1213 1022 1255 καί
1044 1209 1323 1262 οἶνατολικούς
1350 1212 1396 1254 ὲκ
1418 1210 1649 1268 προσώπου
1680 1210 1758 1252 ov‘n

271 1272 325 1332 ἦν
367 1279 644 1335 ἀπολύσασα,
675 1281 770 1322 ἀλλ’
817 1275 931 1335 εἶχεν
970 1279 1145 1330 αὐτούς.
1213 1281 1268 1337 τῇ
1310 1280 1359 1322 δὲ
1388 1278 1428 1322 3·
1458 1281 1537 1322 τοῦ
1565 1281 1758 1332 Σεπτεμ-

271 1348 396 1400 βρίου
425 1344 559 1402 μηνός
582 1349 657 1402 τῆς
690 1346 745 1390 ια’
774 1349 1035 1398 ι’νδικτιῶνος
1077 1347 1218 1405 ἡμέρᾳ
1247 1349 1441 1404 κυριακῇ,
1472 1345 1663 1400 ἔκλειψις
1689 1348 1760 1400 γέ.

269 1428 389 1467 γονεν
419 1414 558 1470 ἡλίου,
587 1412 678 1474 ὥρᾳ
707 1413 738 1457 ε’
764 1416 838 1472 τῆς
865 1415 1044 1472 ἠμέρας,
1075 1417 1151 1472 τῆς
1180 1414 1302 1466 θείας
1320 1418 1584 1473 λειτουργίας
1615 1416 1761 1457 ἐπιτε-

269 1483 490 1538 λουμένης,
523 1485 720 1539 μεγίστη.

59 1556 257 1592 A.M.G280
390 1547 538 1608 Τούτῳ
564 1552 623 1608 τῷ
660 1548 744 1594 ἔτει
779 1552 959 1606 ἐξῆλθεν
997 1550 1213 1607 Ταράσιος
1245 1548 1267 1594 ὁ
1296 1548 1531 1606 ἆγιώτατος
1561 1549 1758 1606 ιῖρχιεπί-

230 1620 425 1668 canonos
456 1617 951 1670 Κωνσταντινουπόλεως
981 1619 1026 1661 ἐν
1055 1620 1109 1677 τῇ
1138 1621 1338 1662 Νικαέων
1367 1618 1512 1662 πόλει·
1540 1617 1614 1662 καὶ
1642 1619 1760 1675 ἐκρο-

369 1766 403 1789 2
431 1754 484 1796 ὥς
509 1766 677 1804 ῳοσσατ
713 1757 837 1813 μέλλει
864 1756 919 1799 Α,
959 1767 1110 1805 φωσατ.
1144 1756 1294 1815 μέλλειν
1316 1756 1415 1802 vulg.
1561 1754 1637 1791 τῶν
1673 1754 1757 1789 add.

367 1815 414 1838 ex
438 1806 479 1839 A.
601 1805 635 1839 3.
660 1802 833 1850 βασιλικὴ
861 1782 945 1839 ad'd.
973 1817 1018 1840 ex
1041 1805 1083 1839 A.
1204 1804 1319 1852 κόρτη
1343 1806 1384 1839 Α.
1521 1805 1556 1839 6.
1581 1806 1760 1852 πέμψατέ

370 1865 440 1901 μοι
466 1853 508 1895 Α,
536 1852 786 1902 πεμψάμενοι
810 1853 908 1899 vulg.
1026 1863 1084 1888 20.
1115 1851 1263 1900 ἀρχιεπ.
1288 1854 1339 1896 A,
1363 1853 1486 1889 ἐπισκ.
1511 1852 1608 1898 vulg.

274 1986 397 2027 partes
436 1980 657 2022 orientales,
695 1980 798 2027 quasi
827 1979 1008 2014 Arabibus
1047 1980 1137 2013 illuc
1169 1979 1481 2026 irrumpentibus,
1515 1978 1760 2024 profectione,

275 2030 392 2063 omnis
418 2029 671 2075 imperatorius
699 2034 892 2075 apparatus
917 2034 955 2062 et
982 2029 1174 2061 comitatus
1204 2039 1320 2074 usque
1346 2027 1393 2061 ad
1406 2027 1590 2072 Malagina
1613 2038 1760 2072 proces—

275 2077 335 2111 sit.
385 2077 511 2123 itaque
537 2076 665 2123 copiae
687 2076 778 2111 istae
799 2076 888 2110 foris
906 2076 1145 2110 advenientes
1169 2075 1322 2110 urbem'
1312 2086 1506 2121 mgressae,
1525 2086 1602 2108 eam
1628 2076 1667 2108 in
1690 2086 1763 2121 po..

275 2129 447 2158 testatem
474 2136 572 2158 suam
600 2125 743 2159 misere.
793 2130 869 2158 tum
900 2135 986 2158 vero
1011 2124 1224 2170 imperatrix
1248 2123 1523 2158 adversantibus
1548 2123 1663 2169 copiis
1694 2134 1759 2168 per

275 2173 430 2206 nuncios
468 2173 666 2217 significan
705 2173 814 2206 armis
848 2172 1026 2219 depositis
1064 2178 1101 2206 et
1129 2171 1176 2205 ad
1208 2182 1266 2205 me
1305 2171 1474 2213 remissis,
1505 2182 1617 2217 opera
1641 2177 1760 2205 vestra

276 2233 334 2254 me
360 2231 437 2254 non
465 2220 630 2265 indigere
663 2221 852 2255 noveritis.
914 2220 970 2254 illi
1003 2220 1106 2255 velut
1131 2231 1151 2253 a
1183 2219 1252 2254 deo
1282 2219 1446 2254 sensibus
1474 2219 1636 2260 alienati,
1663 2230 1760 2252 arma

221 2309 225 2313 .
278 2269 495 2314 deposuere.
521 2274 598 2302 tum
623 2269 804 2314 impositis
828 2269 867 2302 in
893 2280 1002 2302 naves
1031 2280 1154 2302 eorum
1180 2268 1343 2309 familiis,
1367 2267 1458 2301 urbe
1480 2272 1653 2308 extorres,
1681 2267 1760 2300 sin-

278 2318 383 2362 gulos
411 2317 449 2350 in
473 2316 710 2363 provinciam,
742 2327 787 2350 ex
822 2328 893 2363 qua
938 2317 976 2350 in
1004 2317 1122 2350 lucem
1152 2315 1269 2349 editus
1298 2315 1506 2361 prodierat,
1532 2326 1571 2349 se
1597 2314 1760 2361 recipere

277 2367 394 2399 iussit.
445 2369 573 2410 parato
598 2363 744 2398 demum
769 2364 843 2397 alio
867 2365 1068 2398 satellitum
1094 2364 1255 2398 exercitu
1278 2370 1316 2398 et
1341 2364 1467 2398 electis
1501 2363 1668 2404 ducibus,
1694 2363 1761 2409 qui

277 2413 350 2447 sibi
378 2423 514 2446 morem
543 2417 720 2457 gererent,
749 2412 828 2457 ipsa
855 2413 986 2446 iterum
1013 2423 1139 2446 mense
1163 2412 1262 2445 Maio
1288 2423 1355 2457 per
1374 2423 1498 2447 omnes
1526 2411 1671 2457 imperii
1700 2422 1760 2444 re-

277 2463 403 2506 giones
429 2461 538 2502 misit,
560 2460 622 2506 qui
649 2460 834 2494 universos
859 2461 1050 2506 episcopos
1074 2459 1463 2505 Nicaeam,Bithyniae
1491 2458 1632 2500 urbem,
1658 2464 1700 2492 ut
1721 2460 1761 2494 in

277 2522 321 2543 ea
350 2509 544 2543 concilium
571 2508 780 2549 haberetur,
816 2513 1067 2542 convocarent.
1127 2513 1206 2541 tota
1232 2509 1356 2554 itaque
1383 2509 1519 2542 aestiva
1543 2512 1760 2553 tempestate

278 2558 448 2592 Nicaeam
474 2557 636 2603 episcopi
661 2567 785 2590 omnes
809 2567 1024 2597 convenere,
1051 2566 1172 2602 neque
1197 2567 1281 2590 vero
1309 2567 1383 2598 eos,
1409 2557 1472 2603 qui
1491 2557 1673 2590 Romanae
1699 2567 1762 2588 se·-

280 2605 337 2639 dis
362 2611 398 2639 et
441 2605 674 2639 orientalium
712 2604 926 2638 thronorum
966 2615 1157 2649 personam
1195 2604 1415 2647 referebant,
1441 2604 1640 2645 dimiserat,
1669 2604 1761 2649 quin

280 2654 390 2687 immo
417 2652 536 2687 adhuc
564 2651 715 2686 tenebat
738 2664 851 2699 penes
876 2664 926 2685 se.
958 2657 1141 2686 caeterum
1167 2653 1299 2686 mensis
1314 2652 1536 2699 Septembris
1563 2651 1622 2685 die
1649 2663 1760 2692 nono,

280 2701 484 2736 indictione
514 2700 717 2742 undecima,
750 2700 810 2734 die
840 2699 1034 2740 dominico,
1073 2700 1161 2734 hora
1187 2700 1259 2733 diei
1288 2702 1427 2747 quinta,
1454 2700 1648 2735 celebratis
1672 2700 1760 2733 mis·

284 2762 402 2785 sarum
428 2749 673 2790 solemnibus,
708 2749 835 2793 ingens
861 2748 948 2782 solis
975 2749 1133 2782 defectio
1160 2749 1293 2782 extitit.

95 2797 133 2832 A.
147 2796 185 2831 C.
203 2799 270 2843 780
380 2797 458 2832 lloc
483 2809 579 2833 anno
605 2797 848 2833 sanctissimus
864 2797 1021 2844 Cpoleos
1047 2797 1239 2846 episcopus
1255 2796 1424 2833 'rarasius
1442 2796 1612 2832 Nicaeam
1636 2794 1762 2830 urbem
