1768 3106
252 121 371 179 650
819 141 1167 186 THEOPHANJS

122 244 445 299 Ρ.354περιθει”ς
473 243 699 295 α’πέπνιξεν
730 238 886 301 αὖτόν,
935 247 1106 288 δικαίαν
1134 244 1334 302 ἑφευριόν
1361 246 1422 304 τῷ
1450 244 1568 302 γόητι
1600 261 1732 301 τιμω-

250 314 363 364 ρίαν.
439 310 595 369 μαγείᾳ
646 313 730 368 γὰρ
781 314 857 355 καί
905 311 1123 367 δαιμόνων
1167 312 1412 368 ἐπικλήσεσι
1452 311 1585 356 πολλοὶ
1626 312 1730 356 κατὰ

247 380 526 435 Χριστιανῶν
567 377 676 423 κακὰ
716 377 976 436 ἐτεκτήνατο.
1036 375 1159 431 οὗτος
1198 382 1272 423 καί
1297 381 1357 440 τῷ
1385 383 1532 442 αἵματι
1568 382 1733 425 Ουάλίδ

248 445 539 503 ἐκοινώνησεν.
975 456 977 458 ’

33 520 232 567 A.M.6237
369 515 516 573 Τούτῳ
542 514 601 571 τῷ
630 511 718 557 ἔτει
747 511 989 568 Σουλεϊμάν
1024 513 1210 566 συνάξας
1247 512 1299 558 τοὶ
1330 514 1628 571 στρατεύματα
1654 515 1768 562 ati-5

250 583 352 638 τοῦ,
383 576 511 633 αὖθις
549 583 608 639 τῷ
638 580 870 636 Μαρουὰμ
898 580 1155 638 συμβάλλει,
1197 581 1273 625 καί
1297 580 1476 639 ἡττᾶται
1504 582 1734 638 α’ποβαλαὶν

246 651 325 691 τοῦ
353 650 466 692 ἰδίου
496 649 604 691 λαοῦ
626 647 832 703 χιλιάδας
862 648 908 706 ζ’,
939 649 1014 691 καί
1041 648 1184 706 φυγάς
1213 650 1273 700 εἷς
1299 648 1548 707 Παλμῦραν
1576 649 1734 694 διασώ-

252 718 382 770 gerat,
415 716 612 759 κάκεῖθεν
640 717 702 767 εἷς
719 718 934 772 Περσίδα.
992 717 1254 761 ἐστασίασαν
1275 718 1323 762 δὲ
1353 716 1393 760 οἱ
1419 717 1637 775 Ἐμεσηνοί
1662 722 1736 760 καί

247 782 286 826 οἱ
311 781 634 827 Ἡλιουπολῖται
669 783 745 826 καί
773 786 1057 841 Δαμασκηνοὶ
1105 782 1184 835 τὰς
1223 785 1369 836 πόλεις
1404 785 1464 845 τῷ
1503 785 1735 842 Μαρουὰμ

248 852 601 901 ιίποκλειῖταντες·
680 848 729 901 ὃς
778 851 855 895 τὸν
897 852 977 906 μὲν
1016 851 1154 894 αὖτοῦ
1192 850 1290 895 vidae
1325 851 1433 896 κατὰ
1472 856 1550 896 τοῦ
1576 851 1763 908 Δαχάκι

210 917 508 968 Βιῖποστείλας
538 917 647 972 μετὰ
678 916 912 975 δυνάμεως,
940 917 1071 970 αὕτὸς
1107 917 1181 963 έπί
1204 918 1280 976 τήν
1296 914 1481 976 ’Ἐμεσαν
1511 915 1655 978 ἦλθεν,
1682 919 1735 976 ἢν

247 986 295 1027 έν
325 987 499 1041 τέτρασι
529 986 639 1042 μησί
662 988 919 1043 παρέλαβεν.
978 984 1000 1029 ὃ
1033 988 1080 1030 δὲ
1107 986 1266 1043 Δαχὰκ
1292 987 1400 1042 μετὰ
1432 988 1627 1046 πλείστης
1658 989 1734 1030 δυ-

246 1051 415 1106 νάμεως
452 1047 621 1109 ἤρχετο.
689 1053 714 1096 ὅ
755 1055 802 1096 δὲ
830 1054 1062 1110 Μαρουάμ
1099 1055 1335 1110 συμβαλών
1373 1055 1491 1115 αὐτῷ
1517 1055 1626 1098 κατὰ
1659 1054 1735 1111 τήν

246 1120 596 1174 Μεσοποταμίαν
627 1120 738 1175 μετὰ
769 1119 818 1164 τὸ
858 1122 1042 1173 πολλοὺς
1085 1122 1368 1181 ἀναιρεθῆναι
1397 1126 1480 1167 τῶν
1508 1122 1590 1168 σύν
1618 1124 1736 1181 αὐτῷ

245 1189 394 1235 τοῦτον
422 1186 650 1242 συλλαβών
681 1190 858 1232 κτείνει·
927 1191 973 1233 ἐν
1011 1189 1175 1242 τούτοις
1206 1193 1534 1242 Κωνσταντῖνος
1564 1193 1606 1234 Γ
1603 1207 1765 1247 ερμα-ι

244 1255 405 1297 νίκειαν
443 1258 686 1310 παρέλαβεν
720 1257 1056 1314 ἐπιστρατεύσας
1100 1257 1176 1314 τήν
1203 1261 1368 1315 Συρίαν
1398 1261 1472 1302 καί
1497 1258 1735 1313 Δουλιχίαν

246 1317 396 1365 ἄδειαν
423 1321 563 1379 εὑρών
592 1321 664 1366 διὰ
702 1322 781 1380 τήν
825 1326 909 1368 τῶν
937 1325 1172 1382 βαρβάρων
1202 1324 1310 1382 πρὸς
1338 1325 1548 1383 ἀλλήλους
1574 1324 1733 1381 μα’χην.

246 1385 357 1449 λόγῳ
391 1391 439 1432 δὲ
472 1389 573 1441 τούς
601 1392 648 1434 ἐν
675 1392 829 1443 αὐταῖς
848 1387 1046 1449 ’Ἄραβας
1088 1394 1342 1443 ἀποστείλας
1368 1390 1554 1443 ἀόπλους
1581 1408 1735 1450 προσε-

247 1457 416 1515 λάβετο,
443 1460 518 1500 καί
543 1457 645 1509 τούς
673 1457 782 1515 πρὸς
809 1458 973 1517 πατρὸς
1001 1467 1216 1517 συγγενεῖς
1245 1460 1320 1504 καί
1346 1463 1392 1505 έν
1409 1462 1631 1520 Βυζαντίῳ
1657 1475 1733 1514 με-

248 1523 443 1584 τῴκισεν,
477 1525 560 1571 σὺν
605 1529 680 1570 καί
724 1531 895 1578 πολλοῖς
942 1528 1101 1585 Σύροις
1139 1531 1455 1587 μονοφυσίταις
1494 1526 1767 1585 αἱρετικοῖς,2

351 1687 379 1710 1.
408 1676 673 1726 ἐφευράμενος
694 1677 737 1712 A.
835 1688 868 1711 2.
897 1680 1078 1726 μαγείαις
1099 1678 1141 1713 Α.
1237 1680 1272 1714 6.
1301 1678 1353 1727 τῷ
1377 1678 1460 1713 add.
1487 1689 1532 1711 ex
1557 1675 1599 1711 A.
1696 1689 1728 1722 7.

345 1724 446 1759 ἰδίου
473 1738 541 1760 om.
560 1728 601 1760 A.
724 1726 759 1759 8.
784 1728 850 1761 καὶ
873 1728 912 1762 οἱ
929 1726 1006 1762 ‘HL
1033 1739 1066 1762 κ.
1085 1729 1185 1774 Δαμ.
1212 1738 1283 1761 om.
1310 1739 1343 1761 a.
1467 1726 1519 1759 15.
1546 1727 1732 1782 Γερμανι-

345 1775 436 1868 {ZZZ
459 1773 656 1855 2-17.
680 1773 888 1822 βαρβάρων
911 1775 940 1809 Α
969 1786 989 1808 a
1014 1774 1040 1818 f,
1061 1773 1234 1824 ’Λράβων
1256 1775 1353 1821 vulg.
1457 1784 1511 1819 ¹9·
1537 1786 1637 1823 προς
1658 1788 1730 1822 μη-

249 1947 319 1993 piti
347 1947 571 1994 naribusque
606 1948 700 1983 adeo
738 1949 927 1984 commode
962 1950 1230 1996 circumposuit,
1260 1954 1302 1984 ut
1326 1948 1596 1996 praestigiator-i
1621 1947 1731 1992 digno

251 1995 391 2029 malitia
416 1997 598 2042 supplicio
627 1997 834 2043 applicato,
860 2000 977 2032 virum
1006 1999 1114 2032 facile
1149 1998 1387 2032 suffocaverit.
1449 1997 1595 2042 magicis
1633 1997 1730 2029 enim

250 2043 389 2077 artibus
415 2043 709 2092 daemonumque
746 2046 1040 2080 invocationibus
1079 2047 1279 2080 multorum
1305 2045 1517 2079 Christianis
1550 2044 1731 2078 malorum

252 2096 380 2125 auctor
406 2092 536 2134 suerat,
562 2093 667 2139 isque
697 2094 808 2128 etiam
834 2094 945 2128 Valid
970 2095 1091 2129 caedis
1116 2095 1296 2141 particeps
1327 2093 1509 2127 extiterat.

63 2142 103 2178 Δ.
116 2141 156 2177 C.
170 2142 236 2190 737
347 2139 426 2172 Hoc
454 2151 549 2175 anno
588 2141 754 2176 collectis
780 2143 950 2177 omnibus
986 2144 1101 2189 copiis
1141 2154 1221 2176 cum
1246 2142 1405 2175 Marvam
1433 2140 1534 2174 bello
1570 2139 1733 2184 confligit

217 2215 220 2217 .
252 2187 436 2226 Suliman,
460 2188 694 2235 militumque
719 2196 859 2236 septem
883 2191 1046 2224 millibus
1072 2202 1117 2224 ex
1143 2189 1306 2224 exercitu
1336 2188 1551 2222 desideratis
1578 2199 1732 2233 supera-

250 2241 323 2277 tur,
348 2240 386 2268 et
415 2235 590 2279 fugitivus
617 2238 816 2282 Palmyram
845 2249 884 2272 se
909 2239 1050 2285 recipit,
1079 2243 1188 2284 atque
1216 2236 1303 2270 inde
1328 2237 1368 2271 in
1393 2236 1588 2270 Persidem.
1622 2237 1733 2269 Eme-

253 2283 332 2317 seni
360 2295 520 2330 quoque,
546 2289 587 2317 ut
606 2284 856 2330 Heliopolitae
883 2292 920 2320 et
936 2285 1151 2320 Damasceni
1176 2285 1359 2319 seditione
1383 2285 1552 2319 adversus
1571 2284 1732 2317 Marvam

252 2331 430 2371 excitata,
459 2332 613 2364 occlusis
654 2333 842 2367 civitatum
878 2335 993 2380 portis
1028 2334 1147 2368 eidem
1179 2333 1381 2378 ingressum
1416 2337 1651 2378 negaverunt.
1701 2331 1732 2364 is

252 2380 331 2413 filio
357 2380 530 2413 adversus
557 2379 703 2414 Dachae
731 2393 811 2415 cum
837 2383 984 2428 copiosa
1010 2383 1168 2416 militum
1192 2393 1299 2414 manu
1324 2382 1447 2423 misso,
1471 2382 1548 2427 ipse
1568 2381 1733 2413 Emesam

250 2439 375 2461 versus
399 2439 499 2461 arma
524 2426 659 2472 dirigit,
700 2434 738 2462 et
762 2429 889 2463 urbem
915 2431 1093 2464 mensium
1121 2435 1280 2476 quatuor
1302 2430 1420 2475 spatio
1447 2430 1485 2462 in
1510 2433 1734 2474 potestatem

250 2475 394 2521 recipit.
444 2475 585 2509 interea
613 2475 757 2509 Dachac
794 2477 1008 2522 ingentibus
1042 2478 1159 2523 copiis
1185 2478 1341 2523 stipatus
1367 2477 1528 2518 accessit,
1553 2487 1632 2509 cum
1657 2486 1732 2521 quo

249 2523 411 2557 Mat-vam
437 2523 477 2556 in
505 2523 770 2570 Mesopotamia
796 2526 938 2571 praelio
966 2537 1187 2571 congressus,
1217 2526 1341 2559 multis
1365 2525 1504 2566 occisis,
1529 2525 1647 2570 ipsum
1674 2523 1732 2557 vi-

248 2582 334 2605 vum
358 2577 502 2617 captum
527 2572 609 2605 neci
631 2572 796 2606 tradidit.
846 2573 932 2607 dum
955 2573 1048 2607 haec
1078 2578 1262 2619 geruntur,
1291 2573 1551 2607 Constantinus
1579 2572 1734 2606 Germa-
1766 2587 1768 2591 ⁴

251 2620 383 2655 niciam
409 2619 563 2661 invadit,
590 2621 863 2669 exercitumque
892 2622 931 2655 in
949 2622 1087 2667 Syriam
1113 2627 1150 2655 et
1169 2621 1374 2655 Dulichiam
1401 2621 1548 2662 emittit⁷
1573 2630 1734 2653 commo-

251 2666 335 2700 dam
353 2678 396 2700 ex
411 2665 646 2701 barbarorum
665 2668 774 2703 bellis
791 2670 964 2704 vincendi
990 2672 1217 2704 occasionem
1238 2676 1378 2703 nactus.
1407 2668 1541 2703 Arabes
1563 2669 1669 2702 etiam
1690 2678 1735 2700 ex

251 2716 305 2748 cis
333 2714 482 2748 urbibus
507 2716 662 2750 inermes
687 2716 838 2753 eductos
869 2724 906 2752 et
932 2719 972 2752 in
999 2718 1108 2751 fidem
1135 2729 1236 2752 suam
1268 2724 1445 2763 rece-ptos,
1472 2728 1541 2750 nec
1565 2727 1640 2749 non
1665 2726 1734 2760 pa-

255 2763 320 2797 tris
356 2764 645 2809 consanguineos
699 2777 777 2800 cum
825 2766 994 2813 pluribus
1030 2767 1129 2811 Syris
1163 2766 1432 2813 monophysitis
1469 2764 1734 2799 haeretieorum
