1820 3120
291 171 401 248 784
442 183 446 186 ·
848 190 1203 235 τΗΕοΡΗΑΝιε

285 296 354 337 καὶ
380 294 455 349 τῆς
489 296 572 337 ταῖν
599 293 838 351 βαρβάρων
861 296 1096 351 ἐπιδρομῆς
1120 293 1166 338 τὸ
1201 294 1470 353 ἀνύποιστον,
1498 297 1574 340 καί
1596 293 1643 340 τὸ
1675 295 1779 355 πρὸς

286 361 390 413 τούς
409 361 717 416 βασιλεύοντας
735 360 967 421 φυλάττων
986 361 1121 419 ὀρθὸν
1138 363 1212 405 καί
1231 362 1600 417 ἀνεπιβούλευτον.
1621 369 1713 408 ἐπεὶ
1731 367 1778 408 δὲ

285 430 389 473 κατὰ
419 433 495 486 τῆς
513 429 671 480 πόλεως
691 429 762 474 τὸν
780 429 942 486 ἐχθρὸν
962 429 1234 485 ἐπειγόμενον
1256 428 1480 488 ἐθεάσατο,
1512 431 1670 490 γράφει
1698 437 1779 488 μὲν

290 498 530 558 Νικηφόρῳ
550 500 608 557 τῷ
630 497 876 557 πατριάρχῃ
897 497 948 541 τὰ
970 497 1070 553 περὶ
1095 500 1171 553 τῆς
1198 495 1361 541 ἑαυτοῦ
1392 499 1650 554 ὄρθοὸοξάις
1681 504 1778 544 δια-

284 565 616 621 βεβαιούμενος,
663 566 794 608 αἰταῖν
835 564 942 619 μετὰ
977 567 1052 621 τῆς
1085 565 1218 622 εὐχῆς
1247 567 1320 609 καί
1352 566 1606 618 ἑπινεύσεως
1640 568 1816 615 αύτοῧᾶ

145 642 272 689 v.339
285 635 362 676 τοῦ
393 630 576 689 κράτους
610 635 912 688 ἐπιλαβέσθαι.
946 636 1021 676 καί
1048 633 1305 688 καταλαβών
1322 633 1375 677 τὸ
1403 634 1486 691 πρὸ
1515 637 1589 692 τῆς
1615 634 1778 686 πόλεως

283 699 584 758 τριβουνάλιον
613 698 706 756 ἅμα
738 708 826 751 τοῖς
854 707 1106 758 στρατηγοῖς
1144 704 1218 745 καί
1245 708 1333 753 τοῖς
1363 701 1681 759 στρατεύμασιν
1710 707 1776 747 ἐν·

283 769 527 824 νομώτατος
571 767 777 826 βασιλεύς
810 769 1036 823 Ῥωμαίων
1081 758 1394 813 ἀναδείκνυται.
1463 772 1537 813 καί
1560 769 1776 829 μεσούσης

284 837 448 896 ἡμέρας
477 842 522 883 ἐν
550 837 1001 883 Κωνσταντινουπόλει
1035 836 1106 880 διὰ
1137 840 1212 893 τῆς
1234 840 1416 894 Χρυσῆς
1445 837 1606 896 πύρτης
1639 840 1775 895 εἰσέρ-

238 916 416 964 Βχεται,
449 906 703 961 καταλαβών
731 905 781 949 τά
814 908 1030 961 βασίλεια.
1067 905 1252 962 ΙΙἸιχαὴλ
1280 908 1326 948 δὲ
1357 906 1544 957 α’κούσας
1572 908 1648 964 τὴν
1677 908 1774 951 τού·
1796 928 1820 954 ιι

282 991 360 1019 του
387 974 673 1031 ἀναγόρευσιν
701 977 746 1017 ὲν
773 976 832 1033 τῷ
864 975 1068 1034 εύκτηριζο
1103 976 1181 1016 τοῦ
1206 974 1346 1031 φόρου
1380 977 1671 1031 προσδραμών
1697 976 1776 1019 miv

283 1045 512 1103 Προκοπίᾳ
558 1045 632 1086 καί
659 1049 747 1093 τοῖς
776 1043 919 1086 αὐτῶν
947 1045 1119 1099 τέκνοις,
1161 1042 1489 1097 α’ποκειροίμενοι
1518 1042 1594 1093 τὰς
1622 1044 1776 1099 τρίχας

282 1112 497 1167 μοναχικά
527 1111 843 1167 περιεβάλοντο.
916 1112 969 1170 τῇ
1013 1112 1061 1154 δὲ
1100 1108 1154 1153 ια’
1184 1114 1263 1154 τοῦ
1302 1110 1483 1154 Ἰουλιόυ
1514 1110 1647 1168 μηνὸς
1672 1110 1773 1170 ἕκτῃ

284 1180 538 1236 hemmam,
573 1180 715 1238 ἡμέρᾳ
745 1180 948 1237 δευτέρᾳ,
980 1182 1032 1237 τῇ
1061 1180 1268 1235 ἐπαύριον
1296 1178 1499 1236 στεφθείς
1527 1177 1608 1221 ὑπὸ
1640 1182 1773 1235 Νικη-

284 1244 424 1304 φόρου
454 1246 726 1304 πατριάρχου
759 1249 804 1290 ἐν
835 1249 893 1306 τῷ
927 1242 1095 1301 ἅμβωνι
1123 1248 1197 1301 τῆς
1223 1245 1411 1302 μεγάλης
1441 1248 1692 1304 ἐκκλησίας,
1720 1246 1770 1290 τὰ
1793 1262 1820 1295 11

283 1314 393 1359 κατὰ
422 1315 501 1373 τὴν
526 1314 651 1358 πόλιν
678 1315 931 1372 προστάττει
964 1318 1270 1372 φρουρηθῆναι
1296 1313 1344 1357 τὰ
1373 1314 1492 1371 τείχη
1525 1314 1672 1365 νυκτὸς
1701 1315 1776 1358 καὶ

281 1384 460 1442 ἡμέρας,
491 1382 624 1434 αύτός
653 1385 710 1426 δι’
741 1382 898 1427 ἑαυτοῦ
915 1381 1220 1440 περιπολεύων,
1250 1383 1323 1426 καί
1350 1383 1509 1434 πάντας
1539 1383 1774 1440 διεγείρων,

282 1452 513 1503 εύελπίδας
539 1469 583 1496 τε
618 1453 842 1508 παραινῶν
868 1448 992 1509 εἶναι,
1019 1450 1078 1501 ὥς
1107 1453 1183 1494 τοῦ
1211 1454 1318 1494 θεοῦ
1348 1450 1774 1507 παραδοξοποιήσαν-

153 1533 268 1580 Ρ.4αῃ
283 1536 365 1577 τος,
397 1519 604 1577 τάχιστα,
646 1520 720 1563 διὰ
750 1522 988 1576 πρεσβειῶν
1021 1522 1098 1575 τῆς
1128 1517 1434 1575 παναχροίντου
1464 1518 1669 1563 θεοτόκου
1700 1518 1774 1562 καὶ

383 1674 418 1698 2.
448 1662 674 1711 ἀνεπίβολον
705 1662 729 1697 f.

287 1786 414 1821 tatoris
442 1785 528 1831 suga
553 1784 726 1819 certiores
753 1783 884 1825 sactae,
910 1783 956 1818 ab
982 1782 1206 1818 eiuscemodi
1224 1783 1372 1817 homine
1397 1782 1567 1829 imperari
1593 1794 1668 1816 non
1695 1795 1772 1817 nm-

285 1835 383 1881 plius
409 1833 599 1868 serendum
626 1839 739 1874 ratae,
765 1832 918 1867 consilio
948 1833 1044 1866 inter
1065 1843 1104 1865 se
1130 1832 1236 1873 inito,
1257 1832 1417 1866 Leonem
1441 1831 1673 1865 orientalium
1701 1831 1771 1865 du-

286 1895 363 1918 cem
381 1880 492 1917 'bono
518 1881 668 1930 publico
695 1882 925 1923 consuleret,
962 1886 999 1915 et
1028 1879 1270 1914 Christianam
1296 1892 1370 1914 rem
1402 1879 1586 1927 publicam
1617 1880 1774 1925 erigeret

286 1935 514 1977 rogaverunt.
566 1931 630 1964 ille
657 1930 799 1964 ruinam
830 1929 985 1976 imperio
1012 1928 1262 1963 imminentem
1290 1934 1328 1963 et
1348 1928 1597 1970 barbarorum,
1627 1929 1687 1975 qui
1713 1929 1773 1962 vix

286 1981 434 2027 reprimi
461 1984 635 2026 possent,
660 1979 841 2012 violentas
881 1978 1113 2012 excursiones
1146 1984 1268 2012 mente
1310 1976 1564 2024 perpendens,
1610 1976 1772 2023 fideique

284 2040 368 2074 erga
397 2029 634 2075 imperatores
677 2026 876 2061 servandae
911 2026 1041 2073 suique
1068 2026 1184 2073 ipsius
1222 2037 1242 2059 a
1269 2025 1407 2060 fraudis
1446 2025 1531 2059 labe
1573 2025 1771 2059 immunem

286 2076 518 2111 custodiendi
551 2075 736 2110 studiosus
763 2075 891 2122 aliquo
932 2080 1098 2121 tempore
1123 2074 1300 2116 substitit,
1327 2080 1364 2108 et
1387 2084 1454 2121 pro
1482 2073 1620 2109 viribus
1647 2073 1774 2118 digni-

285 2127 354 2160 tati
381 2125 630 2159 admittendae
658 2135 775 2157 moras
808 2123 995 2170 opposuit.
1061 2127 1099 2156 at
1132 2134 1212 2156 cum
1244 2122 1387 2158 hostem
1412 2122 1552 2168 magnis
1578 2122 1772 2156 itineribus

284 2173 331 2208 ad
356 2173 480 2207 urbem
507 2172 730 2207 contendere
757 2171 1036 2213 animadvertit,
1069 2183 1088 2204 a
1113 2170 1318 2217 patriarcha
1342 2170 1563 2218 Nicephoro‚
1588 2182 1696 2217 quem
1725 2170 1772 2204 de

286 2227 385 2257 recta
413 2233 478 2257 sua
503 2222 543 2255 in
574 2221 680 2255 deum
717 2220 789 2254 fide
828 2221 1019 2254 certiorem
1061 2219 1177 2263 fecit,
1214 2225 1256 2254 ut
1283 2231 1328 2253 ex
1359 2220 1474 2266 ipsius
1498 2224 1603 2258 nutu,
1632 2225 1670 2253 et
1694 2220 1772 2252 eius

285 2282 394 2318 prece
425 2270 558 2305 comite
584 2269 784 2315 proiectum
812 2269 962 2314 colligat
986 2269 1192 2314 imperium,
1220 2279 1285 2315 per
1313 2268 1452 2302 litteras
1479 2267 1646 2313 expetiit.
1694 2272 1770 2301 tum

284 2332 369 2353 vero
403 2318 558 2353 ducibus
587 2323 624 2352 et
647 2317 824 2351 universis
850 2316 1054 2362 agminibus
1073 2317 1241 2363 stipatus,
1266 2317 1305 2350 in
1330 2315 1572 2350 tribunalium
1597 2321 1682 2350 ante
1710 2327 1773 2349 ur-

286 2368 369 2402 bem
395 2368 554 2413 positum
579 2365 841 2405 conscendens,
870 2365 1053 2411 legitimus
1089 2366 1332 2399 Romanorum
1360 2364 1560 2410 imperator
1582 2365 1774 2405 salutatur,

286 2416 484 2463 medioque
522 2415 595 2449 iam
634 2413 693 2448 die
719 2413 876 2459 Cpoleos
899 2419 1017 2460 porta,
1043 2424 1137 2460 quae
1167 2412 1301 2457 Chryse
1328 2411 1486 2454 dicitur,
1513 2413 1706 2457 ingressus,
1734 2413 1772 2445 iu

288 2466 421 2510 regiam
451 2475 490 2498 se
514 2463 669 2498 confert.
730 2460 889 2495 Michael
918 2462 1049 2496 Leonis
1083 2461 1338 2506 designatione
1363 2460 1502 2502 audita,
1528 2472 1609 2494 cum
1637 2460 1773 2494 Proco-

284 2514 339 2547 cia
369 2518 408 2548 et
428 2512 555 2547 liberis
600 2511 640 2545 in
679 2511 898 2550 oratorium,
927 2510 1027 2555 quod
1063 2508 1110 2543 ad
1133 2509 1250 2543 forum
1286 2515 1351 2548 est.
1377 2509 1605 2554 confugiens,
1631 2508 1775 2555 capillis

284 2561 473 2602 detonsis,
509 2572 579 2594 una
618 2571 699 2593 cum
735 2558 809 2593 suis
849 2559 1091 2591 monasticum
1118 2557 1285 2591 habitum
1311 2557 1445 2592 induit.
1495 2563 1644 2603 postera
1666 2557 1773 2599 luce,

284 2621 379 2657 quae
404 2610 490 2643 Iulii
519 2607 654 2643 mensis
682 2608 752 2642 fuit
792 2604 998 2647 undecima,
1037 2605 1243 2640 indictione
1270 2612 1383 2648 sexta,
1413 2606 1502 2640 feria
1529 2604 1773 2640 hebdomadis

284 2657 464 2701 secunda,
495 2658 534 2691 in
560 2667 714 2702 magnae
742 2654 917 2690 ecclesiae
958 2653 1116 2688 ambone
1153 2666 1174 2687 a
1200 2653 1408 2701 Nicephoro
1433 2653 1639 2701 patriarcha
1666 2664 1772 2687 coro-

283 2712 415 2746 natus,
456 2705 559 2740 urbis
602 2716 724 2739 muros
750 2703 796 2738 de
822 2702 883 2737 die
914 2707 953 2737 et
986 2708 1095 2737 nocte
1122 2702 1336 2749 diligentius
1365 2701 1540 2737 custodiri
1560 2703 1772 2748 praecepit:

284 2755 364 2801 ipse
390 2765 477 2788 vero
503 2759 654 2788 cunctos
693 2754 875 2791 excitans,
903 2756 942 2785 et
973 2750 1020 2785 ad
1047 2750 1234 2786 meliorem
1267 2762 1367 2798 spem
1392 2749 1668 2796 concipiendam
1689 2750 1772 2784 aui-

254 2802 257 2803 ’
285 2814 399 2843 mans,
425 2802 535 2836 deum
562 2801 814 2836 immaculatae
841 2799 900 2833 dei
928 2799 1114 2844 genitricis
1155 2805 1437 2846 sanctorumque
1464 2799 1629 2833 omnium
1653 2799 1773 2832 inter-

284 2857 396 2886 ventu
421 2851 523 2885 brevi
547 2849 702 2897 posthac
725 2856 857 2884 novum
884 2853 923 2883 et
946 2848 1177 2894 inopinatum
1200 2847 1352 2895 aliquod
1369 2859 1461 2894 opus
1480 2846 1676 2889 editurum,
1702 2856 1775 2881 uec
