1768 3106
246 105 359 181 578
806 123 1159 167 THEOPHANJS

239 224 287 267 τὸ
310 228 352 268 Κ
356 225 526 279 ἄμαχον
553 223 633 268 σὺν
661 229 748 274 τοῖς
776 228 1104 280 παρακειμένοις
1132 223 1293 272 τόποις.
1351 225 1645 274 Ἰουστινιανός
1675 226 1723 268 δὲ

237 293 448 335 ἀπέλυσεν
489 294 677 345 Μαῦρον
718 291 790 335 τὸν
819 295 1038 348 πατρίκιον
1069 293 1128 341 εἰς
1161 292 1376 344 Χερσαῖνα
1406 291 1480 334 διὰ
1514 309 1720 349 μνησικα-

236 361 332 402 κιάν
357 358 438 402 σὺν
467 358 672 419 Στεφάνῳ
700 361 917 417 πατρικίῳ,
962 359 1009 402 τὸ
1041 358 1213 414 ἐπίκλην
1241 360 1466 417 Ἀσμίκτῳ,
1497 362 1721 412 ὲξοπλίσας

235 427 385 470 στόλον
414 426 572 484 πολύν,
598 430 806 483 μνησθείς
844 429 919 482 τῆς
948 428 1035 469 κατ’
1067 427 1202 469 αὐτοῦ
1238 428 1463 483 γενομένης
1492 429 1721 483 ἐπιβουλῆς

233 493 317 537 ὑπό
346 511 392 537 τε
408 495 693 549 Χερσωνιτῶν
723 493 797 536 καί
826 495 1138 551 Βοσφοριανῶν
1167 496 1242 536 καί
1268 496 1354 536 τῶν
1383 495 1542 537 λοιπῶν
1568 495 1717 549 κλιμά-
1735 505 1758 545 5

233 579 331 617 των,
363 565 506 604 πᾶσαν
532 564 637 604 ναῦν
666 561 900 616 δρομώνων
926 577 970 604 τε
999 559 1075 603 καί
1112 564 1299 616 τριηρῶν
1328 563 1402 604 καὶ
1428 565 1609 620 σκαφῶν
1636 580 1720 617 μυ-

233 628 445 685 ριοβόλων
476 627 549 671 καί
569 627 772 686 ἁλιάδων,
799 632 872 672 καί
900 632 981 679 ἕως
1006 631 1256 683 χελανδίων,
1287 628 1372 672 α’πὸ
1402 631 1608 686 διανομῆς
1636 634 1720 674 τῶν

233 697 458 739 οἰκούντων
486 696 564 752 τὴν
597 697 732 753 πόλιν,
766 698 1053 753 συγκλητικῶν
1083 713 1129 739 τε
1171 700 1245 740 καί
1273 699 1619 754 ἐργαστηριακῶν
1649 702 1723 742 καί

191 765 429 820 Βδημοτῶν
462 766 547 820 καί,
565 763 720 814 παντὸς
749 764 975 822 ὄφφικιόυ.
1049 767 1125 807 καί
1150 764 1327 815 τούτους
1355 767 1607 817 α’ποστείλας
1637 785 1717 809 πα-

229 829 446 886 ρήγγειλεν
476 829 634 880 πάντας
663 832 765 882 τούς
795 834 1014 882 οἰκοῦντας
1043 834 1088 875 ἐν
1119 833 1293 883 ἐκείνοις
1322 840 1410 884 τοῖς
1439 834 1638 891 κάστροις
1661 836 1717 893 τῷ
1736 857 1768 884 1<

228 900 343 954 ξίφει
368 897 638 955 ὄλοθρεῦσαι,
659 898 734 941 καί
749 901 911 956 μηδένα
935 902 1208 957 ζωογονῆσαι,
1230 900 1548 956 παραδεδωκώς
1569 902 1717 953 αὐτοῖς

226 966 298 1008 τὸν
322 966 477 1008 Ἠλίαν
510 967 583 1008 τόν
624 965 870 1022 σπαθάριον
899 966 1126 1024 ὀφείλοντα
1162 963 1353 1023 ἄρχοντα
1383 972 1613 1024 Χερσῶνος
1638 987 1716 1012 κα·-

225 1035 444 1088 ταστῆσαι.
504 1031 543 1075 οἱ
576 1036 623 1076 δὲ
652 1034 728 1090 τὴν
759 1037 971 1091 Χερσῶνα
1003 1037 1330 1093 καταλαβόντες,
1359 1038 1542 1093 μηδενὸς
1567 1038 1715 1088 αὐτοῖς

225 1099 578 1157 ἀντιστάντος,τά
604 1101 767 1159 κάστρα
795 1106 1049 1159 παρέλαβον,
1077 1120 1148 1145 και
1179 1102 1337 1154 πάντας
1364 1106 1425 1163 τῶ
1455 1107 1571 1162 ξίφει
1595 1105 1714 1147 α’νεῖ..

226 1171 317 1223 λον,
360 1184 495 1245 χωρις
521 1185 606 1211 των
645 1172 907 1227 μειρακίων,
937 1187 994 1221 ως
1035 1172 1194 1226 νηπίων
1237 1169 1401 1214 τούτων
1443 1170 1768 1229 φεισάμενοι,ιξ

84 1245 127 1280 V
144 1248 211 1282 252
226 1234 300 1277 καί
328 1233 442 1289 πρὸς
478 1236 677 1279 δουλείαν
713 1240 1091 1294 περιποιηθέντων.
1167 1240 1407 1282 Τουδοῦνον
1439 1240 1486 1282 δὲ
1521 1256 1712 1294 αρχοντα

227 1305 485 1360 Χερσῶνος,
513 1321 571 1354 ως
604 1306 651 1347 ἐκ
679 1303 911 1360 προσώπου
946 1305 1155 1360 Χαγανου
1195 1302 1310 1363 ὅντα,
1340 1305 1415 1349 καὶ
1442 1306 1611 1350 Ζώϊλον
1640 1307 1715 1351 τὸν

226 1374 271 1412 ἑκ
297 1373 446 1427 σειρᾶς
476 1373 550 1413 καί
575 1375 720 1427 γένους
750 1368 851 1415 ὅντα
894 1375 1224 1429 πρωτοπολίτην,
1258 1373 1333 1416 καί
1360 1371 1531 1429 ἑτέρους
1559 1391 1713 1418 τεσσα-

183 1453 209 1487 c
225 1434 408 1494 ράκοντα
436 1440 643 1497 ἐμφανεῖς
671 1440 746 1483 καί
766 1439 1061 1497 πρωτεύοντας
1087 1444 1158 1497 τῆς
1176 1443 1409 1498 Χερσαῖνος
1435 1444 1497 1492 εἰς
1525 1441 1711 1498 σούβλας

324 1594 351 1615 ι.
379 1581 569 1630 Κάμαχον
595 1582 635 1623 A,
666 1582 868 1629 Καμάχων
895 1583 990 1627 vulg.
1103 1583 1140 1617 6.
1164 1582 1419 1643 μυριοβόλων]
1447 1583 1709 1664 μυιριαγώγων

318 1631 347 1664 A
375 1630 400 1671 f,
428 1629 665 1676 τιυριοβὸλων
689 1632 784 1676 vulg.
896 1644 930 1676 9.
961 1631 1149 1677 ὀᾳφικίου
1178 1634 1218 1673 Α,
1245 1631 1430 1679 ὄμφικίου
1455 1632 1550 1677 vulg.
1656 1644 1706 1665 ιι.

317 1677 402 1712 fort.
435 1679 639 1724 ζωγρῆσαι.
744 1689 795 1712 12.
821 1679 1058 1722 καταστῆσαι
1079 1680 1106 1712 Α
1138 1679 1162 1721 s,
1189 1680 1425 1724 καταστῆναι
1451 1680 1705 1724 vulg.13.

316 1724 384 1769 τὴν
411 1726 497 1760 add.
524 1738 570 1760 ex
593 1727 633 1760 A.
763 1728 813 1761 16.
841 1727 908 1762 τοῦ
932 1727 1069 1762 δοῦναι
1095 1727 1135 1762 δὲ
1163 1729 1190 1761 A
1210 1739 1229 1760 a
1255 1728 1279 1761 f.
1407 1738 1459 1771 ¹9·
1488 1733 1570 1774 post
1597 1728 1707 1762 verba

317 1774 381 1817 τῆς
409 1774 621 1830 Χερσωνος
650 1774 739 1808 haec
758 1776 891 1808 inserta
918 1775 1091 1819 leguntur
1116 1776 1153 1808 in
1174 1777 1220 1810 A:
1251 1778 1302 1816 εἰς
1327 1777 1600 1833 συμφαμίλους
1624 1775 1707 1823 (sic)

320 1823 502 1870 δεσαίους
526 1817 625 1871 πρὸς
655 1820 722 1860 τὸν
747 1825 902 1869 βασιλέα
930 1821 1166 1866 απέστειλαν,
1206 1824 1358 1871 ἑτέοους
1385 1824 1424 1860 δὲ
1450 1824 1476 1866 ζ’
1500 1824 1578 1861 τῶν
1601 1837 1709 1871 πρω-

318 1870 518 1907 τευόντων

222 1985 391 2020 maehum
418 1997 496 2019 cum
524 1987 613 2021 locis
640 1987 893 2021 adiacentibus
929 1988 998 2034 ipsi
1026 1987 1210 2034 proditum
1240 1988 1321 2022 fuit.
1354 1987 1610 2021 ·Iustinianus
1640 1996 1707 2020 an-

221 2039 296 2068 tem
322 2041 549 2082 acceptarum
576 2036 761 2081 quondam
789 2037 1002 2069 iniuriarum
1036 2047 1183 2078 memor,
1209 2036 1373 2069 Maurum
1399 2047 1478 2069 cum
1507 2035 1707 2084 Stephano,

223 2082 281 2115 cui
307 2094 508 2128 cognomen
535 2083 738 2125 Asmictus,
765 2084 889 2118 ambos
916 2084 1100 2131 patricios,
1127 2084 1249 2117 valida
1275 2089 1312 2117 et
1345 2084 1507 2129 apprime
1535 2085 1708 2129 apparata

222 2131 339 2164 classe
366 2131 439 2164 illis
468 2133 666 2172 commissa,
691 2132 728 2166 in
745 2132 966 2166 Chersonam
993 2131 1184 2176 delegavit.
1211 2131 1369 2165 insidiae
1393 2132 1530 2177 quippe
1559 2131 1706 2164 aCher-

223 2178 364 2219 sonnis,
392 2177 649 2224 Bosphorianis
670 2185 706 2214 et
731 2180 811 2213 aliis
826 2181 1015 2225 regionum
1036 2181 1181 2214 illarum
1201 2180 1358 2213 incolis’
1349 2180 1417 2224 ipsi
1443 2184 1602 2212 structae
1628 2179 1707 2212 eius

223 2227 344 2259 animo
372 2233 620 2261 remanserant
645 2227 865 2272 profundius
898 2229 1091 2274 repositae.
1154 2239 1265 2274 quare
1300 2227 1400 2260 bello
1440 2227 1485 2259 iis
1512 2226 1706 2260 inserendo

223 2275 384 2307 universi
410 2275 552 2320 generis
580 2275 736 2320 navigia,
774 2276 978 2317 dromones,
1003 2277 1180 2318 triremes,
1218 2274 1381 2321 scaphas,
1409 2275 1606 2316 onerarias,
1632 2275 1707 2320 pis-

224 2323 376 2356 catorias
412 2333 536 2364 naves,
565 2322 738 2369 ipsosque
777 2324 884 2357 etiam
911 2324 1051 2365 lintres,
1090 2324 1249 2357 omnium
1279 2322 1378 2356 urbis
1405 2323 1619 2365 incolarum,
1644 2334 1705 2355 or-

224 2369 318 2404 dinis
347 2371 533 2411 senatorii,
563 2370 854 2412 ossicinariorum,
881 2372 1111 2417 plebeiorum
1147 2377 1184 2406 et
1210 2371 1317 2404 officii
1345 2371 1604 2417 cuiuscumque
1629 2371 1706 2404 col-

223 2418 307 2452 latis
334 2419 503 2464 expensis
529 2419 680 2464 paravit.
742 2419 785 2452 iis
821 2420 943 2465 itaque
970 2419 1104 2454 dimitti
1134 2425 1171 2453 et
1196 2430 1214 2452 e
1241 2425 1348 2464 portu
1377 2419 1519 2453 solvere
1545 2419 1706 2464 disposi-

222 2467 280 2507 tis,
309 2473 350 2501 ut
375 2472 524 2500 cunctos
549 2465 693 2499 urbium
735 2467 880 2500 illarum
916 2468 1064 2508 incolas,
1095 2467 1198 2500 nullo
1235 2468 1273 2501 in
1298 2467 1388 2500 vivis
1418 2467 1558 2509 relicto,
1583 2466 1706 2512 gladio

222 2513 391 2549 delerent
426 2515 604 2555 iniunxit,
639 2513 855 2561 Heliamque
898 2515 1148 2560 spatharium,
1188 2515 1252 2562 qui
1292 2514 1570 2560 gubernatorem
1608 2513 1707 2560 apud

222 2562 445 2597 Chersonam
470 2563 696 2603 institueret,
724 2563 940 2608 aggregavit.
991 2564 1051 2597 isti
1080 2574 1188 2609 porro
1213 2562 1435 2597 Chen-sonam
1461 2562 1706 2609 appellentes,

221 2610 330 2644 urbes
357 2611 459 2644 nullo
505 2611 696 2644 resistente
738 2611 948 2645 invaserunt
994 2623 1144 2652 omnes,
1179 2616 1216 2645 et
1243 2611 1417 2645 caedibus
1455 2616 1493 2645 et
1529 2611 1706 2655 sanguine

221 2664 352 2692 cuncta
385 2659 640 2704 repleverunt,
675 2663 714 2692 et
743 2660 903 2704 exceptis
930 2658 1283 2693 adolescentioribus
1300 2685 1310 2701 ,
1336 2658 1490 2706 quibus,
1515 2663 1558 2692 ut
1585 2664 1623 2693 et
1647 2658 1706 2692 in-

221 2706 397 2749 fantibus,
422 2706 645 2752 parcendum
686 2712 918 2751 putaverunt,
941 2708 1043 2741 velut
1070 2707 1114 2740 :ul
1144 2708 1353 2741 servitutem
1380 2706 1584 2749 reservatis,
1615 2706 1706 2739 uni--

220 2765 343 2788 versos
379 2755 600 2789 occiderunt.
663 2754 860 2788 Tudunum
896 2761 1016 2788 autem
1043 2755 1250 2789 Chersonae
1284 2755 1521 2801 praefectum,
1548 2765 1613 2789 ceu
1640 2753 1703 2800 qui
