1768 3106
281 138 392 217 57²
830 166 1179 212 THEOPHANIS

278 253 466 314 ἄρχοντα
499 261 742 320 Βοσφόρου.
799 267 964 319 εὐθέως
994 271 1041 313 δὲ
1069 270 1318 313 ἀποστέλλει
1343 272 1574 329 Θεοδωραν
1603 276 1649 319 ἐν
1663 278 1760 320 Χα-

237 327 427 386 Βζαράι
469 328 600 379 αὐτὸς
637 333 685 374 δὲ
722 334 795 377 ἐπί
835 336 1138 394 Φαναγουρίαν
1183 336 1326 394 λα’θρα
1368 340 1660 396 δραπετευσας
1699 360 1760 394 εις

277 392 425 448 στόμιν
455 400 678 454 aurtjam
747 417 818 443 και
865 402 1056 459 εὑρηκώς
1101 401 1257 447 ἁλιάδα
1303 409 1600 466 ἐξηρασμένην
1628 413 1759 468 ἐπέβη

277 462 341 503 ἐπ’
374 459 520 518 αυτήν.
579 482 649 509 και
684 472 990 523 παραπλεύσας
1018 470 1094 527 τὴν
1112 467 1308 531 ”Ασαδα,
1334 470 1442 530 ἦλθε
1469 479 1603 533 μέχρι
1637 482 1759 533 ..ὐμ-

275 526 404 583 βὸλου
446 530 619 587 πλησίον
671 537 746 589 τῆς
773 539 1018 591 Χερσῶνος.
1088 539 1163 582 καί
1204 540 1459 593 ἀποστείλας
1487 548 1682 600 κρυπτῶς
1715 548 1759 590 ἐν

279 598 480 651 Χερσωνι
525 600 657 655 ἐπῆρε
698 605 1026 661 Βασβακούριον
1066 609 1142 650 καί
1176 606 1249 651 τὸν
1287 609 1471 667 ἀδελφὸν
1503 612 1653 670 αυτοῦ,
1687 614 1760 656 τόν

280 679 326 704 τε
356 664 578 717 Σα2βανὸν
613 667 687 710 καί
722 669 796 712 τὸν
822 674 1062 731 Στέφανον,
1113 692 1185 718 και
1227 675 1301 719 τὸν
1340 677 1651 735 Μωρόπαυλον
1678 698 1760 724 συν

282 731 503 790 Θεοφίλιιν
560 751 628 777 και
658 753 739 779 συν
761 738 905 790 αὐτοῖς
935 739 1208 793 ἀποπλεύσας
1227 745 1347 800 διέβη
1376 744 1450 788 τὸν
1480 746 1621 803 φόρον
1643 751 1762 804 Χερ-

279 814 429 848 σωνος.
499 796 581 843 εἶθ
614 799 748 854 ου’τως
787 806 1091 860 παραπλεύσας
1135 809 1189 852 τοὶ
1226 809 1484 867 Νεκρόπυ2α
1531 812 1578 856 τὸ
1609 814 1759 868 στόμιν

277 881 323 908 τε
348 869 426 908 τοῦ
443 867 643 924 Δάναπρι
659 872 732 913 καί
747 873 979 933 Λάναστρι,
1010 875 1223 928 κὶύδωνος
1251 880 1483 935 γεγονότος,
1510 881 1759 937 α’πέγνωσαν

278 932 432 983 πάντες
461 933 536 990 τὴν
563 933 729 981 ἑαυτῶν
758 945 984 997 σωτηριᾞαν
1044 944 1233 1000 Πρῐυάκης
1261 947 1306 988 δὲ
1338 944 1361 986 o‘
1389 946 1594 998 οικειακὸς
1624 949 1763 992 αὐτου

278 995 508 1058 ἄνθρωπος
537 1001 621 1061 ἔφη
649 1007 787 1048 αὐτῶ·
830 1008 926 1050 idox>
956 1009 1294 1068 ἀποθνήσκομεν,
1326 1014 1519 1071 δέσποτα,
1549 1014 1674 1067 τάξαι
1703 1017 1761 1075 τῶ

235 1071 365 1110 (Ζθειῦ
398 1086 493 1126 περι
529 1075 605 1127 τῆς
635 1075 846 1130 σωτηρίας
873 1093 976 1131 σου,
1007 1079 1096 1136 [ἵνα
1127 1077 1149 1119 o‘
1179 1078 1302 1137 θεὸς]
1345 1080 1422 1123 ἐὰν
1454 1077 1656 1142 οἷποδώσῃ
1688 1098 1759 1125 σοι

273 1134 350 1192 τὴν
376 1138 598 1192 βασιλέιαν
615 1157 705 1195 σου,
733 1145 896 1198 μηδένα
923 1144 1169 1197 ἀμύνεσθαι
1199 1147 1282 1188 τῶν
1313 1149 1486 1204 ἐχθρων
1506 1165 1596 1192 σου.
1656 1146 1677 1191 ὅ
1710 1151 1758 1192 δὲ

275 1204 524 1260 ἁποκριθεις
553 1210 598 1251 ἐν
627 1211 755 1268 θυμιῦ
773 1213 884 1265 λέγει
902 1213 1043 1271 αὐτῶ·
1078 1212 1152 1255 ἐὰν
1171 1214 1394 1270 φείσωμαί
1414 1233 1500 1260 τινι
1530 1219 1574 1269 ἐξ
1603 1217 1755 1272 αι’-ταῖν,

275 1272 298 1315 ὅ
327 1273 429 1323 θεὸς
459 1276 646 1318 ἐνταῦθα’
667 1294 721 1330 με
742 1281 1039 1338 καταποντίσῃ.
1071 1283 1146 1323 καί
1177 1283 1472 1334 α’κινδύνωςὲκ
1499 1283 1575 1327 ’τοῦ
1593 1284 1757 1327 κλύδω-

273 1357 345 1391 νος
374 1342 536 1385 ἐκείνου
565 1347 753 1400 ἐξῆλθεν,
784 1364 852 1389 και
885 1347 1084 1403 εἰσῆλθεν
1114 1366 1171 1399 εις
1198 1347 1270 1391 τὸν
1297 1350 1515 1406 Λάνουβιν
1545 1352 1756 1407 ποταμόν.

274 1408 600 1461 ἀποστείλαντος
630 1414 676 1454 δὲ
709 1413 844 1455 αὐτοῦ
871 1417 1088 1471 Στέφανον
1117 1416 1225 1472 πρὸς
1269 1420 1480 1475 Τερβέλην
1508 1418 1583 1462 τὸν
1611 1419 1758 1475 κύριον

136 1476 181 1512 V·
193 1473 262 1523 249
274 1480 546 1533 Βουλγαριάς
569 1481 794 1522 ἐπιδοῦναι
817 1482 934 1524 αὕτω
959 1483 1179 1540 σύναρσιν,
1202 1480 1316 1532 ὅπως
1336 1486 1523 1544 κρατήσῃ
1547 1484 1625 1543 τήν
1653 1503 1759 1543 προ-

272 1544 443 1601 γονικὴν
487 1548 626 1588 αὕτοῦ
653 1549 898 1606 βασιλείαν,
940 1548 1151 1605 ὑπέσχετο
1190 1548 1308 1593 αὗτω
1351 1557 1525 1596 πλεῖστα
1553 1557 1758 1612 παρέχειν

273 1615 405 1670 δῶρα,
435 1615 507 1657 καί
534 1615 608 1671 τήν
641 1613 802 1658 ἑαυτοῦ
827 1620 1048 1673 θυγατέρα
1082 1620 1143 1668 εἰς
1168 1625 1362 1674 γυναῖκα.
1423 1622 1558 1664 αὐτοῦ
1577 1624 1624 1665 δὲ
1652 1621 1757 1665 πάν·

274 1698 327 1725 τα
357 1680 591 1726 ὑπακούειν
623 1686 696 1727 καί
725 1686 974 1741 συντρέχειν
1001 1684 1212 1741 ἑνομότως
1241 1686 1556 1746 ὑποσχομένου,
1584 1692 1658 1733 καί
1681 1707 1755 1744 με·

378 1830 405 1853 ι.
437 1825 520 1866 post
548 1832 602 1854 w.
631 1819 772 1861 εὐθέως
797 1821 928 1856 lacuna
954 1822 1152 1856 intercedit
1176 1823 1214 1857 in
1240 1822 1317 1857 cod.
1343 1824 1370 1857 A
1392 1835 1515 1881 usque
1543 1824 1590 1859 ad
1616 1837 1652 1871 p.
1675 1826 1757 1870 57f‚

378 1877 430 1901 ¹2.
461 1869 503 1904 ἐν
529 1867 571 1925 τῇ
594 1867 723 1917 Ῥώμῃ.
844 1881 877 1903 2.
905 1870 1053 1919 στόμιν]
1085 1870 1246 1918 στόμιον
1274 1871 1309 1913 b,
1336 1870 1480 1919 στόμην
1502 1873 1598 1918 vulg.
1705 1885 1756 1907 ιι.

371 1916 436 1953 ἵνα
462 1915 482 1952 ὃ
508 1904 613 1957 θεὸςε
654 1904 745 1950 haec
776 1917 885 1951 verba
929 1917 1088 1953 delenda
1124 1931 1202 1954 esse
1239 1918 1422 1955 videntur
1573 1921 1625 1956 ιδ.
1654 1920 1759 1970 αὐτῷ

371 1975 442 1999 om.
467 1975 500 1999 a.
620 1968 809 2014 φείσομαι
837 1966 933 2012 vulg

269 1908 283 1925 Ι

276 2081 431 2124 scandit,
447 2087 483 2116 et
495 2082 651 2116 Asadem
664 2087 945 2128 praetervectus,
960 2081 1006 2116 ad
1020 2082 1231 2128 Symbolum
1251 2082 1351 2116 iuxta
1362 2080 1583 2116 Chersonam
1598 2083 1754 2129 appulit.

277 2131 420 2164 nunciis
431 2142 515 2164 vero
529 2130 749 2164 Chersonam
764 2131 923 2164 latenter
936 2132 1065 2171 missis,
1081 2131 1344 2169 Basbacurium,
1355 2136 1392 2163 et
1406 2130 1482 2164 eius
1502 2130 1658 2172 fratrem,
1674 2131 1755 2165 Sal-

277 2177 424 2218 bannm,
441 2179 679 2224 Stephanum,
704 2179 961 2224 Moropaulum
989 2184 1026 2212 et
1037 2178 1284 2224 Theophilum
1304 2189 1423 2212 secum
1450 2178 1561 2220 tollit,
1582 2184 1618 2213 et
1644 2180 1757 2214 Cher-

278 2237 390 2260 sonae
415 2226 568 2271 pharum
594 2231 878 2271 praetergressus
906 2239 986 2260 cum
1004 2228 1054 2261 eis
1081 2228 1257 2270 enavigat.
1307 2225 1395 2259 inde
1417 2226 1620 2273 Necropyla
1645 2239 1755 2273 prae·-

278 2274 428 2319 terlapsi
444 2300 452 2315 ‚
490 2279 527 2308 et
553 2274 733 2320 Danapris
775 2275 1033 2321 Danastrisque
1059 2275 1250 2308 fluminum
1278 2274 1370 2308 ostia
1396 2275 1564 2316 emensi,
1592 2275 1755 2320 procella

279 2321 326 2355 de
351 2328 500 2367 repente
527 2327 665 2364 exorta,
694 2323 814 2356 cuncti
840 2322 884 2356 de
911 2324 1027 2356 salute
1054 2322 1258 2369 desperant.
1309 2327 1387 2355 tum
1411 2322 1555 2366 Myaces
1583 2323 1658 2356 eius
1686 2323 1754 2356 do-

277 2371 448 2404 mesticus
473 2369 580 2404 homo
605 2370 657 2403 ita
681 2380 764 2403 eum
779 2370 998 2416 alloquitur:
1024 2370 1156 2412 viden',
1185 2370 1330 2403 domine
1348 2395 1357 2411 ,
1384 2371 1548 2415 periculo
1573 2372 1755 2416 mortique

279 2429 346 2452 nos
370 2419 567 2462 proximos.
592 2422 677 2451 voto
703 2418 827 2462 itaque
855 2430 921 2463 pro
946 2419 1150 2457 salutetua
1175 2424 1364 2464 concepto,
1391 2418 1421 2452 si
1446 2417 1535 2451 deus
1561 2419 1755 2464 imperium

281 2465 489 2508 reddiderit,
519 2466 559 2499 in
587 2465 731 2499 nullum
755 2466 914 2499 hostium
941 2472 1085 2499 tuorum
1111 2471 1148 2499 te
1175 2465 1442 2500 desaevituram
1468 2466 1654 2512 pollicere.
1688 2466 1756 2500 ille

280 2514 480 2548 etiamnum
496 2514 550 2547 ira
567 2513 748 2558 percitus,
777 2514 807 2546 si
836 2514 991 2554 veniam,
1021 2513 1228 2559 respondet,
1251 2514 1317 2547 ulli
1342 2525 1574 2555 concessero,
1603 2513 1664 2547 hic
1683 2514 1755 2548 iam

281 2561 372 2595 deus
398 2573 454 2596 me
493 2561 615 2595 mittat
646 2561 686 2594 in
723 2561 829 2594 maris
858 2560 1092 2606 profundum.
1150 2562 1372 2607 tempestatis
1398 2561 1633 2607 postmodum
1657 2562 1757 2607 peri-

280 2610 364 2643 culo
388 2614 533 2655 ereptus
558 2609 597 2643 in
611 2608 771 2643 Danubii
797 2610 890 2643 ostia
906 2614 1087 2654 penetrat.
1137 2614 1212 2643 tum
1243 2621 1328 2644 vero
1353 2609 1580 2656 Stephanum
1605 2609 1652 2643 ad
1663 2610 1760 2644 Ter-

279 2657 401 2690 belem
434 2657 625 2704 Bulgariae
659 2656 848 2691 dominum
895 2656 1063 2701 delegat,
1097 2662 1136 2690 ut
1164 2658 1299 2691 avitum
1335 2663 1527 2702 recuperet
1552 2658 1755 2704 imperium,

280 2705 494 2739 auxiliarem
524 2716 670 2739 manum
709 2704 754 2738 ab
794 2715 838 2739 eo
875 2705 1064 2751 postulat,
1095 2705 1262 2749 plurimis
1287 2704 1498 2739 muneribus
1522 2705 1756 2746 beneficium,

281 2753 413 2793 aiebat,
443 2758 749 2799 compensaturus,
779 2753 890 2787 etiam
918 2754 1065 2799 propria
1096 2752 1171 2785 filia
1195 2754 1231 2786 in
1261 2764 1408 2787 uxorem
1433 2753 1528 2787 data.
1579 2752 1757 2787 Terbeles

282 2800 316 2835 ei
342 2812 378 2835 se
407 2802 444 2836 in
482 2800 652 2836 omnibus
679 2800 914 2836 obediturum
954 2801 1204 2847 auxiliumque
1230 2800 1399 2836 daturum
1422 2800 1588 2836 adhibito
1615 2801 1754 2836 iureiu-
