1768 3106
260 153 324 176 ινι-

257 177 285 210 ο
299 156 371 211 06
828 178 1176 221 THEOPHANJS

117 281 237 317 2303
252 292 325 317 σαι
353 276 433 331 γάρ
465 279 541 319 νῦν
575 278 819 331 οἰκούμεναι
850 279 965 334 παρὰ
1001 280 1084 321 τῶν
1106 277 1307 335 Ἀράβων
1346 282 1406 330 εἰς
1435 281 1485 324 τά
1518 278 1627 337 ἂκρα
1658 283 1732 325 πό-

251 347 338 393 λεις
367 342 451 384 α’πὸ
471 344 781 398 Μοψουεστίας
811 348 885 388 καί
914 347 993 396 ἕως
1021 345 1224 403 τετάρτης
1248 347 1476 402 Ἀρμενίας
1507 349 1732 405 α’νίσχυροι

250 412 323 452 καί
354 411 540 467 αὀίκητοι
569 412 800 467 ἐτύγχανον
834 413 906 455 διὰ
933 413 1011 468 τὴν
1039 412 1198 470 ἔφοδον
1224 420 1306 457 τῶν
1336 418 1622 472 Μαρδαϊτῶν,
1672 413 1733 460 ὦν

248 479 621 536 παρασταλέντων,
651 479 856 522 πάνδεινα
878 478 984 523 κακὰ
1014 482 1224 524 πέπονθεν
1251 481 1277 536 ἦ
1300 481 1519 536 Ῥωμανία
1541 482 1622 526 ὑπὸ
1648 487 1731 526 τῶν

247 544 440 600 Ἀράβων
470 547 600 600 μέχρι
628 549 705 589 τοῦ
735 549 829 590 νῦν.

363 614 432 671 Τῷ
464 615 502 655 δ’
534 614 652 672 αὐτῷ
670 611 755 656 ἔτει
785 617 942 668 πέμπει
964 611 1198 670 Ἀβιμέλεχ
1227 617 1412 658 Ζιάνδον
1435 615 1508 659 τὸν
1537 618 1729 674 α’δελφὸν

250 682 432 722 ΒἸαυῖου
459 681 518 731 εἰς
546 683 748 735 Περσίδα
777 681 885 724 κατὰ
905 681 1118 739 Μουχτάρ
1143 685 1221 725 τοῦ
1251 681 1439 737 ψεύστου
1469 687 1545 727 καί
1570 685 1729 740 τυράν-

245 762 332 789 νου.
400 749 475 789 nat*
525 747 715 807 ἀνῃρέθη
759 750 945 801 Ζιάνδος
987 749 1070 792 ὑπὸ
1116 749 1350 807 Μουχτάρ.
1419 751 1495 795 καί
1542 754 1729 804 ἀκούσας

246 815 471 870 Ἀβιμέλεχ
513 815 688 871 ἔρχεται
729 819 789 867 εἰς
829 819 1199 874 Μεσοποταμίαν,
1240 821 1312 861 καί
1350 826 1616 875 τυραννεῖται
1643 818 1726 862 ὑπὸ

210 884 433 925 ΒΣαῖὶῩου·
501 881 550 926 ὃν
587 883 836 926 ἐπανελθών
879 883 951 927 (lui
994 883 1121 941 λόγου
1167 885 1243 942 τὴν
1270 887 1507 941 Δαμασκὸν
1535 892 1728 931 πέπεικεν

246 947 416 1001 ἀνοῖξαι
462 951 538 1003 τὴν
577 955 1014 1009 προκαταληφθεῖσαν
1054 951 1125 994 ὑπ’
1171 953 1318 1011 advoc,
1359 957 1433 997 καί
1468 955 1574 1008 μετὰ
1607 958 1727 997 τοῦτο

246 1018 475 1074 ὀόλοφονεῖ
499 1016 640 1060 αὐτόν.
696 1018 992 1071 ’[ουστινιανὸς
1021 1022 1067 1063 δὲ
1104 1021 1308 1077 νεώτερος
1337 1018 1409 1077 ὤν,
1437 1022 1494 1072 ὥς
1540 1023 1589 1073 ις’
1624 1021 1729 1078 χρό-

245 1101 343 1141 νων,
372 1087 447 1127 καί
473 1082 669 1139 ἀβούλως
686 1087 737 1129 τά
754 1089 849 1129 κατ’
878 1086 1010 1130 αὐτὸν
1040 1090 1228 1146 διοικῶν,
1250 1091 1500 1133 α’ποστέλλει
1519 1089 1728 1134 Λεόντιον

244 1150 317 1195 τόν
345 1152 585 1209 στρατηγὸν
616 1156 689 1196 ὲπί
715 1153 791 1211 τήν
824 1155 1055 1211 Ἀρμενίαν
1094 1156 1199 1210 μετὰ
1223 1157 1463 1214 Ῥωμαϊκῆς
1494 1158 1727 1215 δυνάμεως,

245 1221 318 1261 καί
353 1221 451 1270 τοὺς
492 1223 629 1264 ἐκεῖσε
671 1222 947 1279 Σαρακηνούς
991 1225 1182 1280 κτείνας,
1224 1223 1457 1269 ὖποτάσσει
1496 1225 1728 1279 “Ρωμαιὀις

244 1287 449 1338 ὡσαύτως
477 1287 551 1331 καί
575 1288 764 1346 Ἰβηρίαν
791 1292 867 1332 καί
890 1290 1129 1348 Ἀλβανίαν,
1156 1293 1429 1336 Βουλκακιάν
1449 1310 1496 1335 τε
1527 1292 1601 1336 καί
1620 1297 1727 1349 Μη-

244 1356 356 1397 δίαν.
424 1355 500 1399 καὶ
540 1356 835 1414 φορολογήσας
863 1356 938 1408 τὰς
966 1358 1127 1416 χώρας,
1171 1359 1401 1414 πάμπολλα
1433 1360 1636 1416 χρήματα
1670 1364 1729 1420 τῷ

205 1425 416 1476 (Σβασιλεϊ
451 1419 723 1468 ἀπέστειλεν·
792 1427 1020 1481 Ἀβιμέλεχ
1047 1429 1094 1469 δὲ
1127 1429 1266 1470 ταῦτα
1290 1428 1567 1486 μεμαθηκώς,
1598 1446 1728 1472 κατα-

245 1490 450 1546 λαμβάνει
483 1490 530 1534 τὸ
560 1495 805 1549 Κερκίσιον,
835 1494 908 1536 καί
933 1492 1009 1550 τὴν
1043 1493 1281 1538 Θεούπολιν
1311 1496 1528 1549 ὑπέταξεν.

340 1662 373 1684 2.
400 1651 577 1699 τετάρτης
602 1652 644 1694 Α,
670 1652 710 1688 δὲ
735 1651 798 1697 τῆς
825 1653 858 1688 δ”
885 1654 982 1698 vulg.
1144 1656 1176 1689 3.
1213 1648 1268 1691 ὧν
1290 1656 1330 1698 Α,
1355 1654 1430 1691 τῶν
1452 1655 1547 1702 vulg.
1690 1657 1722 1689 6.

340 1699 484 1735 Ζίαδον
512 1700 549 1734 Α.
661 1712 692 1746 7.
720 1698 906 1750 Μουχτάρ
939 1703 967 1736 Α
994 1700 1146 1749 ubique,
1173 1701 1338 1750 ΙνῙουχὰρ
1364 1704 1458 1749 vulg.
1585 1704 1636 1747 ¹4·
1664 1705 1727 1740 ἐπὶ

338 1745 404 1790 τὴν
432 1748 473 1787 A,
497 1743 590 1782 κατὰ
617 1743 682 1792 τὴν
709 1750 805 1794 vulg.
911 1753 963 1786 16.
992 1753 1231 1787 Βουλκανίαν
1257 1754 1283 1794 f,
1309 1755 1530 1787 Βουκανίαν
1565 1764 1634 1797 mg.
1649 1754 1725 1787 Par.

342 1807 386 1829 ex
414 1796 594 1830 Anastasii
621 1798 828 1831 Bucaniam.
956 1809 1009 1843 ¹9·
1037 1799 1255 1847 Κερκήσιον
1280 1812 1313 1842 a,
1337 1803 1505 1848 Κέρσιον
1532 1801 1561 1834 Α
1581 1801 1606 1834 f.

225 1934 431 1980 *psuestiae
457 1934 613 1968 termino
639 1934 686 1968 ad
714 1941 879 1982 quartam
905 1948 1020 1984 usque
1039 1938 1257 1979 Armeniam,
1286 1943 1438 1972 cunctae
1464 1938 1511 1971 ob
1526 1938 1725 1973 Mardaita-

245 1994 335 2023 rum,
363 1983 426 2028 qui
455 1981 626 2028 deinceps
658 1985 812 2030 repressi
841 1990 950 2027 sunt,
975 1987 1206 2020 excursiones
1238 1986 1470 2020 munimentis
1501 1987 1664 2020 infirmae
1689 1992 1727 2020 et

245 2029 513 2064 habitatoribus
549 2042 684 2065 vacuae
726 2033 945 2067 existebant.
1003 2045 1176 2079 generum
1200 2046 1286 2067 sane
1313 2035 1471 2067 omnium
1501 2035 1725 2068 calamitates

246 2083 283 2111 et
310 2077 458 2111 adversa
495 2080 646 2124 quaevis
683 2080 722 2114 in
748 2081 942 2114 Romanam
980 2082 1158 2116 ditionem
1197 2082 1242 2115 ab
1271 2094 1312 2116 ea
1341 2082 1402 2116 die
1426 2083 1466 2116 in
1490 2081 1584 2117 hanc
1609 2095 1726 2129 usque

244 2124 370 2159 horam
400 2125 559 2160 Arabum
585 2138 696 2172 opera
722 2128 1006 2164 inundaverunt.

341 2174 418 2206 Hoc
459 2174 569 2207 etiam
606 2187 701 2209 anno
731 2176 944 2210 Abimelech
984 2177 1158 2211 Ziandum
1201 2177 1345 2211 fratrem
1376 2177 1517 2212 Maviae
1553 2177 1725 2211 adversus

245 2221 480 2267 impostorem
507 2227 542 2255 et
569 2224 943 2267 tyrannumMuchtar
965 2226 1004 2259 in
1033 2225 1215 2259 Persidem
1241 2226 1351 2268 misit,
1365 2225 1533 2260 Muchtar
1556 2237 1641 2259 vero
1668 2227 1725 2259 Zi-

246 2268 379 2302 andum
405 2269 604 2304 interfecit.
671 2279 819 2317 accepto
840 2274 974 2307 nuncio
1004 2273 1215 2308 Abimelech
1245 2273 1284 2306 in
1308 2274 1609 2319 Mesopotamiam
1639 2286 1726 2319 pro-

247 2317 420 2362 greditur.
471 2317 610 2351 interea
636 2319 766 2353 Sa'idus
796 2320 967 2354 adversus
999 2334 1080 2355 eum
1107 2321 1323 2364 rebellavit,
1349 2321 1564 2356 Abimelech
1593 2322 1726 2355 festine

247 2376 426 2410 regressus
452 2366 680 2408 Damascum,
709 2373 818 2413 quam
845 2369 975 2403 Saulus
1009 2369 1078 2403 sibi
1113 2376 1453 2415 praeoccupaverat,
1479 2370 1564 2404 data
1589 2370 1727 2403 securi-

249 2414 334 2447 tatis
361 2414 431 2446 fide
457 2414 590 2459 aperiri
615 2415 756 2456 suadet,
781 2417 884 2450 cuius
913 2417 976 2450 ille
1006 2417 1144 2450 oblitus
1168 2417 1350 2462 perduelli
1378 2418 1463 2451 dolo
1490 2424 1640 2452 mortem
1669 2419 1727 2450 in·-

249 2461 346 2495 tulit.
399 2461 622 2496 lastinianus
647 2475 754 2508 porro
782 2476 862 2498 cum
887 2465 1009 2498 iunior
1038 2463 1169 2506 adhuc,
1197 2477 1372 2498 annorum
1400 2466 1573 2500 videlicet
1597 2464 1727 2499 sexdess

250 2509 334 2551 cim,
352 2510 535 2551 existeret,
560 2516 597 2544 et
623 2511 696 2543 suis
723 2512 938 2545 inconsultis
958 2513 1009 2546 rei
1029 2512 1199 2558 publicae
1225 2515 1369 2559 negotia
1396 2515 1546 2560 quaevis
1569 2514 1727 2547 admini-

249 2562 392 2598 straret,
421 2558 612 2591 Leontium
638 2557 767 2592 ducem
795 2571 874 2593 cum
901 2561 1068 2593 Romanis
1093 2562 1207 2606 copiis
1235 2561 1272 2595 in
1300 2563 1506 2596 Armeniam
1534 2562 1642 2595 misit.
1669 2560 1728 2594 hic

248 2605 451 2647 Saracenis,
476 2605 539 2652 qui
564 2606 641 2639 illic
667 2606 842 2649 aderant,
871 2608 1011 2648 occisis,
1039 2609 1243 2642 Armeniam
1269 2611 1449 2644 Romanae
1479 2610 1612 2645 ditioni
1641 2608 1729 2642 sub-

248 2653 335 2693 iicit,
361 2653 664 2699 quemadmodum
689 2661 728 2689 et
749 2654 902 2688 lberiam
931 2662 967 2689 et
990 2655 1179 2690 Albaniam
1206 2663 1242 2691 et
1262 2658 1465 2691 Bulcaciam
1494 2664 1532 2692 et
1555 2657 1726 2696 Mediam,

249 2706 288 2734 et
312 2701 552 2746 vectigalibus
589 2713 653 2748 per
692 2703 851 2747 singulas
896 2715 1059 2750 quasque
1099 2706 1300 2750 provincias
1340 2706 1516 2747 collectis,
1542 2706 1725 2750 ingentem

250 2748 458 2782 divitiarum
487 2761 653 2783 acervum
671 2750 716 2784 ad
740 2751 993 2797 imperatorem
1016 2754 1227 2787 transmisit.
1278 2753 1333 2787 his
1359 2754 1496 2788 auditis
1512 2753 1732 2795 Abimelech,

250 2796 447 2831 Cei-cisium
474 2798 672 2844 profectus,
700 2798 921 2845 Theopolim
946 2799 1102 2846 subegit.
