1786 3204
261 130 334 188 80
831 141 1180 184 TiissoPnANis

261 248 488 304 ἐσώθησαν
528 246 576 289 δὲ
605 242 755 296 πάντες
793 243 834 286 οἱ
879 242 981 286 ἴδιοι
1011 238 1146 285 αὗτοῦ
1176 237 1441 297 Χριστιανοὶ
1469 233 1611 293 ὄντες,
1643 234 1672 294 ἦ
1699 254 1743 282 τε

216 314 408 365 Βτούτου
433 316 562 371 γυνή,
591 313 666 356 καί
701 311 739 355 οἱ
770 310 850 354 σὺν
888 312 1014 368 αὐτῇ.
1085 310 1259 351 παιδίον
1312 308 1358 349 δὲ
1402 305 1482 358 ἕως
1520 308 1604 350 τῶν
1633 303 1740 349 ἑπτὰ

260 381 425 440 χρόνων
464 383 556 424 ἐκεῖ
599 380 778 435 εὑρεθὲν
816 380 890 422 καί
925 378 1090 431 σωθέν,
1132 375 1407 433 ἐρωτώμενον
1450 376 1542 425 πῶς
1571 372 1742 431 ἐσώθης

260 451 426 508 εἴρηκεν
465 447 521 499 ὥς
564 446 646 491 find
678 448 856 502 ἀγγέλου
886 446 1152 500 βασταχθέν.
1226 442 1246 484 5
1283 445 1329 485 δὲ
1359 439 1610 496 δυσώνυμος
1636 441 1745 485 Ἰου-

261 517 405 569 λιανὸς
433 519 496 560 ἐπ’
526 517 745 573 ἀνατροπῇ
774 515 847 570 τῆς
865 516 988 562 θειάς
1018 512 1277 569 ἀποφάσεως
1308 508 1383 552 τὸν
1409 512 1493 553 ταῖν
1523 506 1782 553 Ἰουὸαίωνό

260 584 366 630 ναὸν
395 585 728 640 οἰκοδομηθῆναι
757 581 1024 638 προσέταξεν,
1046 578 1251 622 Ἀλύπιον
1273 575 1453 634 Ἕλληνα
1484 594 1581 620 τινα
1610 593 1745 620 σπου-

262 655 384 696 δαῖον
417 649 525 694 κατὰ
556 651 751 706 Χριστοῦ
794 647 1141 704 προστησάμενος
1178 648 1256 689 τοῦ
1285 644 1427 701 ἔργου.
1487 646 1565 688 τοῦ
1597 647 1644 688 δὲ
1673 644 1748 687 καί

261 719 312 764 τὰ
365 721 514 777 οἶφανῆ
562 718 644 761 τῶν
686 716 896 771 θεμελίων
928 713 1252 770 κατορύξαντος,
1298 713 1370 756 διὰ
1400 712 1475 756 τὸν
1514 711 1747 768 ἐκχοϊσμὸν

263 783 414 842 ἄνεμος
441 783 689 842 βιαιότατος
730 783 990 833 ἐπιπνεύσας
1037 780 1117 824 συν
1147 782 1326 824 λαίλαπι
1367 780 1447 838 την
1479 797 1747 837 παρεσκευα-

264 857 421 911 σμένην
449 848 653 908 ἔσβεστον
683 850 950 909 ἐξηφάνισεν,
981 852 1145 904 μοδίων
1171 847 1402 906 μυριάδων
1433 847 1567 892 εἴκοσι
1601 844 1779 890 οὖσαν-Ι

265 920 548 975 ἐπιμενόντων
588 921 636 963 δὲ
663 921 746 962 τῶν
779 920 993 962 Ἰουδαίων
1025 919 1078 975 τῇ
1107 918 1338 972 ἐγχειρίσει
1367 918 1444 959 τοῦ
1473 914 1630 972 ἔργον,
1661 917 1748 972 πῦρ

157 1000 194 1036 Ρ.
209 998 251 1045 44
266 986 436 1040 ἐξελθὸν
462 988 634 1036 τούτους
652 988 925 1040 κατέκαυσεν,
953 987 1028 1027 κατ’
1057 981 1192 1034 οὕτως
1218 982 1464 1027 ἐπαύσαντο
1483 984 1556 1039 τῆς
1577 983 1749 1039 τόλμης.

265 1054 505 1111 ἀνατροπὴν
533 1056 580 1097 δὲ
601 1048 833 1103 Ἰουλιανός
863 1054 885 1095 5
915 1051 1128 1108 δυσσεβης
1156 1051 1321 1108 ἔγραψε
1351 1053 1434 1095 τῶν
1461 1054 1595 1096 θείων
1623 1052 1752 1107 etiay-

263 1121 442 1179 γελίων,
486 1120 539 1178 ἢν
581 1121 603 1164 5
646 1121 780 1177 μέγας
829 1118 1048 1178 Κύριλλος
1091 1120 1415 1177 Ἀλεξανδρείας
1464 1121 1509 1163 ἐν
1547 1122 1751 1178 ἐξαιρέτῳ

263 1193 534 1247 πραγματείᾳ
574 1190 779 1243 λαμπρῶς
819 1190 1121 1244 ἐπανὲτρεψεν.
1191 1186 1456 1245 Πορφύριος
1496 1189 1543 1231 δὲ
1586 1186 1610 1230 5
1651 1190 1783 1230 καθί

264 1258 386 1314 ἡμῶν
415 1257 651 1312 λυττήσας,
701 1257 854 1312 Τύριος
880 1258 958 1310 μὲν
987 1251 1037 1312 ἦν
1066 1256 1125 1315 τῷ
1153 1258 1266 1311 γένει
1286 1288 1298 1311 ,
1335 1253 1598 1311 Χριστιανὸς
1628 1257 1676 1298 δὲ
1703 1254 1749 1298 τὸ

266 1327 367 1380 πρίν
398 1322 419 1366 5
451 1321 628 1374 ἄθλιος·
688 1323 873 1380 τυφθεὶς
921 1325 969 1365 δὲ
1002 1321 1084 1365 ὑπὸ
1118 1326 1396 1378 Χριστιανῶν
1426 1324 1472 1366 ἐν
1505 1325 1753 1380 Καισαρείᾳ

265 1394 342 1448 τῆς
371 1394 694 1448 Παλαιστίνης,
743 1393 835 1434 κατ’
864 1389 995 1447 ὀργήν
1033 1394 1243 1447 μετῆλθεν
1274 1392 1335 1440 εἰς
1362 1390 1434 1433 τὸν
1468 1387 1720 1447 ἑλληνισμόν
1742 1424 1756 1444 ,

266 1462 342 1503 καί
371 1457 464 1504 τότε
492 1459 657 1516 γράψαι
702 1458 808 1503 κατὰ
838 1461 914 1515 τῆς
946 1458 1152 1516 ἀληθείας
1182 1457 1203 1501 5
1231 1455 1347 1502 κύων
1378 1455 1625 1515 ἐτόλμησεν.
1684 1458 1757 1499 ἐπὶ

369 1633 395 1654 ι.
422 1626 504 1655 ante
534 1622 571 1656 οἱ
594 1621 686 1657 ἴδιοι
712 1632 732 1654 a
762 1619 845 1654 add.
877 1622 915 1656 οἱ
936 1617 1008 1657 σὺν
1035 1618 1134 1666 αὐτῷ
1165 1618 1396 1666 εὗρεθὲντες.
1495 1629 1528 1652 2.
1552 1617 1636 1667 ἕως]
1666 1618 1751 1652 sort.

365 1667 427 1708 ὥς.
573 1672 606 1705 5.
632 1669 708 1706 τῶν
734 1681 803 1704 oni.
833 1670 873 1703 A.
1000 1678 1002 1683 ’
1041 1671 1074 1703 8.
1107 1665 1315 1716 ἐκχοϊσμὸν
1338 1669 1380 1710 Α,
1413 1661 1631 1715 ἐκχωϊσμὸν
1655 1667 1753 1711 vulg.

363 1728 398 1761 9.
425 1727 718 1766 παρασκευασμ.
742 1718 817 1751 Par.
971 1727 1023 1751 12.
1062 1721 1293 1752 κατέκαυσεν
1318 1718 1368 1759 Α,
1400 1717 1630 1763 κατέφλεξεν
1655 1715 1754 1759 vulg.

370 1767 422 1799 15.
450 1767 635 1813 λαμπρῶς
658 1769 698 1807 Α,
724 1764 881 1813 λαμπρᾷ
897 1765 995 1808 vulg.
1108 1779 1160 1812 ¹7·
1189 1763 1208 1800 5
1235 1763 1366 1805 ἄθλιος
1390 1770 1476 1812 post
1501 1765 1756 1812 Χριστιανῶν

363 1811 474 1848 hahet
496 1815 533 1847 b.
653 1813 827 1862 τυφθεὶς]
855 1815 1067 1860 τυφλωθεὶς
1088 1815 1128 1847 Α.

268 1963 487 2009 stringebat,
529 1965 680 2010 periisse
717 1970 881 2011 repertus
919 1970 973 1999 est
990 1991 999 2007 ,
1025 1965 1163 1999 cunctis
1186 1965 1264 1999 eius
1294 1963 1516 2006 domesticis,
1541 1963 1621 2009 ipsa
1646 1962 1755 1996 etiam

269 2024 390 2052 uxore,
422 2019 458 2046 et
476 2013 552 2046 eius
579 2013 784 2055 comitibus,
802 2014 1006 2047 Christiana
1028 2013 1098 2047 lide
1114 2013 1309 2059 insignitis,
1339 2011 1586 2046 incolumibus
1602 2012 1757 2044 omnino

269 2060 430 2094 servatis.
479 2061 574 2094 inter
599 2072 689 2106 quos
715 2062 778 2094 vix
804 2072 980 2094 annorum
1007 2068 1146 2108 septeni
1173 2062 1321 2108 puellus
1353 2062 1473 2095 salvus
1502 2071 1522 2093 a
1553 2060 1656 2093 ruina
1677 2059 1756 2092 col-

269 2107 397 2148 lectus,
426 2109 489 2154 qui
514 2108 652 2142 lethum
679 2108 877 2142 evasisset?
926 2110 1180 2155 interrogatus,
1209 2110 1254 2143 ab
1282 2110 1412 2154 angelo
1449 2107 1494 2142 de
1524 2113 1674 2148 ortatus,
1699 2118 1757 2140 re-

271 2155 432 2201 spondit.
498 2156 659 2189 Iulianus
685 2169 806 2202 porro,
834 2157 888 2191 vir
917 2158 1110 2191 execrandi
1138 2159 1316 2199 nominis,
1342 2157 1447 2204 quasi
1490 2120 1550 2190 ti’ei
1583 2155 1756 2189 notitiam

270 2215 413 2236 omnem
455 2205 704 2245 extincturus,
738 2205 954 2238 Iudaeorum
1004 2207 1180 2251 templum
1224 2207 1385 2252 reparari
1429 2205 1556 2246 iussit,
1589 2210 1626 2238 et
1666 2204 1756 2247 Aly-

270 2252 370 2297 pium
417 2251 597 2297 quendam
655 2253 826 2297 gentilem
864 2253 1005 2287 Christo
1061 2257 1215 2288 maxime
1263 2255 1447 2288 insensum
1497 2252 1599 2298 operi
1640 2263 1756 2298 ,prae-

272 2299 369 2333 fecit.
432 2300 492 2345 qui
531 2300 615 2332 dum
654 2301 891 2334 fundamenta
927 2302 1004 2335 solo
1031 2309 1175 2348 aggesto
1206 2302 1339 2337 obruta
1383 2301 1572 2343 effoderet,
1599 2300 1756 2334 maxima

270 2348 325 2381 vis
351 2347 451 2382 venti
477 2359 555 2380 cum
586 2348 731 2381 turbine
759 2355 795 2382 et
819 2350 982 2394 procella
1000 2362 1063 2395 per
1089 2354 1255 2385 effossam
1285 2356 1417 2385 terram
1443 2360 1647 2395 erumpens,
1672 2360 1753 2382 mo·-

272 2395 414 2429 diorum
442 2395 549 2429 calcis
576 2396 703 2440 viginti
730 2397 907 2441 myriades
936 2398 981 2431 ad
1006 2398 1043 2432 id
1067 2401 1185 2444 operis
1203 2405 1346 2445 paratas
1363 2398 1573 2444 dissipavit:
1599 2395 1756 2430 Iudaeos

272 2454 356 2477 vero
386 2444 524 2489 coeptis
550 2444 771 2485 insistentes,
797 2446 890 2490 ignis
931 2458 974 2479 ex
1000 2446 1135 2480 eisdem
1163 2447 1410 2481 fundamentis
1438 2452 1582 2491 egestus
1610 2444 1756 2478 absum-

271 2491 365 2537 psit:
393 2496 430 2524 et
455 2491 526 2525 hoc
550 2492 627 2525 viso
657 2503 676 2524 a
704 2494 895 2539 resumptis
923 2495 1112 2528 conatibus
1140 2496 1373 2530 destiterunt.
1425 2495 1561 2540 impius
1588 2493 1756 2527 Iulianus

273 2550 456 2573 sacrorum
480 2540 747 2584 evangeliorum
775 2542 1060 2576 confutationem
1099 2545 1255 2590 scripsit,
1286 2555 1396 2591 quam
1423 2542 1580 2587 Cyrinus
1604 2552 1756 2586 magnus

271 2586 519 2621 Alexandriae
544 2588 692 2633 praesul
719 2589 861 2622 selectis
891 2596 928 2623 et
953 2591 1148 2625 luculentis
1186 2592 1296 2626 editis
1323 2590 1593 2626 commentariis
1618 2589 1757 2623 refuta-

272 2635 336 2669 vit.
387 2635 609 2681 Porphyrius
645 2634 691 2669 ad
721 2635 831 2678 haec,
868 2638 930 2682 qui
964 2638 1055 2672 adeo
1082 2645 1208 2674 eontra
1246 2640 1475 2674 Christianos
1512 2637 1756 2672 debacchatus

272 2688 339 2724 est,
366 2694 496 2727 genere
522 2683 669 2729 quidem
696 2684 837 2727 Tyrius,
864 2685 1088 2720 Christianus
1122 2700 1207 2722 vero
1233 2689 1336 2734 prius
1364 2688 1495 2721 infelix
1521 2686 1666 2720 extitit:
1692 2684 1758 2718 sed

273 2742 352 2764 curn
382 2730 579 2765 Caesareae
605 2732 643 2765 in
670 2732 873 2766 Palaestina
898 2745 915 2765 a
933 2733 1146 2769 Christianis
1176 2748 1300 2770 caesus
1329 2737 1471 2777 fuisset,
1496 2735 1543 2768 ad
1569 2733 1757 2779 gentilita-

272 2783 347 2812 tem
372 2790 457 2826 prae
485 2779 737 2825 indignatione
765 2779 900 2814 defecit
917 2807 927 2824 ,
956 2787 993 2816 et
1017 2788 1091 2817 tum
1128 2783 1273 2819 demum
1300 2791 1427 2819 contra
1453 2784 1642 2820 veritatem
1666 2781 1758 2816 scri-
