1768 3106
269 148 384 225 594
839 166 1189 210 'rquPnANis

264 272 339 314 καί
364 269 508 326 λαβών
538 268 560 313 ὃ
587 268 823 326 στρατηγός
850 268 973 326 λόγον
1013 271 1117 325 παρ’
1150 269 1288 311 αὐτοῦ
1327 267 1434 323 μετά
1463 272 1743 325 τετρακοσίων

264 339 563 393 καβαλλαρίων
607 340 890 394 παραγίνεται
931 336 1039 394 πρὸς
1068 336 1214 380 αὐτόν.
1273 337 1436 394 ἰδόντες
1463 339 1511 380 δὲ
1543 336 1673 380 αὐτὸν
1703 336 1742 379 οἱ

257 405 491 463 Ἀγαρηνοί
518 407 778 464 φορέσαντες
805 404 858 448 τοὶ
891 408 1067 461 λωρίκια
1106 404 1247 447 αὐτῶν
1269 407 1344 448 καί
1374 404 1426 448 τὰ
1457 404 1745 462 κατάφρακτα,

261 473 511 529 ὑπήντησαν
554 475 694 531 αὐτῷ,
739 471 813 515 καί
854 474 1113 528 η’πλίκευσαν
1160 471 1244 514 α’πὸ
1275 470 1462 528 ἡμίσεως
1486 476 1634 527 μιλιόυ
1666 474 1744 514 τοῦ

264 538 486 598 φοσσάτου
517 541 677 583 αότῶν.
709 542 781 582 ἐπὶ
807 540 920 596 τρισί
951 541 997 583 δὲ
1027 539 1206 595 ἡμέραις
1233 541 1576 597 προσερχομένου
1608 541 1768 582 αὐτοῦ,

261 607 369 663 πρὸς
399 605 580 665 αὐτούς,
622 607 801 650 ἐλάλουν
829 606 880 650 τὰ
923 606 1032 662 πρὸς
1063 606 1234 663 εἰρήνην
1261 609 1335 650 καί
1360 609 1436 650 τοῦ
1463 607 1743 663 ἀναχωρῆσαι

263 674 418 726 αὐτοὺς
447 677 520 731 τῆς
549 673 723 726 πόλεως.
783 673 823 717 οἱ
858 676 904 717 δὲ
936 673 1146 732 ἔφασκον,
1174 672 1237 718 ὅτι
1269 677 1493 731 στοι’χησον
1519 675 1596 731 τὴν
1623 673 1741 730 εἰρή-

264 760 351 801 νην,
380 744 452 786 καί
486 742 582 786 τότε
610 738 933 798 οἷναχωροῦμεν.
992 740 1116 797 γνούς
1148 743 1194 784 δὲ
1223 741 1243 784 ὅ
1271 741 1507 799 στρατηγὸς
1537 740 1604 784 ὅτι
1637 740 1742 795 βού-

219 816 405 853 Βλονται
435 807 566 852 αὐτὸν
593 811 818 864 κρατῆσαι,
848 807 1044 852 ἐκάλεσεν
1076 810 1122 851 ἐκ
1151 811 1236 851 τῶν
1266 811 1469 866 ἐμφανῶν
1486 810 1744 864 Σαρακηνῶν

263 879 484 928 πλείστους
517 879 577 927 εἰς
608 879 787 933 δεῖπνον,
820 879 893 920 καί
924 874 1154 919 ἐσθιόντων
1183 878 1326 919 αὐτῶν
1357 878 1604 921 ἀπέστειλεν
1632 879 1742 919 Σου-

263 945 417 999 λεῖμάν
443 944 707 1000 τρισχιλίους
732 943 1004 1000 Σαρακηνοὺς
1034 942 1294 999 λωρικάτους
1320 947 1535 988 κυκλῶσαι
1563 945 1635 988 καί
1661 963 1745 1003 φυ-

264 1011 431 1056 λάττειν
470 1010 605 1055 αὐτὸν
644 1010 750 1067 πρὸς
790 1010 835 1055 τὸ
876 1010 935 1066 μή
980 1013 1230 1066 διαδρᾶσαι.
1290 1012 1314 1068 ἦ
1346 1014 1390 1056 δὲ
1431 1016 1556 1068 βίγλα
1585 1016 1745 1068 γνοῦσα

266 1079 476 1136 ἐμήνυσεν
529 1079 673 1138 αὐτῷ,
724 1077 789 1122 ὅτι
842 1081 1006 1134 πλῆθος
1049 1080 1310 1135 Σαρακηνῶν
1363 1082 1556 1123 ἵστανται
1610 1079 1747 1138 κύκλῳ

264 1149 385 1204 ἡμῶν
414 1146 709 1203 καβαλλὰριοι.
754 1144 894 1189 ἐλθών
923 1147 971 1189 δὲ
1001 1142 1062 1197 εἷς
1091 1148 1135 1197 ἐξ
1164 1148 1308 1190 αὐτῶν
1337 1147 1623 1203 καβαλλοὶριος
1652 1146 1747 1189 ὀνό-

264 1232 372 1270 ματι
402 1218 586 1271 Ζοῦβερ,
613 1213 711 1270 ἔστη
741 1212 984 1271 ἔμπροσθεν
1018 1217 1161 1270 λέγων,
1192 1212 1256 1255 ὅτι
1291 1216 1440 1265 δοῦλος
1471 1213 1629 1272 ἔφυγεν
1655 1216 1746 1257 κλέ-

265 1295 356 1337 ψας
381 1282 584 1339 χρήματα
614 1279 760 1338 πολλά,
790 1284 864 1324 καί
893 1283 948 1324 δι’
974 1283 1131 1324 ἐκεῖνον
1162 1281 1591 1337 ἐκαβαλλικεύσαμεν.
1649 1280 1672 1324 ὅ
1702 1284 1748 1325 δὲ

266 1349 501 1407 στρατηγός
527 1350 603 1405 τὴν
633 1353 783 1406 τέχνην
808 1351 882 1405 τῆς
913 1346 1080 1405 ἀπάτης
1117 1350 1263 1392 αὐταῖν
1298 1348 1502 1404 ἐγνωκώς,
1534 1348 1618 1408 ἔφη
1646 1349 1751 1406 πρὸς

135 1426 171 1462 Ρ.
187 1419 449 1468 325a1510v'g·
512 1416 571 1473 μή
619 1417 952 1472 περισπασθήτε.
1023 1414 1131 1458 ὅπου
1174 1416 1255 1472 γάρ
1288 1414 1456 1472 ίδήποτε
1505 1414 1557 1460 ἂν
1585 1419 1750 1475 ‘in-42³3]

269 1488 314 1530 ἐν
344 1492 432 1536 τοῖς
459 1483 657 1540 κάστροις
682 1482 817 1538 ἡμῶν,
847 1484 1102 1538 εΰρίσκομεν
1133 1481 1277 1527 αὐτόν.
1337 1487 1545 1541 λυπηθείς
1574 1486 1621 1527 δὲ
1648 1486 1752 1540 ἠδυ-

268 1552 379 1611 νήθη
410 1554 608 1611 κρυπτῶς
651 1552 706 1594 δι’
737 1550 970 1608 ἀνθρώπου
1010 1553 1148 1595 αὐτοῦ
1177 1552 1365 1609 δηλῶσαι
1394 1558 1480 1603 τοῖς
1507 1554 1584 1595 τοῦ
1611 1553 1768 1607 'Apim-¹

370 1713 400 1736 ι.
427 1703 518 1749 παρ’
545 1700 671 1738 αὐτῶν
694 1701 735 1735 Α.
876 1712 1071 1749 τετρακοσ.
1102 1701 1151 1743 A,
1177 1713 1298 1749 τριακ.
1326 1701 1423 1747 vulg,
1551 1700 1584 1735 3.
1609 1714 1639 1737 τ.
1665 1702 1749 1747 λωρ.

369 1747 495 1786 αὐτῶν
521 1762 553 1784 κ.
580 1761 611 1784 τ.
638 1762 718 1785 κατ.
745 1748 784 1790 Α,
823 1761 853 1783 τ.
885 1750 974 1795 λωρ.
1001 1763 1033 1785 κ.
1060 1746 1104 1784 τὰ
1130 1762 1208 1785 κατ.
1240 1749 1364 1786 αὐτῶν
1390 1749 1485 1795 vulg.
1626 1752 1660 1784 6.
1689 1749 1755 1784 τοῦ

370 1797 454 1831 add.
483 1809 527 1831 ex
555 1799 595 1831 A.
720 1808 752 1843 7.
779 1795 835 1832 ὅτι
860 1798 943 1831 add.
973 1810 1016 1831 ex
1041 1798 1082 1831 A.
1212 1798 1262 1831 13.
1291 1797 1477 1845 ἐμήνυσεν
1499 1797 1541 1839 A,
1570 1796 1757 1841 ἐδήλωσεν

370 1847 467 1891 vulg.
616 1846 688 1880 ῗστ.
716 1846 836 1892 κύκλῳ
863 1845 970 1893 ἡμῶν
994 1846 1046 1887 Α,
1072 1858 1104 1880 κ.
1131 1844 1194 1893 ἧμ.
1222 1847 1292 1880 ἵστ.
1323 1846 1416 1890 vulg.
1553 1847 1603 1880 16.
1627 1846 1757 1892 χρῆμα

374 1892 470 1929 πολύ
501 1895 527 1927 Α
555 1893 580 1928 f.
702 1895 847 1929 ἐκεῖνον
873 1898 915 1935 A,
940 1896 1086 1930 ἐκείνου
1109 1895 1203 1939 vulg.
1343 1906 1393 1939 ¹7·
1420 1892 1482 1937 τῆς
1507 1892 1651 1938 ἀπάτης
1674 1893 1757 1927 add.

376 1953 422 1976 ex
448 1942 489 1976 A.
619 1942 671 1976 18.
699 1940 748 1979 ἂν
774 1953 844 1976 om.
869 1943 913 1976 A.
1010 1953 1068 1976 20.
1097 1948 1175 1982 τοῖς
1200 1943 1240 1983 Α,
1269 1935 1356 1981 τοὺς
1380 1942 1478 1987 vulg.
1601 1938 1610 1948 ⁸

281 2078 470 2113 Sulimane
511 2085 670 2125 accepta,
714 2091 794 2114 cum
831 2079 1016 2126 equitibus
1054 2081 1226 2114 trecentis
1263 2079 1310 2113 ad
1347 2090 1429 2112 eum
1467 2078 1654 2124 profectus
1693 2085 1758 2112 est.

280 2127 441 2171 Agareni
466 2127 587 2160 loricis
614 2130 734 2162 ornati
774 2134 811 2162 et
840 2129 947 2162 armis
967 2128 1081 2174 probe
1105 2129 1246 2169 muniti,
1274 2139 1316 2161 eo
1343 2133 1552 2172 conspecto,
1579 2133 1760 2161 venerunt

283 2175 439 2215 obviam,
466 2180 502 2207 et
528 2175 645 2220 spatio
670 2175 716 2209 ad
735 2176 895 2210 medium
915 2177 1071 2210 milliare
1097 2188 1117 2209 a
1138 2177 1261 2210 castris
1288 2181 1427 2208 semoto
1453 2175 1490 2209 in
1521 2175 1635 2208 aciem
1660 2187 1759 2209 com-

282 2222 393 2269 positi
423 2227 614 2256 steterunt.
666 2235 745 2257 cum
775 2236 860 2258 vero
884 2225 999 2258 tribus
1027 2224 1156 2258 diebus
1187 2223 1371 2257 continuis
1411 2221 1458 2256 ad
1483 2233 1544 2256 eos
1570 2224 1687 2264 itai-et,
1715 2223 1760 2256 de

283 2281 374 2316 pace
399 2269 572 2303 servanda
596 2275 634 2303 et
659 2282 782 2305 eorum
815 2271 861 2305 ab
890 2272 979 2306 urbe
998 2283 1141 2306 recessu
1169 2270 1423 2318 frequentibus
1453 2271 1648 2316 colloquiis
1674 2282 1760 2315 age-

283 2318 387 2352 bant.
440 2317 712 2363 responderunt
739 2319 822 2353 illi:
848 2331 1026 2366 compone
1061 2331 1198 2366 pacem,
1241 2325 1278 2353 et
1303 2319 1494 2352 confestim
1520 2318 1759 2352 discedemus.

284 2377 395 2412 porro
423 2365 621 2398 Saracenos
648 2367 693 2399 de
720 2378 762 2400 eo
793 2367 891 2412 apud
918 2380 955 2401 se
982 2367 1183 2401 detinendo
1222 2367 1413 2400 consilium
1438 2366 1573 2400 habere
1600 2367 1761 2413 suspica-

286 2420 356 2456 tus,
369 2414 628 2447 Saracenorum
654 2414 814 2447 illustres
834 2427 998 2462 quosque
1026 2415 1072 2448 ad
1101 2426 1250 2448 coenam
1286 2416 1436 2456 vocavit,
1467 2414 1530 2460 qui
1561 2415 1647 2448 dum
1673 2426 1763 2448 con-

286 2463 479 2503 vivantur,
506 2461 670 2495 Suliman
709 2461 905 2496 Saracenos
946 2464 1116 2496 loricatos
1146 2469 1200 2496 ter
1236 2463 1337 2496 mille
1365 2462 1555 2504 summisit,
1581 2463 1645 2509 qui
1670 2474 1765 2504 eum,

287 2521 335 2544 ne
361 2509 456 2543 forte
484 2509 701 2550 elaberetur,
726 2509 957 2555 impedirent.
1009 2522 1052 2544 eo
1080 2511 1282 2555 explorato,
1307 2511 1371 2557 qui
1395 2510 1516 2544 stabat
1541 2511 1579 2544 in
1604 2511 1765 2544 excubiis

289 2558 346 2591 illi
376 2557 589 2591 renunciat:
617 2557 872 2590 Saracenorum
899 2558 1064 2603 equitum
1094 2569 1219 2592 manus
1253 2559 1496 2604 undequaque
1523 2570 1588 2592 nos
1613 2559 1767 2592 circum-

289 2605 416 2639 vanas.
467 2610 543 2639 tuin
573 2615 617 2638 ex
644 2605 695 2639 eis
723 2617 828 2647 unus,
855 2605 971 2639 Zuber
994 2607 1154 2646 nomine,
1191 2617 1286 2652 equo
1313 2606 1488 2647 insidens,
1517 2611 1553 2640 et
1577 2607 1615 2640 in
1641 2617 1767 2640 eorum

293 2659 491 2699 conspectu
518 2658 642 2692 stans,
666 2663 800 2694 servus,
827 2654 888 2695 ait,
916 2665 1044 2698 magna
1076 2656 1311 2700 pecuniarum
1336 2655 1371 2687 vi
1403 2655 1500 2688 furto
1526 2654 1682 2696 sublata,
1708 2653 1768 2687 fu-

292 2712 373 2746 gam
400 2701 573 2746 arripuit,
607 2706 802 2747 eapropter
830 2713 943 2747 equos
972 2702 1259 2735 conscendimus.
1312 2714 1436 2736 eorum
1461 2707 1540 2735 astu
1565 2707 1767 2748 perspecto,

294 2747 493 2794 respondet
530 2748 618 2782 dux:
680 2760 726 2782 ne
762 2761 825 2783 vos
852 2750 915 2783 ina
955 2761 1039 2783 cura
1071 2751 1270 2793 sollicitet,
1306 2761 1537 2796 quocumque
1572 2750 1667 2784 enim
1703 2749 1768 2783 ille

297 2795 444 2842 fugerit,
475 2797 513 2830 in
541 2797 666 2831 castris
695 2797 828 2831 nostris
859 2798 1071 2844 reperietur.
1100 2810 1137 2832 re
1163 2799 1213 2833 ita
1240 2804 1339 2844 gesta
1372 2798 1511 2833 tristior
1538 2800 1699 2841 effectus,
1729 2803 1768 2831 ut
