1786 3204
264 171 283 206 1
298 149 370 218 24
823 170 1173 221 THEOPHAMS

252 271 480 327 ἐτελειώθη
511 271 557 314 ἒν
582 273 726 330 κυρίῳ.
785 271 942 315 τούτου
968 273 1016 315 δὲ
1043 271 1335 327 ἐξορισθέντος
1364 268 1589 326 Ἀρσάκιος
1616 268 1734 324 ἔχει-

253 335 462 394 ροτονήθη
491 337 512 380 ὃ
545 338 735 395 ἀδελφὸς
764 342 1005 394 Νεκταριόυ
1033 341 1111 381 τοῦ
1143 336 1225 393 πρὸ
1262 335 1596 394 Χρυσοστόμουι
1648 336 1730 380 Ἰν-

211 406 458 455 Ονοκέντιος
494 407 542 448 δὲ
583 405 604 448 ὁ
647 405 843 462 Ῥώμης,
892 408 967 449 καί
1002 405 1025 447 ὁ
1066 404 1313 458 Φλαβιανὸς
1348 404 1633 460 Ἀντιοχείας
1655 405 1733 446 οὐκ

251 468 533 528 ἐκοινώνησαν
551 476 604 531 τῇ
622 475 771 531 ἐκβολῇ
804 473 1009 527 Ἰωάννου,
1039 471 1149 515 α’λλοὶ
1172 470 1245 514 aad
1274 471 1538 527 γραμμάτων
1553 473 1627 527 τῆς
1654 469 1733 514 πό-

199 562 201 565 ·
249 541 354 588 λεως
394 537 467 582 τὸν
492 543 645 596 κλῆρον
674 538 1038 598 παρεμυθήσαντο
1053 575 1066 594 ,
1110 542 1185 582 καί
1215 541 1522 594 ἐδυσχέραινον
1548 541 1622 583 ἐπὶ
1643 539 1771 588 τοῖς5

249 604 532 661 τολμήμασιν.
563 607 806 665 Ἐπιφὰνιος
834 610 881 651 δὲ
913 609 1175 651 α’πέπλευσεν
1205 606 1277 649 ὲπί
1294 606 1478 663 Κύπρον
1503 609 1582 651 τοῦ
1613 609 1734 663 θεοῦ,

252 672 311 716 ὧν
341 673 478 727 ἔοικε,
522 673 598 730 τήν
639 676 898 729 μετάστασιν
936 677 1071 717 αὐτοῦ
1107 673 1466 730 προμηνύσαντος.
1543 676 1657 733 φασὶ
1686 676 1735 717 δὲ

252 738 316 784 ὅτι
346 744 418 785 καί
454 739 624 801 Ἰωάννῃ
669 743 748 799 την
779 745 824 786 ἑν
854 746 907 802 τῇ
945 744 1086 800 ἐξορίᾳ
1126 741 1330 798 τελευτήν
1368 740 1606 799 ἐδήλωσεν·
1662 743 1737 784 καί

245 805 445 866 Ἰωάννης
467 809 708 869 Ἔπιφανίῳ
753 809 829 867 την
870 811 915 853 ἐν
943 811 1003 869 τῷ
1031 811 1179 869 πλοίῳ.
1239 809 1483 868 Ἐπιφάνιος
1513 814 1601 859 τοῖς
1628 824 1735 864 προ-

252 876 490 930 πέμπουσιν
519 872 661 921 εἶπεν·
732 877 904 920 σπεύδω
946 876 1056 934 ἐγώ,
1088 879 1248 935 α’φιήμι
1292 879 1339 921 δὲ
1370 874 1472 932 ὑμῖν
1498 875 1551 921 τὰ
1572 879 1735 932 βιβλία,
1755 889 1786 916 Ι(

251 943 330 999 τήν
360 941 485 987 πόλιν
511 944 584 987 καί
609 942 689 1000 τήν
718 942 963 1000 ὑπόκρισιν.

371 1013 438 1068 Τῷ
473 1013 510 1054 δ’
540 1013 656 1070 αύτῷ
684 1010 765 1054 ἔτει
795 1010 1065 1069 ἐτελεύτησεν
1094 1009 1119 1068 ἧ
1150 1013 1356 1064 Εύδοξιά.

45 1088 241 1134 Α.Μ,5899
363 1078 852 1130 Κωνσταντινουπόλεως
880 1078 1113 1124 ἐπισκόπου
1135 1081 1368 1135 Ἀρσακίου
1400 1077 1492 1131 ἔτος
1518 1079 1571 1124 α’.

140 1155 182 1192 V.
198 1157 243 1238 53
369 1146 512 1205 Τούτῳ
557 1147 613 1204 τῷ
642 1146 724 1190 ἔτει
763 1145 984 1203 Ἀρκάδως
1015 1147 1039 1190 0‘
1077 1146 1286 1203 βασιλεύς
1312 1148 1536 1205 γενόμενος
1565 1150 1611 1192 ἐν
1639 1151 1739 1192 Κα-

203 1243 207 1247 -
257 1212 342 1273 ρέα,
370 1216 415 1257 έν
442 1210 473 1272 ᾗ
501 1213 577 1257 καί
614 1214 686 1258 τὸν
722 1212 841 1271 ἅγιον
868 1213 1069 1272 μάρτυρα
1106 1215 1306 1261 Ἀκάκιον
1334 1217 1531 1273 λέγουσιν
1558 1220 1739 1271 παθεῖν,
1758 1221 1786 1258 1!

256 1282 484 1336 εὐξάμενος
519 1281 595 1325 καί
632 1282 816 1333 ἐξελθών
856 1284 903 1326 ἐκ
934 1286 1012 1326 τοῦ
1040 1285 1161 1338 ναοῦ,
1205 1283 1369 1335 εὐθέως
1398 1285 1598 1340 μέγιστος
1628 1281 1741 1334 οἶκος

259 1352 305 1392 ἑν
333 1352 386 1407 τῇ
416 1352 563 1410 Καρίᾳ
601 1353 836 1395 κατέπεσεν.
894 1351 943 1395 τὸ
988 1353 1034 1394 δὲ
1076 1355 1242 1407 πλῆθος
1277 1355 1421 1396 σωθὲν
1451 1355 1501 1411 τῇ
1530 1351 1638 1410 εύχῇ
1665 1354 1743 1395 τοῦ

258 1419 469 1471 βασιλέως
498 1417 575 1474 την
602 1421 816 1474 σωτηρίαν
848 1419 1103 1474 ἐπέγραψεν.

374 1485 517 1544 Τούτῳ
558 1490 615 1544 τῷ
648 1485 732 1529 ἔτει
783 1490 828 1530 ἑν
864 1487 1006 1545 Ῥώμῃ
1048 1486 1247 1544 ἑμυκήθη
1298 1486 1325 1544 ἦ
1370 1490 1426 1543 γῆ
1469 1487 1542 1530 ἐπὶ
1577 1487 1742 1543 ἡμέρας

49 1551 371 1606 Α.Μ.5ροοέπτοῖ.
429 1553 505 1597 καί
531 1552 698 1611 ἐσφάγη
730 1556 939 1611 Στιλίχων
967 1555 990 1597 ὁ
1030 1554 1328 1613 λαμπρότατος
1356 1557 1402 1599 ἐν
1425 1555 1640 1613 Ῥαβέννῃ,
1670 1558 1786 1598 naim

148 1609 246 1656 P·69
256 1620 376 1666 ἄλλοι
403 1622 621 1667 δυνάσται.
1515 1628 1518 1630 ’

350 1784 382 1817 6.
409 1781 644 1820 ἀπέπλευσεν
670 1796 739 1818 om.
766 1785 807 1818 A.
927 1785 978 1819 16.
1005 1784 1025 1821 ὁ
1053 1787 1235 1833 μέγιστος
1261 1783 1281 1821 ὅ
1308 1784 1352 1822 ἐν
1376 1785 1419 1834 τῇ
1442 1759 1484 1819 Α.
1583 1793 1639 1817 20.
1660 1781 1742 1818 Ῥα-

349 1834 459 1882 βέννῃ
487 1832 529 1875 Α,
550 1831 696 1881 Ῥαβένῃ
723 1833 820 1879 vulg.

258 1981 360 2015 mino
397 1987 666 2016 consummatus
693 1988 760 2018 est,
784 1995 827 2018 eo
853 1984 892 2018 in
922 1983 1071 2017 exilium
1098 1984 1217 2030 pulsa,
1248 1981 1413 2016 Arsacius
1441 1980 1743 2024 fraterNectarii,

261 2029 324 2075 qui
338 2028 632 2072 Chrysostomum
650 2032 688 2064 in
705 2031 837 2066 throno
854 2034 1062 2078 praecessit,
1079 2032 1337 2079 pontificatum
1363 2029 1536 2063 obtinuit.
1563 2035 1745 2063 caeterum

260 2088 383 2122 neque
410 2078 640 2112 innocentius
677 2080 859 2113 Romanus
896 2081 1065 2125 praesul,
1103 2091 1226 2126 neque
1263 2078 1459 2112 Flavianus
1493 2077 1745 2112 Antiochenus

260 2125 408 2158 loannis
434 2125 608 2159 eiectioni
644 2133 923 2161 consenserunt:
960 2129 1031 2162 imo
1056 2128 1213 2162 civitatis
1239 2127 1399 2167 clerum,
1424 2126 1559 2159 litteris
1587 2125 1634 2160 ad
1661 2138 1746 2159 eum

259 2173 389 2214 missis,
416 2174 595 2207 consolati
629 2180 726 2217 sunt,
754 2182 791 2210 et
815 2176 860 2210 de
889 2177 1095 2210 memoratis
1133 2176 1242 2222 gestis
1269 2175 1426 2219 graviter
1465 2174 1745 2209 afflictabantur.

259 2220 490 2266 Epiphanius
517 2228 659 2264 autem,
686 2222 768 2265 deo,
794 2230 833 2258 ut
852 2231 979 2270 postea
1002 2226 1117 2258 visum
1146 2229 1212 2265 est,
1236 2224 1335 2258 vitae
1361 2221 1546 2256 decessum
1575 2223 1610 2256 ei
1637 2234 1747 2268 prae-

261 2269 472 2309 nuuckmte,
500 2269 657 2314 Cyprum
683 2270 925 2317 abnavigavit.
957 2274 1087 2306 Ioanni
1117 2278 1271 2305 mortem
1297 2271 1337 2304 in
1363 2270 1475 2303 exilio
1505 2270 1746 2316 praedixisse,

263 2322 302 2350 et
325 2317 364 2349 in
390 2316 580 2350 adversum
606 2318 802 2364 Epiphanii
832 2321 945 2354 letum
970 2321 1008 2354 in
1035 2321 1117 2355 navi
1144 2322 1318 2354 Ioannem
1343 2319 1582 2353 vaticinatum
1609 2318 1745 2352 ferunt.

262 2363 489 2410 Epiphanius
523 2365 603 2398 viae
636 2367 828 2400 comitibus
865 2368 975 2402 dixit:
1026 2379 1092 2414 ego
1119 2369 1277 2403 festino:
1308 2366 1416 2402 vobis
1455 2372 1580 2402 autem
1606 2366 1747 2408 libros,

263 2412 405 2453 urbem,
432 2418 469 2446 et
497 2414 692 2447 simulandi
721 2421 833 2448 artem
861 2417 1041 2462 relinquo.
1521 2433 1524 2436 ⁴

353 2459 433 2494 Hoc
452 2461 560 2494 etiam
591 2473 687 2495 anno
713 2463 877 2497 Endoxia
903 2463 1070 2498 decessit.

82 2518 171 2554 ὡς,
184 2517 254 2564 399
361 2508 519 2553 Cpoleos
545 2510 707 2555 episcopi
740 2512 877 2544 Arsacii
903 2524 1019 2545 annus
1044 2513 1195 2558 primus.

361 2555 440 2590 Hoc
466 2568 562 2590 anno
579 2557 735 2591 Arcadio
762 2560 979 2604 imperatore
1004 2561 1043 2593 in
1072 2560 1224 2603 Cariam,
1253 2561 1292 2595 in
1321 2571 1395 2607 qua
1422 2563 1585 2593 sanctum
1610 2562 1748 2602 marty-

265 2614 341 2638 rem
365 2603 535 2637 Acacium
559 2617 702 2651 passum
737 2613 898 2648 narrant,
928 2607 1118 2652 profecto,
1156 2614 1240 2655 post
1279 2610 1376 2643 fusas
1402 2618 1541 2655 preces,
1569 2606 1636 2640 sub
1668 2607 1749 2651 ipso

265 2652 397 2698 templi
421 2662 578 2696 egressu,
619 2654 811 2687 confestim
851 2654 978 2688 (lomus
1004 2657 1124 2701 ampla
1150 2657 1312 2691 concidit
1339 2658 1379 2691 in
1402 2656 1522 2690 Caria:
1549 2653 1748 2689 multitudo

269 2711 352 2734 vero
375 2700 570 2734 incolumis
599 2707 752 2742 servata,
773 2703 925 2736 salutem
944 2703 1172 2749 imperatoris
1192 2705 1367 2750 precibus
1393 2709 1578 2750 acceptam
1609 2702 1748 2736 retulit.

81 2747 257 2793 A.C.4oo
365 2747 444 2782 Hoc
476 2760 572 2782 anno
599 2750 731 2782 Romae
767 2756 906 2797 septem
945 2751 1077 2784 diebus
1120 2758 1216 2786 terra
1252 2754 1404 2798 mugiit:
1440 2757 1478 2786 et
1513 2750 1670 2786 Stilicho
1696 2749 1754 2785 νὴ·

271 2795 490 2831 clarissimus
517 2808 589 2831 una
617 2809 697 2833 cuin
723 2798 803 2833 aliis
839 2799 1079 2846 optimatibus
1104 2802 1296 2837 Ravennae
1321 2805 1474 2837 necatus
1501 2805 1570 2835 est.
