1708 3172
228 554 846 619 CANDIDO
912 556 1537 630 LECTORI,

148 673 194 712 F.
227 673 485 715 Fammscus
515 674 721 715 Commzms
755 674 925 714 Ordinis
956 675 1041 714 FF.
1062 674 1405 715 Praedicatorum
1436 674 1622 727 Congre-

626 758 802 813 gationis
843 759 883 799 S.
919 757 1139 799 Ludovici.
1166 806 1174 813 ,

168 981 249 1039 En
278 999 352 1039 tibi
379 999 450 1039 diu
479 1008 732 1054 expectatum
767 1000 863 1039 Viri
888 1002 1150 1052 sanctissimi,
1181 1014 1252 1040 nec
1283 998 1456 1053 ἀσκήσει
1497 1001 1625 1039 minus

149 1089 197 1113 ae
229 1072 500 1122 confessione,
547 1086 675 1127 quam
715 1073 923 1113 scribendi
961 1074 1160 1114 industria
1189 1088 1238 1113 ac
1265 1073 1401 1113 labore
1429 1073 1593 1113 illustris
1611 1102 1623 1124 ‚

155 1146 407 1201 Theophanis
428 1145 821 1200 Chronographicum
838 1161 948 1202 opus,
977 1161 1024 1186 ac
1054 1147 1288 1196 historiam5
1316 1155 1358 1186 ut
1384 1148 1488 1186 cuius
1520 1158 1625 1186 sum-

151 1221 291 1259 mariis
311 1220 480 1259 Graecis
506 1220 669 1274 pariter
695 1234 744 1260 ac
766 1221 920 1260 Latinis
947 1222 1139 1261 haetenus
1147 1221 1380 1274 fruebaris,
1408 1221 1495 1275 ipso
1524 1235 1626 1259 niam

145 1294 291 1348 pleno,
337 1306 389 1332 ae
433 1293 557 1348 quale
598 1294 666 1332 vel
708 1293 793 1349 ipse
824 1293 974 1345 edidit,
1014 1295 1083 1333 vel
1117 1294 1176 1333 ad
1216 1308 1287 1333 nos
1328 1293 1518 1332 Codicum
1546 1308 1626 1332 uon

151 1380 287 1406 varva
315 1381 416 1418 seges
447 1367 698 1417 transmisit,
727 1367 998 1407 abundantius
1037 1367 1262 1410 delecteris.
1321 1367 1379 1406 Et
1407 1380 1459 1406 ea
1495 1367 1535 1405 T
1532 1367 1627 1405 heo-

148 1441 294 1493 phanis
321 1454 402 1480 non
432 1440 606 1479 minima
634 1440 736 1489 laus,
766 1441 875 1495 quod
899 1442 983 1480 eius
1012 1441 1126 1479 toties
1153 1439 1361 1494 descripta
1382 1439 1626 1486 lucubratio,

151 1515 240 1571 ipsa
260 1513 457 1553 brevitate
488 1527 577 1553 cum
589 1514 689 1568 pari
702 1515 995 1568 perspicuitate
1014 1513 1214 1552 Lector-em
1235 1525 1436 1563 recreans,
1459 1513 1628 1551 immen-

104 1588 106 1596 '
151 1600 315 1642 sumque
344 1587 597 1626 historiarum
623 1600 784 1642 aequor
808 1586 919 1625 haud
930 1587 992 1626 ita
1025 1586 1160 1625 multis
1191 1585 1368 1625 versibus
1396 1599 1629 1639 repraesen-

154 1667 269 1698 tans:
310 1659 426 1715 quod
452 1661 547 1698 item
587 1661 624 1698 si
647 1660 716 1715 qui
736 1659 834 1710 fi’re
880 1659 1039 1699 Graeci
1055 1690 1065 1707 ,
1112 1659 1322 1714 Latinique
1344 1668 1437 1712 post
1466 1673 1551 1697 eum
1581 1671 1628 1697 eo

150 1733 260 1772 velut
283 1733 522 1772 charactere
552 1733 748 1787 scripsere
762 1765 774 1786 ,
820 1746 872 1771 ae
909 1733 1169 1771 historiarum
1216 1732 1425 1770 breviaria
1454 1732 1628 1786 posteris

151 1807 373 1862 reliquere,
417 1799 558 1860 quoad
601 1806 676 1844 illa
703 1807 951 1860 porrigitur,
981 1819 1060 1844 non
1093 1814 1173 1844 tam
1203 1819 1312 1844 suum
1344 1804 1510 1859 aliquid
1529 1819 1627 1858 pro-

150 1878 374 1930 duxerint,
407 1892 533 1933 quam
575 1879 792 1918 sublectum
830 1879 1141 1933 Theophanem,
1172 1879 1294 1933 inque
1326 1879 1499 1916 maiores
1526 1890 1629 1916 coa..

150 1961 254 1993 ctum
285 1953 494 2006 angustias
521 1954 743 2008 suppressis
781 1967 859 1991 non
884 1954 1055 2006 paucis,
1096 1951 1223 2003 iisque
1250 1951 1410 1989 nn’nime
1438 1964 1630 2007 spernen-

150 2026 242 2076 dis,
291 2026 381 2067 alio
426 2027 495 2066 vel
535 2026 755 2076 idiomate,
792 2026 860 2064 vel
913 2025 1016 2076 stylo
1060 2024 1244 2063 nonnihil
1286 2024 1451 2078 puriori
1491 2023 1631 2063 reddi-

151 2100 297 2140 derint.

264 2171 330 2211 De
379 2172 644 2227 Theophane,
684 2172 841 2226 eiusque
882 2171 1080 2210 natalibus
1096 2202 1105 2219 ‚
1155 2183 1207 2209 ac
1244 2171 1356 2210 vitae
1397 2178 1478 2209 tota
1518 2170 1631 2208 insti-

152 2247 312 2295 tutione,
343 2259 494 2284 necnon
527 2245 578 2283 τῖε
611 2245 721 2284 illius
747 2259 863 2298 opere
882 2245 969 2291 hoc,
997 2258 1048 2283 ae
1082 2245 1119 2282 ei
1147 2244 1306 2282 coaevis
1333 2243 1428 2281 aliis
1455 2242 1631 2281 eiusdem

153 2319 337 2368 nominis,
361 2331 412 2356 ae
435 2317 604 2356 instituti
615 2332 629 2366 ,·
654 2327 825 2372 praeter
852 2325 1110 2356 monumenta
1136 2316 1213 2370 ipsi
1232 2316 1334 2356 libri
1346 2316 1492 2365 ¹J‘i’enti
1505 2329 1632 2368 prae-

134 2390 260 2446 sicca,
292 2390 424 2429 multis
453 2391 550 2429 satis
568 2390 618 2428 R.
640 2391 688 2429 P.
708 2390 878 2429 Iacobus
913 2390 1028 2429 Goar
1053 2385 1074 2427 ὃ
1104 2388 1364 2439 μακαρίτης,
1395 2389 1483 2442 ipso
1499 2390 1631 2426 statim

153 2464 292 2503 limine
320 2477 456 2503 earum
476 2462 688 2512 Notarum,
722 2478 822 2517 quas
852 2463 963 2501 illius
987 2463 1232 2516 posthumas
1268 2460 1472 2515 produxi,
1533 2460 1627 2499 [cmi

153 2538 260 2576 enim
283 2537 542 2592 Theophanis
570 2545 650 2575 toto
677 2538 767 2590 ipso
798 2544 937 2584 textu,
968 2534 1148 2590 adeoque
1178 2544 1214 2573 et
1238 2534 1381 2572 Leonis
1410 2534 1631 2572 Gramma-

155 2611 223 2649 tiei
239 2640 251 2660 ‚
284 2610 465 2664 exceptis
478 2611 664 2660 jbrtasse
690 2608 882 2663 pauculis
891 2608 1016 2659 soliis
1035 2637 1046 2658 ,
1080 2608 1184 2663 lypis
1216 2607 1419 2656 mandato,
1441 2605 1633 2660 Notisque

155 2670 223 2722 ad'
245 2683 525 2737 Theophanem
553 2681 769 2722 duntaxat
791 2681 951 2735 digestis
966 2714 976 2734 ,
1008 2681 1105 2720 (lum
1137 2681 1434 2719 absolutionem
1454 2708 1465 2728 ,
1499 2680 1634 2718 maio-

156 2770 278 2811 raque
311 2756 400 2795 alia
437 2757 503 2797 vir
541 2755 716 2811 pietati,
739 2755 898 2805 litet-is,
932 2754 1137 2795 Graeciae
1179 2762 1297 2793 natus
1329 2753 1498 2806 cogitat;
1531 2766 1634 2792 moa:
