1786 3204
253 156 360 212 168
816 171 1166 216 THEOPHANIS

243 277 321 319 τοῦ
361 275 550 331 μεγάλου
579 276 924 333 τυραννήσαντος
962 273 1127 330 ἔγγονος
1174 273 1247 315 καὶ
1275 270 1514 328 ,ὁμώνυμος
1554 272 1600 315 ἐν
1637 276 1725 321 τοῖς

242 344 351 386 κατὰ
395 342 473 400 τήν
496 341 664 400 Ῥώμην
694 344 929 398 πατρικίοις
969 345 1119 396 τελῶν,
1164 339 1284 383 ἔνδον
1311 341 1389 382 τοῦ
1415 341 1623 382 παλατιόυ
1651 354 1721 393 γε-

241 411 432 466 νόμενος,
463 410 538 454 τόν
571 409 925 454 Οὖαλεντινιανὸν
966 410 1223 465 ἀπέσφαξεν,
1255 410 1328 450 καί
1353 409 1402 464 τῇ
1436 407 1620 465 Εὖὸοξίᾳ
1648 409 1722 463 βίᾳ

203 480 516 534 Οσυνεγὲνετο,
558 480 633 521 καί
660 480 735 532 τῆς
772 477 993 532 βασιλείας
1031 476 1292 532 ἐκράτησεν·
1364 476 1418 517 δι’
1460 469 1520 517 ὧν
1546 472 1628 530 γάρ
1658 490 1721 524 τις

242 544 493 601 ἁμαρτάνει,
529 547 589 588 δι’
621 545 764 589 αὐτῶν
793 547 866 587 καί
898 543 1168 586 παιδεύεται.
1229 545 1303 586 ἐπὶ
1332 541 1498 592 τούτοις
1524 542 1551 599 ἦ
1578 542 1759 585 Eme-5

241 614 311 666 ξιά
343 614 582 668 α’χθομὲνη,
611 615 685 655 καί
707 614 926 668 μηδεμίαν
945 610 1154 666 βοήθειαν
1184 612 1230 654 ἐκ
1258 612 1337 653 τοῦ
1357 611 1606 661 Βυζαντίου
1631 607 1722 652 ἔσε-

237 685 347 725 σθαι
385 681 497 739 αὐτῇ
541 683 808 735 λογισαμένη,
844 679 1077 722 Θεοδοσίου
1114 682 1192 722 τοῦ
1219 677 1383 735 πατρὸς
1415 678 1550 734 αὐτῆς
1580 681 1722 720 τελευ-

237 750 443 803 τήσαντος
471 748 547 791 καί
583 750 884 802 Πουλχεριάς,
910 747 1231 801 μεταπέμπεται
1261 749 1302 790 Γ
1300 747 1491 803 ιζέριχον
1529 746 1590 795 εἰς
1612 743 1720 788 ‘Pai-

236 834 338 871 μην,
372 817 679 870 παρακαλοῦσα
726 817 999 872 λυτρωθῆναι
1041 817 1087 858 ἐκ
1117 816 1191 870 τῆς
1220 816 1295 858 τοῦ
1329 816 1535 869 Μαξίμου
1565 829 1723 869 τυραν-

120 890 163 925 V.
181 892 225 938 75
238 884 361 934 m‘o'og.
422 886 461 926 Γ
459 886 651 938 ιζερίχου
688 884 737 926 δὲ
767 883 900 942 στόλῳ
927 879 1096 941 μεγάλῳ
1125 882 1429 932 ἐκπλεύσαντος
1457 883 1518 933 εἰς
1539 882 1720 937 Ῥώμην,
1741 895 1786 922 ιο

235 951 440 1005 Μάξιμος
491 954 698 1009 φοβηθείς
729 953 843 1008 φυγῇ
891 948 1121 1005 ἐχρήσατο.
1201 949 1241 992 οἱ
1276 951 1323 993 δὲ
1362 949 1561 1000 συνόντες
1605 951 1721 1008 αὐτῷ

235 1020 401 1062 ἀνεῖλον
437 1017 571 1063 αὐτόν
597 1016 916 1073 βασιλεύσαντα
946 1015 1039 1067 ἔτος
1066 1021 1123 1060 ἓν.
1157 1016 1180 1060 ὅ
1210 1019 1257 1060 δὲ
1285 1020 1510 1073 Ιίζέριχος
1540 1016 1723 1074 μηδενὸς

237 1085 357 1145 αὐτῷ
386 1085 691 1140 α’ντιστοὶντος,
721 1087 919 1141 εἰσῆλθεν
949 1087 1009 1134 εἰς
1033 1085 1212 1142 εΡιόμην
1245 1087 1296 1144 τῇ
1328 1087 1446 1143 τρίτῃ
1477 1085 1617 1144 ἡμέρᾳ
1645 1087 1723 1141 τῆς

236 1157 404 1211 σφαγῆς
434 1156 662 1208 Μαξίμου,
692 1152 766 1195 καί
794 1151 939 1207 λαβών
969 1152 1108 1195 πάντα
1141 1151 1194 1195 τοὶ
1224 1150 1428 1209 χρήματα
1459 1154 1534 1195 καί
1559 1151 1614 1194 τοὶ
1646 1155 1721 1208 τῆς

193 1222 400 1272 Βηόλεως
425 1219 627 1275 θεάματα
649 1222 709 1270 εἰς
739 1218 794 1264 τὰ
824 1225 951 1262 πλοῖα
977 1219 1189 1275 ἐμβαλών,
1221 1222 1265 1262 ὲν
1290 1215 1351 1269 οἷς
1382 1215 1492 1276 ἦσαν
1522 1218 1720 1275 κειμήλια
1741 1218 1786 1258 ι5

236 1289 456 1345 ὁλόχρυσα
496 1291 572 1331 καί
607 1286 784 1331 διάλιθα
830 1287 1187 1344 ἑκκλησιαστικά,
1227 1287 1301 1330 καί
1349 1288 1477 1344 σκεύη
1502 1285 1720 1343 Ἑβραϊκά,

237 1354 347 1413 ἅπερ
385 1353 709 1405 Οὗεσπασιανὸς
743 1359 865 1405 Τῖτος
893 1355 1002 1409 μετὰ
1036 1355 1114 1411 τὴν
1145 1354 1304 1398 ἅλωσιν
1326 1352 1634 1411 Ἱεροσολύμων
1662 1356 1722 1403 εἰς

230 1425 409 1481 Ῥώμην
445 1419 625 1480 ἤγαγεν,
655 1423 736 1467 σὺν
774 1422 940 1473 τούτοις
981 1424 1125 1479 λαβών
1153 1424 1229 1466 καί
1253 1424 1465 1474 Εὕὸοξιάν
1491 1420 1570 1478 τὴν
1599 1424 1723 1476 βασί-

237 1497 391 1536 λισσαν
418 1495 492 1535 καί
516 1491 594 1542 τοὶς
613 1493 856 1547 θυγατέρας
878 1491 1025 1547 αὐτῆς,
1057 1493 1118 1541 εἰς
1146 1489 1356 1547 Ἀφρικὴν
1383 1491 1594 1533 α’πέλυσεν
1611 1507 1620 1517 ·
1652 1490 1726 1531 καί

237 1559 314 1616 τὴν
331 1562 411 1615 μὲν
430 1561 643 1603 Ειῖδοκιάν
663 1558 883 1617 Ὁνωρίχῳ
909 1561 969 1618 τῷ
989 1559 1238 1617 πρωτοτόκῳ
1267 1557 1346 1616 υἱῷ
1366 1559 1499 1600 αὐτοῦ
1521 1555 1722 1609 συνέζευ-
1736 1569 1786 1595 20

240 1632 324 1683 ξεν,
357 1627 436 1686 τήν
467 1630 512 1672 δὲ
523 1629 772 1672 Πλακιδιάν
802 1623 940 1684 ἄνδρα
962 1624 1077 1683 ἔχειν
1103 1624 1261 1681 μαθών
1289 1625 1510 1682 Ὀλύβριον
1537 1623 1611 1668 τὸν
1639 1642 1722 1666 πα·-

343 1796 372 1819 ι.
404 1785 563 1832 ἔγγονος
590 1785 632 1824 Α,
659 1783 786 1830 ἔγγων
811 1784 907 1829 vulg.
1025 1784 1059 1819 3.
1084 1784 1148 1830 βίᾳ
1173 1794 1245 1817 om.
1288 1784 1316 1817 A
1341 1793 1361 1816 e
1389 1783 1414 1815 f.
1537 1791 1572 1825 9.
1600 1781 1723 1821 Μαξι-

335 1834 479 1882 μιανοῦ
497 1845 528 1867 e.
642 1835 696 1876 ¹4.
724 1827 770 1867 τὰ
795 1838 878 1866 ante
900 1830 1014 1880 χρὴμ.
1042 1831 1124 1865 add.
1146 1842 1189 1864 ex
1207 1832 1247 1865 A.
1351 1842 1403 1877 ¹7·
1433 1822 1726 1868 Οὐεσπασιανὸς

336 1884 381 1925 A,
409 1880 707 1917 Οὗεσπασιανοῦ
730 1880 827 1927 vulg.
932 1892 984 1927 ¹9·
1012 1878 1200 1917 ἀπέλυσεν
1224 1879 1267 1921 A,
1292 1878 1528 1915 ἀπέπλευσεν
1552 1878 1650 1923 vulg.

246 2036 316 2070 gno
326 2024 539 2060 Theodosio
558 2025 786 2070 tyrannidem
814 2025 933 2060 fuerat
948 2031 1163 2072 aucupatus,
1184 2035 1299 2070 nepos
1319 2028 1357 2057 et
1382 2022 1542 2057 eiusdem
1569 2021 1729 2056 nominis

246 2085 417 2116 consors,
441 2074 538 2108 inter
562 2075 738 2120 patricios
762 2075 896 2108 Romae
922 2073 1094 2116 adscitus,
1131 2074 1169 2107 in
1193 2073 1370 2120 palatium
1394 2072 1536 2106 irruens
1560 2069 1730 2105 Valenti-

245 2123 395 2156 nianum
423 2122 635 2163 trucidavit,
660 2122 861 2156 Eudoxiam
887 2123 923 2156 vi
951 2122 1134 2169 oppressit
1156 2127 1193 2156 et
1233 2121 1424 2166 imperium
1449 2119 1621 2154 obtinuit.
1674 2123 1729 2152 et-

247 2170 343 2203 enim
370 2181 436 2215 per
460 2182 554 2216 quae
581 2177 709 2216 peccat
733 2171 879 2216 aliquis,
912 2182 978 2216 per
1001 2171 1127 2205 eadem
1162 2169 1367 2214 castigatur.
1418 2167 1474 2201 his
1502 2167 1633 2200 afflicta
1658 2166 1730 2199 Eu·

247 2217 371 2259 donia,
400 2229 493 2259 cum,
521 2217 736 2252 Theodosio
762 2224 864 2264 patre
899 2223 938 2252 et
960 2218 1150 2253 Pulcheria
1185 2218 1255 2251 iam
1283 2217 1464 2258 extinctis,
1489 2215 1634 2249 nullum
1658 2213 1730 2247 sibi

246 2266 356 2313 Cpoli
379 2267 574 2299 affuturum
593 2267 771 2300 auxilium
797 2273 1016 2313 expectaret,
1031 2265 1273 2307 Gizerichum,
1298 2277 1343 2299 ex
1360 2264 1507 2298 Maximi
1534 2261 1729 2307 tyrannide

246 2315 356 2348 eximi
393 2324 430 2347 se
460 2313 674 2360 deprecata,
699 2317 847 2349 Romam
875 2314 1040 2349 advocat.
1091 2325 1134 2348 eo
1169 2326 1249 2348 cum
1274 2313 1414 2358 ingenti
1441 2313 1554 2346 classe
1579 2311 1730 2344 Romam

245 2362 503 2406 adnavigante,
532 2361 728 2396 deterritus
763 2362 942 2396 Maximus
971 2363 1077 2409 fugae
1106 2374 1143 2396 se
1170 2362 1385 2396 committit:
1415 2366 1453 2394 et
1478 2372 1498 2393 a
1523 2359 1619 2400 suis,
1648 2370 1730 2392 cum

245 2411 309 2445 vix
333 2421 466 2444 annum
494 2410 731 2455 imperasset,
757 2410 991 2444 interimitur.
1038 2409 1271 2455 {Gizerichus‚
1298 2409 1402 2443 nullo
1427 2408 1631 2448 resistente,
1657 2413 1732 2440 ter-

245 2459 300 2493 tio
324 2469 344 2492 a
369 2457 480 2492 caede
505 2457 653 2492 Maximi
675 2458 734 2492 die
749 2460 900 2492 Romam
930 2457 1148 2503 ingreditur,
1178 2457 1408 2503 direptisque
1435 2455 1606 2490 omnibus
1632 2454 1732 2488 urbis

246 2506 401 2548 divitiis,
432 2512 471 2540 et
494 2505 634 2540 cunctis
659 2507 739 2540 eius
766 2508 990 2540 ornamentis
1017 2511 1182 2552 spectatu
1207 2505 1434 2550 dignioribus
1461 2505 1500 2538 in
1528 2514 1638 2538 naves
1665 2503 1734 2536 im-

245 2555 389 2601 positiS,
414 2553 454 2588 in
478 2554 612 2601 quibus
639 2556 747 2589 etiam
770 2554 841 2588 fuit
873 2555 1019 2600 copiosa
1043 2553 1218 2587 ecclesiae
1234 2553 1401 2599 supellex
1427 2565 1472 2587 ex
1497 2563 1586 2586 auro
1612 2550 1732 2585 solido

248 2609 286 2637 et
319 2603 468 2649 gemmis
504 2602 686 2643 conflata,
721 2608 759 2637 et
793 2602 972 2636 Hebraica
1007 2613 1093 2635 vasa
1130 2613 1151 2635 a
1174 2601 1392 2647 Vespasiani
1433 2601 1511 2634 filio
1536 2600 1623 2634 Tito
1650 2605 1735 2645 post

247 2650 585 2695 Hierosolymorum
610 2650 795 2685 excidium
822 2652 967 2685 Romam
994 2650 1119 2690 allata,
1155 2655 1193 2683 et
1214 2650 1364 2695 insuper
1384 2648 1546 2683 Eudoxia
1572 2649 1734 2693 impera-

247 2700 338 2733 trice
387 2699 539 2745 eiusque
579 2698 726 2733 filiabus
777 2710 847 2732 una
883 2710 1003 2732 secum
1032 2697 1212 2739 abductis,
1249 2698 1287 2731 in
1314 2697 1469 2731 Africam
1494 2695 1649 2730 navibus
1675 2706 1735 2729 re·-

248 2752 365 2782 meat:
390 2747 441 2781 ibi
467 2747 613 2782 demum
640 2747 838 2782 Eudociam
867 2745 1079 2781 Honoricho
1114 2745 1192 2780 filio
1229 2756 1294 2780 suo
1318 2745 1447 2779 maiori
1473 2744 1644 2789 coniugio
1673 2754 1735 2777 co-

250 2796 365 2842 pulat,
389 2794 586 2831 Placidiam
611 2807 696 2832 vero
724 2807 803 2830 cum
834 2795 1025 2841 olybrium
1060 2794 1253 2841 patricium
1279 2794 1396 2828 virum
1422 2792 1556 2828 habere
1586 2802 1734 2838 compe-
