1786 3204
246 126 357 183 230
674 141 677 146 ’
754 150 755 153 ’
799 144 1149 190 THEOPHANIS

357 247 503 307 Τούτῳ
531 250 588 307 τῷ
617 246 703 291 ἔτει
731 249 1018 298 Ἀναστάσιος
1041 248 1212 299 α’νεθείς
1241 251 1326 291 τῶν
1355 248 1552 303 πολέμων
1569 251 1721 292 Μακε-

235 312 378 357 δόνιον
404 314 480 359 τὸν
507 309 778 372 πατριάρχην
809 317 1070 371 διαστρέψαι
1097 318 1143 358 ἑκ
1171 319 1246 372 τῆς
1278 312 1512 372 ὄρθοδόξου
1542 317 1718 367 πίστεως

195 380 452 426 Βέσπευδεν.
509 385 661 426 πολλοί
681 385 730 427 δὲ
756 387 840 427 ταῖν
867 382 1109 427 ἐπισκόπων
1138 385 1414 443 Ἀναστασίῳ
1439 382 1719 439 χαριζόμενοι

231 454 284 509 τῇ
309 454 355 494 ἐν
384 453 635 508 Χαλκηδόνι,
673 452 842 510 συνόδῳ
883 454 1160 507 α’ντέπιπτον,
1205 447 1266 495 ὧν
1305 454 1472 508 πρῶτος
1498 446 1551 510 ἧν
1577 452 1716 494 Ἐλεύ-

230 535 322 569 σιος
346 517 369 561 ὅ
395 519 619 576 Ἀσήμων.
685 522 943 574 Μανιχαῖον
985 520 1034 562 δέ
1061 536 1156 563 τινα
1187 517 1414 577 ζωγράφον
1437 521 1754 575 ,Συροπέρσηνξῑ

228 585 314 628 dud
349 589 544 640 Κυζίκου
590 586 875 637 Ἀναστάσιος
914 582 1070 642 ἤγαγεν
1116 589 1163 630 ἐν
1190 585 1381 642 σχήματι
1408 588 1715 643 πρεσβυτέρου,

228 652 277 704 ὃς
322 651 526 711 ἀλλότρια
570 657 657 698 τῶν
697 657 1054 712 ἑκκλησιαστικῶν
1095 655 1228 711 ἁγίων
1270 654 1443 698 εἰκόνων
1481 653 1713 710 ἐτόλμησεν

223 720 394 778 γράψαι
423 722 693 780 φασματώὸη
741 725 785 766 ἐν
824 726 885 781 τιῦ
912 726 1106 782 παλατίῳ
1139 720 1432 780 Ἑλληνιανῶν,
1459 722 1603 780 γνώμῃ
1636 721 1713 764 τοῦ

224 793 438 845 βασιλέως
476 791 703 847 χαίροντος
732 797 818 841 τοῖς
850 793 1140 846 Μανιχαίοις,
1187 786 1289 833 ὅθεν
1336 807 1407 834 και
1455 787 1601 840 στάσις
1633 791 1711 832 τοῦ

223 860 333 900 λαοῦ
363 862 506 913 γέγονε
535 857 715 937 μεγαλη.
771 860 846 901 καί
874 857 948 900 τὸν
992 856 1182 914 ἔπαρχον
1210 860 1256 901 ἐν
1285 863 1379 909 ταῖς
1409 856 1608 909 συνάξεσι
1637 874 1709 901 και
1728 876 1776 903 ιο

222 927 269 968 ἒν
300 932 392 977 ταῖς
426 931 564 976 λιταις
593 924 688 969 τότε
719 924 946 983 ἐπενόησεν
983 927 1238 969 ἀκολουθεῖν
1267 942 1289 968 ο
1319 925 1539 982 βασιλευς.
1605 926 1709 982 ἐφο-

182 998 338 1049 (ῑβεῑτο
367 993 447 1050 γὰρ
481 997 567 1037 τῶν
595 994 841 1049 ὄρθοδόξων
867 993 946 1044 τοίς
963 993 1298 1044 ἐπαναστάσεις·
1356 993 1432 1038 καί
1458 995 1620 1049 ἐγένετο
1648 993 1710 1044 εἰς

221 1060 332 1113 ἔθος.
409 1060 591 1108 Ξεναῖαν
630 1060 702 1104 τὸν
737 1062 1090 1119 μανιχαιόφρονα
1132 1058 1285 1118 ἢγαγεν
1309 1059 1599 1112 Ἀναστάσιος
1647 1063 1708 1112 εἰς

218 1129 266 1172 τὸ
301 1129 561 1182 Βυζάντιον,
604 1128 679 1172 τὸν
718 1129 793 1172 καί
822 1128 1076 1184 Φιλόξενον,
1109 1130 1167 1180 ὥς
1200 1130 1441 1188 ὁμόφρονα.
1500 1130 1706 1173 Μακεδό-

217 1214 307 1247 νιος
337 1199 384 1240 δὲ
413 1194 514 1241 οὔτε
556 1197 791 1252 κοινωνίας,
823 1193 922 1240 οὔτε
957 1199 1083 1253 λόγου
1113 1197 1247 1242 αὐτὸν
1276 1199 1465 1254 η’ξίωσεν,
1495 1199 1574 1240 τοῦ
1603 1194 1704 1252 κλή-
1723 1197 1772 1240 ι5

219 1282 298 1319 ρου
329 1265 406 1308 καί
431 1268 514 1309 τῶν
541 1268 747 1320 μοναχῶν
771 1266 846 1307 καί
875 1268 958 1307 τοῦ
982 1268 1092 1308 λαοῦ
1115 1268 1446 1322 ταραττομένου.
1503 1263 1607 1309 ὅθεν
1634 1264 1708 1308 καί

218 1332 363 1388 λάθρα
393 1336 469 1390 τῆς
499 1334 660 1385 πόλεως
691 1332 821 1377 αὐτὸν
847 1334 1047 1390 ἐξήγαγεν
1076 1332 1368 1384 Ἀναστάσιος.
1419 1333 1629 1388 Ἀχόλιον
1657 1333 1707 1375 δέ

218 1419 314 1445 τινα
346 1401 622 1452 Μακεδόνως
646 1400 922 1456 σπασάμενον
951 1405 1041 1444 κατ’
1069 1397 1202 1444 αὐτοῦ
1221 1400 1446 1458 μάχαιραν
1475 1403 1519 1453 ἐξ
1547 1398 1706 1454 ὖποβο-

218 1473 294 1526 λῆς
323 1473 407 1514 τῶν
435 1467 752 1528 ἐχθραινόντων
790 1471 924 1530 αὐτῷ,
967 1472 1170 1527 μηνιαίας
1219 1471 1408 1521 οἷννώνας
1448 1471 1705 1526 προσέταξεν

313 1631 346 1673 4-
367 1628 593 1670 Ἐλευσίνιος
620 1630 640 1666 6
663 1632 860 1690 Σασὴμων
885 1630 921 1664 b.
1048 1643 1081 1676 7.
1112 1627 1167 1679 ος]
1199 1630 1251 1670 ὦς
1277 1632 1374 1665 libri.
1485 1633 1520 1667 8.
1541 1630 1701 1667 Ἑλινια-

312 1678 393 1714 νῶν
417 1681 482 1713 καὶ
506 1681 547 1716 ἐν
574 1678 625 1713 τῶ
650 1678 789 1726 εὐαγίω
814 1678 1006 1737 Στεφάνῳ
1036 1678 1284 1726 Αὐριλιανῶν
1309 1680 1344 1713 b.
1448 1690 1500 1714 io.
1529 1682 1599 1714 καὶ
1615 1679 1698 1712 add.

314 1738 359 1760 ex
385 1728 424 1760 A
549 1729 718 1774 ἔπαρχον
743 1730 770 1761 Α
796 1725 1045 1786 1),ῧ]ιαρχον
1070 1729 1168 1774 vulg.
1297 1731 1349 1762 15.
1381 1727 1481 1773 prius
1510 1726 1592 1763 οὔτε
1615 1727 1697 1760 add.

313 1786 357 1808 ex
377 1775 418 1809 A.
569 1775 753 1823 :9125ng
775 1778 827 1818 Α,
852 1772 968 1813 αὐτὸν
992 1776 1089 1822 vulg.
1254 1779 1435 1825 μηνιαίας
1454 1776 1496 1817 A,
1519 1779 1700 1824 μηνισίας

312 1824 409 1869 vulg.

306 1956 386 1990 Hoc
410 1967 507 1991 anno
534 1957 645 1991 bellis
672 1956 847 1991 liberatus
876 1956 1086 1991 Anastasius
1112 1957 1354 2003 pervertendo
1382 1957 1602 1992 Macedonio
1630 1970 1696 2003 pa-

212 2003 391 2038 triarchae
420 2017 439 2037 a
479 2010 578 2038 recto
610 2005 696 2038 fidei
734 2017 842 2039 sensu
878 2006 1039 2038 studium
1068 2017 1174 2039 omne
1201 2007 1372 2040 contulit.
1429 2006 1552 2051 plures
1576 2013 1695 2040 autem

211 2053 468 2098 episcoporum
482 2054 659 2086 Anastasii
687 2054 821 2098 gratiae
846 2053 917 2087 sibi
939 2053 1198 2098 promerendae
1222 2053 1358 2099 cupidi,
1388 2053 1697 2088 Chalcedonensis

211 2100 342 2144 synodi
375 2112 412 2134 se
457 2101 733 2134 declaraverunt
771 2101 1013 2136 adversarios:
1044 2114 1198 2149 quorum
1240 2102 1498 2146 antesignanus
1529 2102 1696 2136 Eleusius

210 2149 419 2182 Asemensis
447 2150 639 2195 episcopus
665 2150 799 2183 extitit.
863 2150 1115 2183 Manichaeum
1140 2161 1224 2183 vero
1249 2150 1430 2196 quendam
1460 2150 1695 2195 Syr-opersam

211 2207 355 2241 genere,
382 2197 561 2242 pictoriae
586 2198 670 2230 artis
698 2199 868 2242 peritum,
895 2198 1097 2243 presbyteri
1116 2198 1274 2232 vestibus
1302 2204 1469 2232 ornatum
1485 2198 1613 2242 Cyzico
1629 2199 1697 2232 ad·

211 2244 316 2277 duxit
328 2244 551 2285 Anastasius,
581 2245 643 2290 qui
674 2252 904 2279 monstruosa
930 2247 1109 2291 quaedam
1137 2252 1173 2279 et
1196 2258 1215 2278 a
1240 2247 1373 2279 sanctis
1400 2246 1575 2280 ecclesiae
1602 2248 1694 2280 ima-

210 2292 357 2338 ginibus
385 2293 506 2326 aliena
535 2293 580 2325 ad
597 2294 825 2338 imperatoris
845 2294 1142 2327 Manichaeorum
1169 2294 1406 2339 opinionibus
1433 2295 1567 2328 assueti
1592 2307 1695 2329 men—

210 2347 283 2375 tem
324 2342 361 2373 in
390 2341 678 2374 Helenianorum
717 2342 855 2386 palatio
892 2342 1091 2386 depingere
1125 2353 1233 2375 ausus
1273 2348 1344 2376 est:
1381 2354 1425 2376 ex
1461 2354 1534 2388 quo
1565 2354 1695 2388 magna

209 2389 340 2437 populi
370 2388 501 2422 seditio
532 2395 667 2422 coorta.
710 2396 751 2423 ut
775 2390 982 2435 praefectus
1018 2391 1055 2422 in
1085 2389 1326 2424 conventibus
1356 2391 1612 2425 ecclesiasticis
1636 2392 1696 2425 vel

209 2436 369 2483 publicis
410 2436 638 2483 processibus
678 2437 935 2482 imperatorem
970 2449 1066 2482 pone
1093 2443 1331 2483 sequeretur,
1366 2450 1461 2472 novo
1488 2445 1694 2473 commento

208 2486 420 2519 Anastasius
447 2484 581 2518 edixit:
611 2484 680 2517 sibi
703 2486 842 2532 quippe
869 2485 1022 2518 timebat
1047 2497 1066 2518 a
1105 2485 1367 2520 catholicorum
1393 2487 1629 2521 tumultibus:
1657 2493 1697 2522 et

211 2533 283 2566 iam
314 2545 369 2567 res
395 2535 432 2566 in
461 2532 767 2566 consuetudinem
794 2533 950 2567 transiit.
983 2533 1154 2566 Xeua‘i'am
1181 2540 1370 2579 praeterea
1395 2535 1694 2569 Manichaeorum

206 2587 448 2623 sectatorem,
473 2581 710 2617 Philoxenum
748 2582 838 2614 alias
868 2581 1030 2622 dictum,
1069 2588 1197 2627 utpote
1224 2583 1286 2628 qui
1331 2594 1404 2616 una
1428 2595 1549 2617 secum
1575 2584 1691 2617 senti-

207 2635 287 2670 ret,
313 2630 520 2664 Anastasius
552 2629 758 2673 Byzantium
782 2629 980 2663 accersivit.
1039 2629 1277 2664 Macedonius
1304 2637 1437 2673 autem,
1463 2631 1581 2673 clero,
1611 2644 1692 2665 mo-

209 2676 334 2711 nachis
360 2684 397 2711 et
429 2677 567 2724 populo
593 2682 744 2723 propter
787 2689 868 2711 eum
903 2677 1233 2719 tumultuantibus,
1268 2689 1389 2724 neque
1415 2680 1691 2720 communione,

207 2735 327 2770 neque
353 2726 507 2773 alloquii
533 2725 782 2760 familiaritate
800 2725 969 2771 dignatus
995 2731 1067 2759 est·
1095 2727 1263 2772 quocirca
1281 2727 1372 2760 clam
1400 2738 1480 2761 eum
1499 2727 1588 2760 urbe
1604 2727 1692 2760 sub-

207 2771 311 2807 duxit
337 2774 561 2809 Anastasius.
614 2772 805 2808 Acholium
828 2786 938 2821 porro
965 2773 1162 2822 quendam,
1191 2786 1235 2809 ex
1261 2775 1488 2810 infensorum
1513 2775 1583 2811 sihi
1607 2787 1689 2822 sug-
