1786 3204
268 155 342 223 34
814 166 1155 209 THEOPHANIS

267 275 315 316 δὲ
345 271 416 316 τὸν
444 273 576 315 παῖδα
605 274 922 314 Κωνσταντῖνον
956 266 1140 326 ᾐτήσατο
1179 264 1232 308 τιὶ
1262 262 1415 306 θεόθεν
1445 262 1559 321 αὐτῇ
1585 266 1730 305 κελευ-

265 343 421 384 σθέντα
449 341 683 395 πληρῶσαι.
717 335 739 379 ὅ
770 338 817 379 δὲ
845 334 920 391 τὴν
948 332 1140 389 ὑπακοήν
1168 334 1381 387 πεποίηκε.
1424 332 1529 389 θείῳ
1558 332 1606 374 δὲ
1634 330 1731 374 νεύ-

266 424 372 463 ματι
400 406 640 461 κινούμενος
669 403 691 447 ὅ
718 403 893 460 εὐσεβὴς
911 405 1233 449 Κωνσταντΐνος
1262 400 1383 441 πόλιν
1404 400 1464 449 εἰς
1493 396 1603 441 ἴδιον
1633 393 1731 440 ἔνο-

265 493 328 530 μα
358 478 495 518 κτίσαι
523 471 748 529 βουληθείς
793 473 837 514 έν
863 471 917 529 τῷ
961 466 1041 523 πρὸ
1072 469 1150 510 τοῦ
1178 467 1299 509 Ἰλίου
1330 467 1485 525 πεδιζο,
1516 465 1625 521 ὑπὲρ
1658 465 1731 508 τὸν

265 541 450 591 Αἴαντος
465 538 638 598 τάφον,
674 534 726 580 οὗ
751 537 801 594 δὴ
832 554 939 595 φασι
968 535 1039 579 τὸν
1067 535 1346 586 ναύσταθμον
1378 536 1604 589 ἐσχηκέναι
1630 532 1770 583 τούς5

267 610 340 652 ὲπί
372 607 526 664 Τροίαν
555 603 894 663 στρατεύσαντας
909 601 1130 659 Ἕλληνας,
1160 600 1259 650 θεὸς
1292 602 1338 643 δὲ
1359 602 1449 644 κατ’
1482 597 1586 657 ὄναρ
1617 601 1733 658 αὐτῷ

266 679 482 719 ἐκέλευσεν
527 675 572 718 ἐν
594 676 653 732 τῷ
677 674 899 730 Βυζαντίῳ
946 672 1088 714 κτίσαι
1119 668 1194 724 τήν
1221 670 1299 712 νῦν
1327 667 1733 711 Κωνσταντινούπο-

267 748 358 786 λιν·
413 739 467 799 ἢν
495 744 570 785 καί
594 743 828 799 φιλοτίμως
860 737 1110 793 δειμάμενος
1155 735 1283 788 οἴκοις
1317 737 1600 794 περιφανέσι,
1635 734 1734 785 τούς

268 809 351 853 ἇπὸ
375 808 538 866 Ῥώμης
566 807 802 863 α’ξιολόγους
829 805 1054 863 μετῴκισε,
1099 807 1173 847 καί
1208 807 1252 857 ἐξ
1282 799 1419 847 ἄλλων
1447 803 1589 847 τόπων
1621 801 1730 845 κατὰ

156 886 198 921 V.
217 885 254 919 ι5
267 879 382 934 γένος
426 874 745 930 ἐπιλεξάμενος,
800 878 873 917 καί
925 873 1065 923 οἴκους
1108 871 1319 929 μεγάλους
1368 871 1512 922 αὐτοῖς
1550 871 1731 927 χαρισά-
1751 888 1786 915 ι(

266 960 414 999 μενος,
463 945 625 1000 οἰκῆσαι
666 942 739 998 την
776 941 894 984 πόλιν
922 942 1132 996 πεποίηκε.
1198 940 1293 983 τότε
1328 938 1378 995 δὴ
1419 938 1494 981 τὸν
1527 938 1629 982 ναὸν
1657 941 1734 994 τῆς

221 1012 388 1068 Βὰγίας
427 1012 612 1068 Σοφίας,
650 1011 724 1052 καί
775 1012 846 1064 τῆς
890 1009 1012 1064 ἁγίας
1054 1005 1260 1064 Εἰρήνης,
1301 1009 1376 1049 καί
1426 1012 1511 1049 τῶν
1547 1005 1733 1050 ἀποστό-

264 1085 359 1134 λων,
388 1081 460 1121 καί
486 1081 569 1128 τοῦΙ
592 1079 712 1132 ἁγίου
733 1079 930 1130 ΖΡΙωκίου,
960 1075 1032 1118 καί
1059 1079 1135 1118 τοῦ
1156 1077 1421 1132 α’ρχαγγέλου
1440 1078 1485 1118 ἐν
1526 1077 1586 1132 τῷ
1611 1075 1733 1118 Ἀνά-

264 1151 352 1205 πλῳ
374 1144 395 1188 ὅ
423 1146 696 1203 φιλόχριστος
716 1144 916 1200 βασιλεὺς
936 1143 1203 1203 ᾠκοδόμησε·
1235 1142 1337 1193 τούς
1366 1144 1414 1185 δὲ
1442 1145 1523 1186 τῶν
1546 1142 1733 1185 εἰδώλων

265 1213 505 1263 εἰδωλικοὺς
533 1212 659 1262 ναούς
678 1210 960 1255 καταλύεσθαι
992 1214 1234 1267 προσέταξε,
1266 1212 1340 1253 καί
1366 1210 1589 1266 ἐκκλησίας
1623 1212 1731 1253 οἱκο-
1751 1209 1786 1251 ιὲ

267 1283 501 1335 δομεῑσθαι.
545 1281 639 1322 τότε
668 1277 909 1336 κατεσκάφη
937 1278 959 1321 ὅ
985 1281 1030 1321 έν
1048 1281 1204 1334 Αἰγαῖς
1229 1279 1490 1334 Ἀσκληπιοῦ
1517 1275 1631 1334 ναός,
1662 1279 1735 1320 καί

265 1349 286 1393 ὃ
315 1351 359 1392 ἐν
387 1347 591 1406 Ἀφάκοις
609 1351 683 1404 τῆς
708 1348 977 1405 Ἀφροδίτης,
1000 1349 1074 1389 καί
1090 1348 1238 1389 πολλοὶ
1256 1346 1393 1402 ἕτεροι
1410 1364 1420 1374 ·
1452 1345 1617 1396 καίτιὶς
1633 1343 1733 1389 τού-

266 1434 348 1460 των
366 1414 600 1473 προσόδους
621 1421 714 1466 ταῖς
741 1416 978 1471 ἐκκλησίαις
1002 1415 1262 1470 ἐδωρήσατο.
1282 1413 1377 1456 τότε
1393 1412 1526 1456 πολλοὶ
1549 1412 1654 1469 ἔθνη
1675 1414 1735 1470 τῷ

266 1487 525 1539 βαπτίσματι
552 1485 793 1539 προσῆλθον
823 1490 910 1532 τοῖς
935 1482 1135 1536 θαύμασι
1157 1488 1242 1531 τοῖς
1272 1484 1509 1537 γενομένοις
1538 1480 1621 1523 ’ὑπὸ
1652 1483 1736 1524 τῶν

269 1550 551 1606 αἰχμαλώτων
569 1553 653 1593 τῶν
669 1550 741 1593 έπί
752 1551 965 1606 Γαλιηνοῦ
984 1551 1061 1592 τοῦ
1075 1552 1282 1602 βασιλέως
1301 1550 1734 1605 αἰχμαλωτισθέντων
1750 1561 1786 1588 2(

268 1616 415 1674 ἱερέων
444 1620 646 1673 πρότερον
674 1619 720 1659 ἐκ
745 1620 827 1660 τῶν
859 1617 1181 1672 ἐπιδραμόντων
1209 1623 1296 1667 τοῖς
1317 1614 1544 1671 Ῥωμαίοις
1559 1618 1736 1659 sets-&v

164 1691 198 1724 P.
219 1687 343 1733 ι9καί
370 1687 542 1727 Κελτῶν
572 1687 645 1727 καί
662 1686 869 1728 Γαλατῶν
895 1687 977 1728 τῶν
1005 1680 1223 1742 ἑσπερίων.
1281 1685 1355 1728 καί
1378 1687 1452 1729 νῦν
1486 1685 1533 1728 δὲ
1556 1686 1629 1728 ἐπὶ
1658 1685 1738 1727 τοῦ

363 1799 396 1820 2.
424 1786 463 1822 δὲ
486 1788 636 1821 alterum
655 1787 737 1822 add.
767 1799 810 1822 ex
836 1789 864 1822 A
881 1793 917 1822 et
945 1788 1038 1823 aliis.
1113 1790 1149 1824 8.
1174 1791 1239 1824 καὶ
1264 1787 1345 1822 add.
1373 1800 1418 1822 ex
1443 1788 1484 1822 A.
1556 1798 1590 1832 9.
1616 1786 1737 1835 μετῴ-

363 1845 451 1878 κησε
476 1836 569 1880 vulg.
704 1848 758 1870 10.
785 1835 1025 1884 ἐκλεξάμενος
1048 1848 1079 1870 a.
1204 1838 1257 1871 16.
1287 1839 1328 1874 ἐν
1353 1835 1509 1885 Αἰγαῖς]
1539 1830 1675 1883 ἐναγὴς
1702 1847 1735 1871 ³·

273 1940 356 1967 tunc
394 1934 471 1979 ipsa
512 1934 626 1967 filium
670 1934 949 1968 Constantinum
989 1941 1110 1981 rogat,
1153 1942 1194 1970 ut
1232 1935 1408 1969 divinitus
1455 1934 1525 1968 sibi
1565 1935 1737 1980 imposita

273 1992 422 2014 munera
467 1980 692 2027 adimpleret.
762 1983 825 2015 ille
877 1982 998 2016 divino
1052 1990 1144 2018 nutu
1193 1985 1416 2024 concitatus,
1443 1983 1550 2016 matri
1599 1994 1737 2017 morem

276 2029 395 2073 gessit.
445 2029 525 2074 pius
550 2029 645 2062 idem
673 2030 929 2064 Constantinus
965 2031 1088 2065 urbem
1123 2044 1188 2066 suo
1214 2032 1259 2066 de
1296 2033 1441 2065 nomine
1475 2031 1632 2065 condere
1672 2042 1739 2064 vo-

276 2077 378 2116 lens,
416 2075 453 2110 in
500 2077 673 2122 planitie,
711 2089 802 2123 quae
848 2079 915 2111 ilio
965 2079 1126 2113 subiacet
1175 2080 1222 2113 ad
1261 2080 1380 2114 Aiacis
1422 2079 1624 2121 tumulum,
1674 2075 1739 2112 u‘bi

277 2124 431 2158 Graecos
483 2124 528 2157 ad
567 2125 760 2158 Troianam
802 2125 1072 2171 expeditionem
1112 2129 1293 2173 profectos
1348 2128 1494 2161 navium
1543 2128 1740 2162 stationem

276 2171 445 2204 habuisse
493 2173 636 2213 ferunt,
686 2173 803 2206 iussus
848 2179 903 2207 est
952 2175 990 2207 in
1037 2176 1170 2209 somnis
1223 2189 1242 2209 a
1289 2175 1358 2210 deo
1414 2176 1595 2219 Byzantii,
1645 2187 1740 2221 quae

277 2231 374 2252 nunc
403 2219 549 2263 Cpolis‚
574 2219 668 2252 illud
702 2220 891 2254 moliretur
921 2224 1027 2267 opus.
1085 2223 1174 2256 urbe
1200 2224 1310 2268 igitur
1334 2224 1528 2270 praeclaris
1565 2223 1741 2257 aedificiis

279 2272 464 2308 extructa,
496 2267 589 2300 viros
622 2267 796 2312 dignitate
823 2271 1036 2314 praecipuos
1065 2270 1110 2303 ab
1138 2271 1224 2305 urbe
1252 2273 1361 2305 Roma
1403 2272 1559 2318 aliisque
1585 2270 1741 2305 subinde

277 2314 366 2347 locis
393 2314 544 2348 selectos
570 2314 659 2348 illuc
693 2316 900 2357 transtulit,
938 2324 991 2358 et,
1027 2320 1216 2363 praeclaris
1252 2319 1543 2354 habitationibus
1578 2321 1742 2364 assigna-

277 2362 335 2403 tis,
363 2362 485 2395 urbem
521 2363 706 2407 praecepit
742 2364 928 2409 incolere..
954 2377 996 2398 eo
1039 2372 1199 2411 tempore
1226 2374 1368 2402 sanctae
1397 2367 1569 2414 Sophiae,
1596 2374 1742 2402 sanctae

277 2411 421 2450 Irenes,
447 2410 714 2454 apostolorum,
737 2412 850 2445 sancti
876 2412 986 2446 Mocii
1022 2419 1057 2447 et
1081 2414 1284 2459 archangeli
1312 2417 1358 2449 ad
1383 2417 1502 2450 locum
1518 2442 1528 2458 ‚
1555 2416 1620 2463 qui
1646 2416 1745 2449 Ana-

279 2458 360 2503 plus
418 2456 568 2499 dicitur,
622 2459 756 2503 templa
800 2458 931 2493 Christi
976 2472 1097 2495 amans
1148 2463 1343 2508 imperator
1385 2465 1567 2498 extruxit:
1620 2464 1744 2509 profa-

279 2515 398 2551 naque
422 2503 601 2538 idolorum
627 2506 711 2539 fana
739 2506 871 2548 deiici,
903 2513 938 2540 et
962 2510 1129 2543 ecclesias
1157 2512 1339 2544 aedificari
1372 2512 1486 2546 iussit.
1536 2518 1623 2546 tunc
1649 2517 1743 2545 tein-

279 2552 381 2599 plum
414 2552 620 2597 Aesculapii
664 2554 710 2587 ad
733 2555 870 2598 Aegas,
903 2560 940 2588 et
964 2556 1116 2590 Veneris
1149 2558 1187 2591 in
1220 2559 1393 2604 Aphacis,
1431 2566 1469 2594 et
1492 2560 1563 2593 alia
1587 2560 1744 2605 plurima

279 2605 365 2633 sunt
390 2610 510 2633 eversa
528 2626 537 2641 ,
563 2606 674 2646 atque
711 2602 857 2636 illorum
882 2602 1018 2637 reditus
1059 2605 1233 2639 ecclesiae
1262 2607 1408 2641 addicti.
1457 2607 1524 2642 sub
1551 2607 1620 2641 hoc
1645 2607 1743 2640 idem

278 2653 420 2692 tempus
450 2648 587 2682 multae
622 2655 745 2693 gentes
779 2649 823 2683 ad
868 2650 1086 2695 baptismum
1117 2662 1361 2695 accesserunt,
1402 2656 1587 2689 miraculis
1622 2662 1744 2688 motae

280 2694 388 2728 edilis
415 2706 435 2728 a
461 2695 676 2742 quibusdam
702 2697 963 2739 sacerdotibus,
995 2701 1058 2745 qui
1081 2707 1187 2733 antea
1211 2702 1278 2734 sub
1299 2704 1452 2737 Gulieno
1478 2705 1696 2749 imperatore
1724 2714 1745 2735 a

282 2740 432 2783 Gothis,
460 2743 591 2784 Celtis,
632 2750 668 2778 et
698 2744 814 2778 Gallis
842 2746 1044 2791 Hesperiis,
1083 2749 1146 2793 qui
1176 2754 1263 2782 tunc
1290 2750 1458 2784 adversus
1485 2754 1662 2786 Romanos
1687 2751 1745 2783 in-

282 2793 464 2825 cursiones
505 2791 713 2834 fadebaut,
752 2794 884 2840 captivi
922 2795 1023 2829 ducti
1056 2796 1219 2831 fueraut:
1262 2810 1358 2832 nunc
1395 2811 1478 2834 vero
1517 2799 1583 2835 sub
1610 2799 1744 2835 victore
