1786 3204
230 145 265 202 3
280 165 295 202 1
310 166 344 199 o
788 163 1135 207 ‘russoPnAle

224 261 399 320 ἑκάτεροι
426 266 535 321 μέρη
569 260 691 319 εἶδεν,
724 266 925 321 ἐπιλέγων
955 265 1033 307 οὐκ
1061 261 1278 307 ἐπαύσατο
1307 265 1444 318 βοῶν·
1518 262 1698 316 ματαιό-

224 347 298 387 της
323 330 630 385 ,ιιαταιοτήτων
660 333 712 375 τὰ
745 334 880 376 πάντα
898 333 1159 389 ματαιότης]
1215 331 1473 388 α’φικόμενον
1491 332 1538 375 δὲ
1568 331 1699 374 αὐτὸν

222 397 332 442 κατὰ
365 397 412 442 τό
443 401 522 442 τοῦ
546 402 755 455 βασιλέως
782 403 901 455 βῆμα
930 398 1004 455 τήν
1028 401 1278 457 πορφυρίδα
1305 395 1566 454 περιελόντες
1593 415 1701 453 πρησ

223 467 275 522 νῆ
302 464 483 509 πεσόντα
521 471 811 524 προσκυνῆσαι
861 466 933 510 τὸν
960 470 1142 522 βασιλέα
1166 463 1421 523 ἧνοὶγκασαν.
1495 465 1517 509 ὅ
1547 467 1594 508 δὲ
1621 468 1699 520 βα-

184 532 367 584 Βσιλεῦς
391 549 435 577 τε
466 537 540 577 καί
566 534 592 590 ἦ
627 531 841 591 αὖγοῦστα
870 537 947 577 τοῦ
975 536 1205 591 Ἰλδερίχου
1229 537 1388 584 παῖδας
1415 536 1489 576 καί
1503 530 1736 588 ἐγγόνουςό

219 599 381 650 πάντας
408 617 452 643 τε
489 602 592 651 τούς
633 604 680 645 ἐκ
709 605 783 658 τῆς
817 599 1178 646 Οὖαλεντινιανοῦ
1215 603 1428 657 βασιλέως
1456 600 1699 656 συγγενείας

218 666 420 724 χρήματα
459 666 583 714 ἱκανὰ
617 669 859 725 ἐδωρήσατο
879 704 889 723 ,
920 674 994 713 καί
1022 673 1063 713 Γ
1061 674 1223 726 ελιζιιερι
1258 671 1400 725 χωρία
1430 670 1475 711 ἕν
1502 667 1699 726 Γαλατίᾳ

216 737 382 791 μεγάλα
412 752 458 778 τε
502 737 575 779 καί
603 737 761 794 τερπνὰ
799 736 904 792 μετὰ
936 738 1102 781 πάντων
1131 741 1215 780 τῶν
1243 738 1457 792 συγγενῶν
1486 736 1623 779 αυ’τοῦ’
1653 737 1699 777 ἐν

215 801 383 853 τούτοις
413 803 542 846 οἰκεῖν
571 805 890 861 συνεχώρησεν,
926 806 987 856 εἰς
1015 808 1242 861 πατρικίου
1272 806 1319 847 δὲ
1349 805 1473 855 α’ξίαν
1502 799 1698 859 ἀνεβίβα-

216 886 288 912 σεν
313 873 474 924 τοῦτον,
508 870 580 914 διὰ
609 871 654 915 τὸ
685 871 743 927 μὴ
779 874 986 928 δέχεσθαι
1014 872 1146 915 αὐτὸν
1172 875 1246 929 τῆς
1274 873 1440 927 Ἀρείου
1471 870 1594 928 δόξης
1621 886 1697 924 με·
1716 887 1762 912 ιο

215 940 439 994 ταστῆναι.
498 939 521 980 ὁ
563 941 611 982 δὲ
641 939 896 995 Βελισάριος
936 939 1046 993 μετὰ
1090 940 1164 982 τὸν
1201 939 1418 996 θρίαμβον
1447 937 1697 994 ὑπάτευσεν,

213 1006 291 1048 καί
316 1004 547 1059 πάμπολλα
574 1005 781 1062 χρήματα
810 1009 856 1049 ἐκ
884 1011 957 1062 τῆς
977 1007 1112 1049 αὐτοῦ
1152 1010 1266 1063 νίκης
1297 1005 1318 1048 ὗ
1351 1008 1486 1062 δῆμος
1514 1007 1699 1048 1121ti-

212 1073 386 1123 ζαντίου
403 1072 665 1130 α’πήλαυσεν,
695 1071 776 1117 ὅσα
794 1075 977 1117 ου’ὃὲπω.
1007 1077 1087 1116 τοῦ
1105 1076 1151 1117 δὲ
1164 1077 1412 1128 Σολομῶνος
1428 1072 1507 1129 τήν
1525 1072 1699 1128 Λιβύην

73 1152 117 1190 v,
137 1154 200 1188 ,36
214 1139 452 1196 διέποντος,
483 1142 766 1198 Μαυρούσιοι
796 1141 981 1196 πόλεμον
1006 1141 1115 1184 κατὰ
1143 1141 1340 1196 Λυβύων
1379 1142 1589 1197 ἐκίνησαν.
1648 1137 1688 1181 οἱ

213 1208 261 1249 δὲ
288 1208 567 1264 ΙΠαυρούσιοι
599 1207 645 1252 ἑκ
673 1210 758 1251 τῶν
788 1211 927 1252 ἐθνῶν
958 1208 1227 1265 κατάγονται,
1269 1207 1533 1264 οθς“Ἰησοῦ’ς
1565 1206 1588 1249 ὃ
1618 1201 1762 1251 τοῦιό

173 1276 347 1331 ΕΝαυῆ
376 1277 422 1319 ἐκ
451 1278 527 1331 τῆς
555 1279 764 1320 Φοινίκων
792 1278 939 1332 χώρας
969 1276 1049 1319 α’πὸ
1083 1277 1268 1326 Σιδῶνος
1297 1277 1452 1330 μέχρις
1473 1273 1698 1330 Αἰγύπτου

211 1345 512 1393 κατοικοῦντας
545 1343 780 1400 α’πήλασεν.
831 1346 1015 1394 οἵτινες
1033 1342 1340 1398 καταλαβόντες
1366 1341 1442 1398 τήν
1462 1341 1697 1398 Αιγυπτον,

211 1426 284 1453 και
308 1427 368 1467 μη
413 1412 636 1466 ὃεχθὲντες
682 1411 756 1454 υπ’
783 1413 955 1468 αὐτῶν,
986 1410 1362 1466 καταλαμβάνουσι
1399 1408 1477 1465 τὴν
1506 1405 1695 1464 Λιβυην,

211 1494 282 1522 και
310 1478 468 1535 ταύτην
494 1477 827 1535 παροικήσαντες
847 1477 919 1538 (ην
947 1478 1111 1539 υστέρω
1139 1479 1272 1537 καιρῶ
1291 1476 1330 1523 οἱ
1363 1475 1481 1535 παρὰ
1510 1473 1695 1531 ςῬωμαι-

310 1667 338 1689 i.
366 1655 467 1702 βοῶν
489 1656 532 1697 A,
560 1658 680 1704 λέγων
703 1657 800 1702 vulg.
921 1656 956 1690 3.
982 1652 1050 1700 τὴν
1073 1654 1311 1712 πορφυρίδα
1318 1656 1361 1697 Α,
1387 1650 1457 1691 τὸν
1479 1652 1693 1701 πορφύραν

305 1705 403 1760 vulg.
525 1706 558 1738 5.
585 1705 707 1740 παῖδα
736 1705 776 1738 A.
899 1705 934 1738 6.
959 1705 1001 1740 ἐκ
1024 1704 1087 1749 τῆς
1111 1706 1153 1746 A,
1182 1707 1222 1740 ἐκ
1245 1702 1311 1739 τοῦ
1336 1702 1429 1747 vulg.
1550 1714 1583 1747 7.
1611 1704 1693 1736 ἱκα-

304 1765 350 1789 να
372 1729 422 1793 ξἈ,
449 1745 544 1786 zaim
567 1754 662 1798 vulg.
796 1765 831 1798 9.
861 1752 1146 1811 συνεχώρησεν,
1173 1755 1226 1792 εἰς
1249 1764 1364 1798 πατρ.
1396 1751 1436 1786 δὲ
1471 1748 1583 1791 αξίαν
1607 1749 1694 1785 ανε-

304 1804 460 1845 βίβασεν
483 1800 619 1838 τοῦτον
652 1802 703 1841 Α,
751 1800 1000 1856 συγχωρήσας
1036 1804 1087 1841 εἰς
1117 1813 1157 1836 π.
1190 1799 1298 1840 τάξιν
1329 1800 1462 1835 τοῦτον
1497 1797 1565 1834 οὒκ
1592 1796 1692 1844 ἄνεβ.

304 1849 403 1893 vulg.
541 1860 591 1883 ιι.
619 1844 714 1907 μετὰ
751 1844 817 1884 τὸν
842 1852 1035 1897 θρίαμβον
1066 1849 1117 1890 A,
1142 1844 1237 1897 μετὰ
1266 1847 1342 1884 τῶν
1366 1846 1571 1904 θριάμβων
1594 1847 1693 1890 vulg.

306 1897 360 1934 13
371 1874 536 1933 δοῦὃέπω
560 1897 602 1939 A,
629 1895 808 1933 οὐδέποτε
832 1897 928 1943 vulg.
1090 1898 1142 1932 ι6.
1171 1898 1211 1933 ἐκ
1243 1898 1306 1940 τῆς
1344 1897 1395 1938 A,
1429 1897 1471 1932 ἐκ
1495 1894 1572 1932 τῶν
1595 1895 1693 1939 vulg.

207 2066 315 2095 voces
334 2055 562 2101 frequentius
579 2058 754 2103 repetitas
775 2058 918 2103 erupit:
945 2058 1085 2092 vanitas
1104 2058 1326 2098 vanitatum,
1353 2062 1390 2091 et
1408 2056 1530 2090 omnia
1544 2056 1694 2090 vanitas.

206 2115 331 2138 versus
356 2103 586 2149 imperatoris
617 2111 738 2139 autem
757 2106 889 2141 solium
914 2106 1171 2152 procedentem
1191 2110 1372 2138 exuerunt
1397 2115 1570 2150 purpura,
1595 2105 1696 2150 prius

208 2152 318 2188 etiam
347 2163 454 2197 quun
479 2164 615 2197 pronus
653 2154 692 2187 in
719 2159 851 2187 terram
890 2155 1145 2199 imperatorem
1169 2153 1335 2186 venerari
1360 2158 1559 2197 cogeretur.
1610 2158 1695 2197 post

207 2198 298 2233 haec
329 2198 501 2233 llderichi
537 2200 632 2234 filios
664 2206 701 2234 et
733 2207 898 2247 nepotes,
927 2212 1064 2248 eosque
1093 2206 1253 2243 cunctos,
1290 2202 1354 2247 qui
1379 2211 1400 2234 a
1425 2199 1691 2234 Valentiniano

208 2247 428 2293 imperatore
466 2258 576 2291 genus
602 2247 735 2282 ducere
775 2250 909 2295 reperti
943 2255 1051 2291 sunt,
1078 2248 1278 2295 imperator
1312 2254 1348 2282 et
1378 2254 1530 2292 augusta
1564 2260 1696 2293 magna

208 2295 417 2331 divitiarum
460 2294 685 2330 liberalitate
726 2297 892 2342 excepit:
933 2296 1111 2331 Gelimeri
1146 2308 1232 2330 vero
1272 2296 1372 2329 vicos
1407 2302 1444 2329 et
1468 2295 1605 2342 oppida
1629 2308 1695 2342 per

209 2343 390 2377 Galatiam
415 2344 536 2389 ampla
557 2348 594 2377 et
618 2355 782 2400 amo-ena,
808 2345 847 2379 in
873 2345 1005 2391 quibus
1034 2345 1111 2390 ipse
1138 2356 1218 2378 cum
1235 2344 1401 2378 affinibus
1417 2344 1585 2378 habitare
1610 2355 1695 2389 per-

207 2392 425 2433 mitteretur,
451 2391 666 2436 assignavit:
693 2393 731 2427 in
754 2392 988 2438 patriciorum
1015 2398 1136 2427 tamen
1160 2392 1322 2426 ordinem
1352 2391 1452 2438 quod
1477 2392 1694 2426 Arianorum

208 2440 418 2485 opinionem
445 2438 611 2473 deserere
646 2439 877 2482 detrectaret,
905 2453 981 2474 non
1003 2440 1135 2474 evexit.
1183 2446 1263 2474 acto
1289 2439 1476 2486 triumpho
1500 2441 1695 2474 Belisarius

207 2487 364 2523 subinde
392 2487 620 2522 consulatum
649 2489 771 2533 gessit,
804 2493 841 2522 et
869 2499 913 2521 ex
939 2489 1018 2522 eius
1041 2488 1193 2523 victoria
1227 2488 1265 2522 id
1297 2499 1525 2522 nummorum
1550 2500 1696 2529 munus,

206 2536 316 2583 quale
329 2546 510 2581 nusquam
524 2535 701 2577 auditum,
718 2535 878 2581 populus
891 2537 1109 2580 Byzantinus
1127 2537 1276 2582 accepit.
1295 2549 1404 2582 porro
1421 2537 1616 2571 Salomone
1631 2536 1694 2569 Li—

204 2583 313 2639 hyan]
336 2583 625 2625 administrante,
636 2583 813 2617 Maurusii
829 2583 999 2617 adversus
1016 2583 1147 2628 Libyas
1169 2596 1266 2617 arma
1288 2590 1488 2618 moverunt.
1517 2583 1577 2617 isti
1588 2583 1695 2617 Mau-

204 2632 293 2667 rusii
322 2643 366 2667 ex
391 2631 572 2677 gentibus,
598 2644 688 2678 quas
712 2634 813 2665 Iesus
840 2633 938 2666 Nave
973 2630 1194 2665 Phoenicum
1228 2633 1410 2676 regionem
1437 2643 1457 2665 a
1483 2631 1622 2664 Sidone
1648 2631 1695 2664 ad

202 2680 406 2725 Aegyptum
434 2691 551 2726 usque
578 2679 789 2715 habitantes
820 2680 974 2725 expulit,
1004 2680 1179 2725 originem
1209 2685 1422 2714 traxerunt:
1440 2680 1510 2725 qui
1534 2679 1692 2725 primum

201 2726 240 2763 in
265 2729 470 2775 Aegyptum
497 2728 738 2773 appellentes,
763 2738 831 2762 nec-
868 2727 913 2760 lb
940 2727 1071 2761 incolis
1112 2727 1271 2768 admissi
1298 2732 1540 2774 perrexerunt
1565 2726 1604 2762 in
1632 2727 1693 2760 Li-

201 2773 322 2823 hyatu,
350 2782 388 2812 et
412 2788 493 2813 eam
516 2776 768 2812 incoluerunt:
797 2775 892 2823 (eam
913 2777 1079 2822 sequutis
1104 2776 1332 2823 temporibus
1351 2777 1593 2810 Romanorum
1624 2774 1692 2809 im-
