1708 3172
163 161 294 202 xvln
628 158 973 202 THEOPHANis
1017 158 1161 201 vlTA.

163 277 258 311 νος·
319 260 374 302 ου’
400 259 478 317 γὰρ
512 261 698 318 ἐμφανές
728 276 806 302 τινι
842 262 925 302 ταῖν
953 259 1121 302 πάντων
1140 259 1526 317 καθέστηκε,·πότε
1555 263 1632 304 θά-

163 343 286 378 νατος
329 326 546 382 ἐπελθών,
573 329 646 370 καί
691 325 840 370 τούτου
880 330 1070 382 χωρίσας
1100 324 1207 383 πρὸς
1233 325 1278 370 τὸ
1309 329 1463 380 μέλλον
1489 345 1631 384 παρα-

163 396 324 449 πέμψει
351 393 426 436 nat*
451 395 589 436 κοινὸν
614 391 897 449 δικαστήριον,
929 395 1127 447 ἑτασμοΐς
1145 393 1339 449 ἀκριβέσι
1367 395 1448 436 ταῖν
1469 411 1631 451 πεπρα-

163 464 327 518 γμένων
354 458 768 516 ὖποβληθησόμενον.
842 463 1039 503 ἐντεῦθεν
1077 460 1300 514 ἀνέτοιμον
1330 462 1460 503 ἐνίοτε
1490 463 1634 516 λαβών

165 530 240 570 καί
267 530 476 578 πλείστοις
512 527 701 584 ᾳιορτιόις
741 524 1052 583 ἁμαρτημάτων
1092 527 1405 585 βαρυνόμενον,
1448 531 1522 585 τῆς
1559 534 1635 572 τοῦ

165 596 338 638 κτιστοῦ
369 596 595 637 καλοποιοῦ
637 592 891 650 ὥραιότητος
934 595 994 643 εἰς
1035 593 1148 636 ἅπαν
1187 593 1492 652 α’λλοτριώσας,
1523 596 1635 651 οἱζιιοι

166 660 323 720 αἰωνίῳ
366 659 636 711 καταδικάζει
683 662 807 716 πυρί·
881 660 1013 715 μικρά
1058 662 1104 703 δὲ
1142 664 1216 703 καί
1243 659 1412 716 δοκήσει
1440 665 1549 722 μόνῃ
1579 663 1630 706 τά

168 727 275 774 καλὰ
303 730 558 783 κεκτημένος,
585 729 776 782 α’πείροις
805 727 996 783 οἶνιαροῖς
1024 726 1349 783 περιτειχιζεται
1378 730 1633 774 ἰδιοποιοῦσι

165 794 242 850 την
271 794 479 850 τελευτήν.
540 800 658 836 ποῖον
697 796 744 837 δὲ
781 797 864 836 τῶν
902 791 1055 836 τούτου
1095 795 1232 836 καλῶν
1259 793 1439 849 μόνιμον
1466 798 1638 854 ἕστηκε,-

166 864 366 914 πλοῦτοςς
387 858 408 903 ὅ
428 863 576 911 κακιάς
594 863 756 914 μᾶλλον
777 857 806 914 ἢ
834 856 982 915 ἀρετῆς
1004 861 1210 916 ὑπηρέτης
1239 860 1296 917 μη
1331 865 1468 913 καλῶς
1486 869 1637 920 κυβερ-

167 926 367 983 νώμενος,
397 926 504 970 ἄλλα
533 930 715 982 μυριόυς
744 926 844 978 τούς
863 925 1220 981 έπιβουλευόντας
1246 926 1368 986 ἔχων,
1398 932 1497 988 πρίν
1527 930 1635 974 κατὰ

166 995 335 1051 γνώμην
364 996 568 1050 κτηθῆναι
593 992 794 1044 πολλάκις
826 993 1013 1037 διώλολε.
1065 994 1217 1044 ,κάλλος
1236 994 1431 1049 σώματος
1459 999 1636 1057 εὕχροίᾳ

167 1079 212 1105 τε
241 1064 315 1104 καὶ
343 1063 580 1118 συμμετρίᾳ
607 1063 747 1115 μελῶν
788 1059 1136 1117 προσγινόμενον;
1176 1063 1266 1104 ἀλλ’
1311 1059 1339 1117 ἢ
1367 1061 1508 1123 χρόνῳ
1538 1069 1636 1120 σβε-

166 1130 272 1172 σθὲν
302 1124 330 1184 ἢ
372 1127 481 1186 νόσῳ
509 1129 731 1184 μαρανθὲν
773 1129 975 1182 διαρρυὲν
1004 1123 1148 1185 ᾤχετο.
1218 1130 1340 1186 δόξης
1371 1131 1639 1189 α’νθρωηίνης

166 1198 434 1251 περιπέτεια,·
465 1195 537 1238 καί
565 1195 608 1238 τί
635 1194 791 1251 ταύτης
818 1195 1135 1252 εὐτελέστερον,
1164 1189 1200 1238 ὦ
1230 1197 1423 1255 φιλτάτη,
1452 1199 1635 1253 μάλιστα

155 1262 271 1316 πρὸς
297 1259 372 1318 την
402 1262 539 1304 ἀΐδιον
569 1262 750 1318 ἐκείνην,
789 1259 840 1318 ἢν
868 1260 1096 1318 ὀφθαλμὸς
1134 1263 1211 1304 οὔκ
1243 1259 1329 1305 εἶδε
1355 1264 1429 1306 καί
1457 1259 1530 1316 οῧς
1563 1267 1639 1307 οὔκ

167 1324 345 1385 ἤκουσε,
387 1329 777 1384 παραβαλλομένης.
847 1326 898 1384 ἢν
948 1328 1027 1383 γὰρ
1074 1327 1095 1370 ὅ
1125 1332 1243 1386 πρωῒ
1278 1329 1534 1386 κτησάμενος
1564 1334 1641 1374 οὔκ

170 1392 282 1438 οἶδεν
312 1397 352 1438 εἰ
392 1397 522 1451 μέχρι
557 1395 697 1451 δείλης
735 1394 863 1450 ὄψιάς
902 1402 1162 1453 παραμενεῖ,
1198 1399 1287 1446 πῶς
1328 1395 1381 1440 ἄν
1408 1399 1566 1455 ταύτην
1593 1401 1640 1442 ἐν

169 1467 313 1515 καλοῖς
340 1463 583 1518 λογίσαιτο,·
612 1461 765 1519 μικρὸν
793 1458 880 1519 οὖν,
903 1463 941 1506 εἰ
966 1464 1100 1519 δοκεῖ,
1128 1470 1214 1515 τοϊς
1244 1467 1320 1521 τῆς
1350 1465 1519 1522 φύσεως
1551 1472 1640 1510 λει-

266 1615 302 1648 6.
327 1614 559 1651 καλλοποιοῦ
581 1616 657 1650 Par.
767 1627 818 1650 12.
845 1614 1001 1663 εὔχροια
1024 1618 1101 1651 Par.
1239 1620 1290 1653 16.
1319 1619 1375 1655 ἴδε
1395 1620 1470 1653 Par.
1589 1622 1639 1655 18.

270 1664 318 1710 εἰ]
343 1660 362 1707 ἢ
391 1664 465 1697 Par.
591 1674 642 1707 ¹9-
670 1663 751 1697 fort.
776 1665 965 1711 λογίσαιο.

177 1799 346 1834 omnibus
373 1804 496 1844 patet,
521 1800 686 1844 exiguum
712 1806 787 1843 est,
811 1812 1029 1848 prorsusque
1054 1803 1242 1837 incertum.
1292 1816 1398 1839 nemo
1427 1806 1521 1839 enim
1547 1818 1642 1839 mor-

177 1847 304 1880 talium
340 1848 464 1887 novit,
491 1847 635 1892 quando
669 1860 762 1881 mors
797 1860 981 1882 accessura
1020 1851 1088 1893 sit,
1123 1863 1263 1898 nosque
1298 1852 1383 1886 hinc
1407 1853 1452 1886 ad
1482 1854 1644 1888 futurum

177 1894 282 1935 ilhuL
311 1894 408 1939 quod
439 1895 604 1928 ouussbus
631 1898 1178 1938 eu2connnune‚annandatun1
1213 1899 1461 1942 huflchnn,in
1485 1913 1557 1947 quo
1586 1913 1644 1934 re-

179 1954 255 1975 rum
284 1947 460 1985 gestarum
490 1943 580 1975 ratio
607 1946 736 1977 severis
765 1944 1035 1989 quaestionibus
1074 1946 1255 1980 reddenda
1284 1949 1363 1983 erit.
1416 1949 1504 1982 hinc¹
1528 1961 1646 1995 quan-

179 1991 301 2035 doque
325 1989 540 2033 imparatos,
566 1992 774 2036 magnisque
801 1998 1028 2037 peccatorum
1055 1995 1208 2027 cumulis
1238 2002 1429 2037 oneratos,
1457 2008 1476 2029 a
1502 2003 1644 2030 creato-

182 2038 228 2070 ris
254 2036 539 2080 pulchritudine,
568 2049 610 2069 εκ
636 2049 706 2083 qua
733 2045 853 2071 manat
877 2038 975 2085 quod
999 2040 1188 2085 pulchrum
1215 2049 1280 2083 est,
1308 2045 1452 2089 penitus
1475 2051 1647 2086 extorres,

181 2084 336 2117 aeternis
362 2084 454 2117 heu!
506 2084 653 2118 flammis
679 2086 835 2119 addicit:
874 2093 984 2131 atque
1019 2089 1058 2129 is,
1086 2090 1148 2134 qui
1179 2091 1305 2133 exigua
1330 2092 1445 2133 bona,
1471 2093 1501 2125 si
1526 2099 1648 2126 tamen

182 2130 337 2165 dicenda
366 2137 450 2165 sunt
486 2131 604 2172 bona,
640 2144 732 2178 quae
766 2134 885 2179 specie
913 2140 1051 2168 tantum
1085 2143 1122 2170 et
1144 2137 1317 2182 opinione
1344 2146 1427 2173 sunt
1454 2140 1647 2181 eiusmodi,

181 2177 404 2225 possederit,
431 2180 631 2213 innumeris
667 2181 874 2227 implicatur
904 2182 1100 2225 molestiis,
1140 2185 1274 2231 quibus
1307 2187 1401 2220 vitae
1438 2188 1518 2221 finis
1544 2199 1647 2233 aegre

183 2226 349 2260 immunis
377 2228 435 2261 sit.
486 2227 658 2272 quidnam
678 2239 761 2262 vero
782 2240 826 2262 ex
852 2230 894 2262 iis
919 2241 1011 2275 quae
1029 2231 1113 2265 huic
1140 2239 1340 2278 suppetunt
1365 2234 1481 2275 bonis,
1509 2236 1649 2269 firmum

183 2286 224 2307 ac
251 2273 409 2307 stabile?
458 2286 541 2308 num
583 2274 760 2310 divitiae?
809 2282 848 2310 at
888 2282 983 2310 certe
1011 2279 1118 2320 iliae,
1146 2291 1239 2326 quae
1275 2282 1355 2315 vitii
1381 2284 1490 2327 magis
1509 2309 1518 2324 ‚
1543 2295 1650 2328 quam

183 2322 328 2355 virtutis
356 2322 542 2355 ministrae
568 2328 675 2364 sunt,
709 2335 783 2357 non
822 2330 916 2357 recte
951 2325 1239 2369 administratae,
1275 2341 1317 2362 ac
1352 2341 1431 2363 cum
1456 2331 1651 2364 multorum

185 2368 326 2403 insidiis
356 2369 537 2403 obnoxiae
564 2371 744 2412 existant,
783 2373 944 2405 nondum
972 2384 1016 2407 ex
1044 2381 1127 2408 voto
1155 2382 1278 2421 partae
1305 2379 1448 2424 saepius
1477 2378 1653 2411 dilabuu-

186 2423 256 2450 tur.
306 2428 351 2449 an
381 2416 615 2462 pulchritudo
654 2419 824 2464 corporis,
852 2431 946 2465 quae
971 2433 1014 2455 ex
1039 2422 1195 2467 quadam
1222 2425 1350 2459 coloris
1377 2427 1567 2467 suavitate,
1594 2433 1653 2460 at-

187 2475 259 2510 que
284 2471 367 2509 apta
393 2465 503 2508 figura
527 2465 766 2499 membrorum
792 2468 980 2502 consistit?
1030 2482 1149 2504 verum
1178 2471 1242 2504 illa
1268 2478 1331 2506 aut
1345 2478 1507 2519 tempore
1534 2474 1653 2507 extin-

188 2512 317 2556 guitur,
343 2518 406 2546 aut
421 2512 546 2546 morbo
573 2512 786 2547 deflorescit.
833 2514 1013 2549 humanae
1028 2518 1165 2561 gloriae
1182 2521 1402 2554 ostentatio?

188 2560 252 2592 ina
281 2559 476 2601 abiectius,
513 2572 533 2594 o
559 2561 690 2595 coniux
723 2561 950 2605 charissima,
981 2567 1191 2610 praesertim
1224 2569 1255 2600 si
1293 2579 1370 2600 cum
1404 2574 1551 2602 aeterna
1578 2570 1654 2607 illa,

189 2619 295 2653 quam
322 2618 388 2640 nec
417 2607 545 2642 oculus
587 2609 700 2650 vidit,
729 2621 796 2643 nec
827 2611 922 2643 auris
948 2611 1105 2655 audivit,
1133 2615 1386 2660 comparetur?
1433 2628 1526 2662 quae
1557 2617 1653 2650 enim

190 2654 366 2688 eiusmodi
393 2661 458 2697 est,
478 2661 519 2689 ut
537 2667 616 2689 cum
636 2668 714 2693 eam
731 2669 835 2691 mane
852 2658 1003 2703 adeptus
1022 2661 1081 2702 sis,
1098 2662 1233 2695 nescias
1250 2674 1293 2695 an
1315 2674 1428 2709 usque
1455 2663 1499 2696 ad
1524 2675 1654 2709 vespe-

190 2714 261 2736 ram
289 2704 334 2736 sit
360 2714 603 2748 permansura,
633 2705 721 2750 quid
751 2711 805 2739 est
829 2708 946 2739 curin
972 2709 1076 2740 bunis
1099 2711 1333 2744 numeretur?
1384 2711 1472 2744 haec
1499 2724 1578 2744 cuin
1602 2711 1652 2744 ita

192 2751 275 2791 sint,
301 2752 329 2783 si
357 2750 511 2792 videtur,
541 2753 720 2798 tantisper
743 2759 894 2788 naturae
918 2755 1079 2788 obsecuti
1112 2757 1272 2801 legibus,
1297 2758 1403 2792 nobis
1434 2760 1502 2805 ipsi
1527 2770 1653 2806 super-

1658 875 1704 900 ΙΟ

1452 2521 1543 2567 quid
1568 2533 1652 2555 vero
1670 2541 1674 2544 ⁴
