1786 3204
34 456 129 491 AM.
146 458 232 504 597¹

262 125 371 201 196
820 143 1168 187 THEOPHANJS

250 246 427 303 ἀναιρεῖ
449 244 550 298 τούς
575 248 704 289 τοῦτο
733 247 1085 301 βουλευομένους.
1145 246 1321 301 τελευτᾷ
1351 245 1398 286 δὲ
1425 243 1557 294 αὐτὸς
1580 240 1732 299 δόρατι

249 313 489 370 περιπεσών
520 313 601 371 πρὸ
636 317 710 371 τῆς
734 315 875 357 ἀὐτοῦ
906 316 1060 370 σκηνῆς
1077 310 1231 355 ἑστῶτι
1248 312 1476 369 αἰφνιδίως
1504 312 1550 355 ἐν
1565 312 1622 369 τῷ
1637 312 1732 353 ἐπι-

249 380 415 436 βαίνειν
442 383 514 425 τόν
544 383 684 425 ΐππον.
1348 383 1350 385 ’

366 449 514 508 Τούτῳ
559 451 621 508 τῷ
661 446 749 492 ἔτει
779 445 1034 505 ,ΖΙΙαρκιανὸς
1071 443 1094 488 ὅ
1125 452 1226 497 παῖς
1251 447 1485 500 Ἀνθεμιόυ
1516 448 1596 488 τοῦ
1622 444 1729 489 κατὰ

113 507 148 541 Ρ·
170 516 322 575 ’09τὴν
351 515 519 574 Ῥώμην
548 515 885 572 βασιλεύσαντος
903 549 915 569 ,
947 513 1051 570 α’νὴρ
1085 515 1132 557 δὲ
1162 513 1401 571 Λεοντιάς,
1433 516 1625 570 Βερίνης
1651 514 1768 568 μὲνό

245 587 486 642 θυγατρός,
517 585 708 641 α’δελφῆς
739 585 786 626 δὲ
810 583 1042 639 Ἀρεάδνης
1071 586 1148 638 τῆς
1175 583 1419 638 βασιλίδος,
1451 583 1729 624 ἐπανίσταται

244 652 350 696 κατὰ
382 650 427 695 τὸ
443 650 685 704 Βυζάντιον
699 651 870 707 Ζήνωνι
895 653 954 709 τῷ
982 653 1169 704 βασιλεῖ,
1190 649 1248 699 ὥς
1271 647 1379 704 μετοὶ
1403 647 1478 705 τὴν
1506 650 1730 704 βασιλείαν

244 722 434 770 Λέοντος
479 720 750 774 γεννηθειῖτης
793 719 1007 767 Λεοντιάς
1045 720 1121 773 τῆς
1165 717 1302 759 αὐτοῦ
1329 717 1527 772 γαμετῆς.
1587 715 1611 772 ἥ
1644 714 1725 771 γάρ

241 787 448 844 Ἀρεάδνῃ
479 784 562 843 πρὸ
584 787 660 828 τοῦ
677 787 938 839 βασιλεῦσαι
969 783 1104 828 αὐτὸν
1131 786 1302 841 ἐτέχθη.
1332 787 1521 838 πολέμου
1548 785 1595 826 δὲ
1625 801 1729 838 κρα-

240 856 366 898 ταιοῦ
392 853 550 908 μεταξὺ
569 851 767 908 Ζήνωνος
783 851 858 895 καί
874 855 1139 909 ΙΙἸαρκιανοῧ
1156 853 1447 908 κροτηθέντος,
1478 853 1575 909 νικᾷ
1596 854 1727 908 Μαρ-
1745 867 1786 893 m

238 920 387 971 κιανὸς
418 919 525 964 κατὰ
555 922 710 976 κράτος
740 919 904 970 πάντας
935 919 1175 971 συνελάσας
1201 918 1301 969 τούς
1330 921 1431 973 περὶ
1458 916 1636 975 Ζήνωνα
1666 920 1729 969 εἷς

240 988 438 1047 φρουρὰν
455 990 516 1038 εἰς
544 987 595 1031 τὰ
612 990 829 1042 βασίλεια,
861 987 1206 1043 συμμαχούντων
1237 986 1357 1044 αὐτῷ
1375 986 1622 1040 Ῥωμύλλου
1655 984 1731 1028 καί

238 1056 493 1112 Προκοπίου
525 1058 604 1098 τοῦ
633 1052 829 1112 ἀδελφοῦ
858 1055 1006 1098 αὐτοῦ.
1038 1057 1113 1098 καί
1136 1056 1294 1112 μικροῦ
1317 1056 1406 1097 δεῖν
1434 1053 1481 1098 τὸ
1510 1054 1729 1109 βασίλειον

237 1127 458 1180 κατέσχεν.
493 1121 760 1179 ὀλιγωρήσας
795 1125 843 1166 δὲ
867 1125 951 1166 τῶν
978 1125 1261 1179 πραχθέντων
1284 1122 1450 1172 καίἐῖς
1478 1123 1628 1164 δεῖπνα
1656 1119 1731 1163 καὶ

197 1205 223 1238 Β
237 1189 371 1234 ὕπνον
386 1194 578 1249 τραπείς,
596 1189 778 1240 πολλοὺς
794 1192 842 1233 δὲ
862 1188 934 1233 διοὶ
959 1193 1031 1248 τῆς
1047 1188 1199 1241 νυκτὸς
1217 1191 1473 1248 α’φαιρεθείς
1500 1191 1586 1233 τῶν
1610 1185 1726 1248 αὖτῷ
1745 1190 1786 1233 15

42 2148 212 2194 A.C.471

235 1258 481 1315 συμμάχων
512 1258 595 1300 ὑπὸ
622 1253 766 1302 Ἴλλου
804 1261 1041 1315 μαγίστρου
1082 1256 1237 1316 δώροις
1266 1257 1423 1309 αὐτούς
1459 1254 1726 1300 &nonedam-

234 1343 318 1381 τος,
350 1328 604 1370 ἐλαττοῦται
646 1329 699 1384 τῇ
741 1327 863 1385 μάχῃ
897 1325 1005 1368 κατὰ
1035 1324 1113 1383 τήν
1151 1327 1304 1384 ἑφεξῆς
1335 1328 1549 1382 τοσοῦτον,
1578 1323 1634 1375 ὥς
1664 1327 1726 1375 εἰς

232 1393 278 1439 τὸ
313 1397 398 1438 τῶν
444 1393 695 1437 ἀποστόλων
737 1393 962 1450 εὕκτὴριον
999 1400 1260 1451 καταφυγεῖν
1292 1395 1368 1437 καί
1408 1392 1492 1436 ὑπὸ
1522 1393 1722 1437 Ἀκακιόυ

233 1464 590 1519 χειροτονηθῆναι
621 1460 913 1519 πρεσβύτερον
944 1460 1050 1505 κατὰ
1081 1464 1271 1504 κέλευσιν
1290 1460 1504 1518 Ζήνωνος,
1531 1463 1606 1503 καί
1633 1462 1723 1512 ἐξο-
1777 1518 1785 1524 s

233 1531 399 1587 ρι’ζεται
428 1531 490 1580 εἰς
511 1528 558 1572 τό
583 1532 845 1586 Παπουρίου
876 1532 1096 1573 καστέλλιν
1127 1531 1188 1579 εἰς
1206 1531 1538 1574 Καππαδοκίαν.
1595 1533 1720 1587 ,Προ-
1736 1545 1786 1572 zo

330 1690 364 1713 2.
395 1678 607 1724 ἐπιβαίνειν
633 1679 673 1720 Α,
707 1681 945 1725 περιβαίνειν
971 1680 1068 1724 vulg.
1192 1680 1224 1713 5.
1255 1679 1295 1715 δὲ
1318 1681 1507 1720 Λεοντίας
1531 1681 1572 1722 Δ,
1597 1678 1639 1715 δὲ
1663 1679 1723 1724 τῆς

328 1729 379 1763 Λ.
405 1728 501 1771 vulg.
609 1728 660 1761 13.
689 1723 730 1762 τὸ
754 1729 949 1772 βασίλειον
976 1730 1018 1770 A,
1045 1727 1112 1764 τοῦ
1135 1729 1327 1774 βασιλείου
1352 1729 1446 1774 vulg.
1539 1730 1601 1776 ⁶15.
1629 1730 1721 1764 πολ-

329 1772 419 1815 λοὺς
443 1775 483 1810 δὲ
510 1774 552 1817 Α,
576 1775 739 1815 πολλούς
767 1787 806 1811 τε
829 1776 925 1821 vulg.
1030 1777 1080 1809 16.
1102 1774 1392 1817 ὖποπιάσαντος
1415 1779 1457 1821 A,
1484 1775 1721 1812 ὖποπείσαν-
1775 1820 1778 1822 ‚

329 1836 394 1864 τος
416 1824 514 1869 vulg.
671 1835 722 1868 ¹7·
746 1825 788 1871 τῇ
805 1823 909 1872 μάχῃ
928 1824 954 1857 A
969 1850 978 1866 ‚
1003 1820 1070 1867 τὴν
1092 1824 1221 1872 μάχην
1246 1826 1340 1870 vulg.
1487 1827 1538 1861 18.
1567 1822 1610 1861 τὸ
1635 1825 1718 1859 add.

329 1883 374 1905 ex
395 1873 435 1906 A.
539 1882 597 1905 20.
624 1875 838 1919 Παπυρίου
863 1873 1081 1909 καστέλλιον
1104 1873 1134 1906 Α
1161 1873 1197 1908 Ιι.
1226 1873 1250 1906 1.
1278 1880 1316 1907 et
1342 1872 1449 1907 infra.

233 2003 271 2033 et
296 2003 392 2033 retro
421 1999 492 2033 iter
519 2010 641 2044 agens,
670 1999 885 2033 insidiarum
909 2005 1075 2034 auctores
1100 2000 1249 2034 sustulit
1275 2011 1294 2034 e
1322 2000 1456 2034 medio.
1509 2001 1587 2047 ipse
1618 2011 1718 2043 vero,

233 2046 318 2082 dum
350 2058 483 2092 equum
521 2047 803 2089 conscenderet,
839 2048 878 2081 in
911 2047 1052 2082 hastam
1089 2054 1174 2082 ante
1205 2049 1283 2082 eius
1310 2049 1510 2082 tentorium
1536 2050 1642 2084 fixam
1674 2061 1719 2083 ex

233 2095 430 2142 improviso
449 2095 614 2130 incidens
642 2097 823 2130 extinctus
845 2101 911 2129 est.

327 2144 405 2177 Hoc
434 2154 531 2177 anno
561 2144 766 2177 Marcianus
790 2143 1003 2184 Anthemii,
1045 2144 1108 2190 qui
1148 2145 1282 2177 Romae
1318 2144 1580 2188 imperaverat,
1620 2144 1718 2178 filius

232 2189 406 2237 idemque
433 2192 623 2233 Leontiae,
647 2192 806 2226 Verinae
835 2191 981 2238 quidem
1008 2192 1129 2233 filiae,
1156 2193 1396 2237 imperatricis
1423 2203 1509 2225 vero
1527 2192 1718 2226 Areadnae

233 2239 367 2273 sororis
407 2240 583 2280 maritus,
614 2240 660 2272 ad
698 2239 841 2285 Cpolim
868 2240 1039 2274 adversus
1072 2241 1251 2273 Zenonem
1293 2241 1549 2285 imperatorem
1576 2239 1718 2274 bellum

233 2293 378 2321 movet:
405 2298 447 2321 eo
476 2287 575 2333 quod
602 2288 755 2322 Leontia
781 2288 858 2321 eius
890 2300 982 2321 uxor
1008 2299 1052 2321 ex
1076 2290 1200 2322 Leone
1225 2289 1294 2321 iam
1317 2290 1533 2334 imperante,
1551 2288 1718 2323 Areadna

232 2346 330 2377 vero,
354 2336 564 2381 priusquam
591 2336 782 2381 imperium
805 2335 935 2369 fuisset
962 2342 1189 2382 assequutus,
1215 2342 1298 2370 nata
1328 2337 1457 2370 fuerat.
1509 2336 1619 2381 igitur
1645 2338 1719 2370 acri

231 2383 372 2429 praelio
410 2384 508 2416 inter
531 2384 711 2417 Zenonem
737 2389 774 2417 et
796 2384 1021 2418 Marcianum
1047 2385 1237 2417 commisso
1253 2410 1261 2426 ,
1304 2385 1531 2426 Marcianus,
1560 2386 1717 2418 Romulo

233 2437 272 2465 et
296 2431 470 2477 Procopio
497 2431 574 2464 eius
613 2431 787 2465 fratribus
819 2444 889 2465 una
915 2433 1103 2478 suppetias
1140 2432 1355 2473 ferentibus,
1380 2433 1519 2466 viribus
1548 2435 1718 2478 superior

233 2481 357 2520 evasit,
383 2490 583 2525 omnesque
608 2481 762 2513 Zenonis
793 2481 914 2526 copias
951 2481 988 2513 in
1016 2480 1191 2525 palatium
1232 2487 1404 2526 tanquam
1430 2481 1467 2514 in
1495 2481 1717 2527 praesidium

232 2540 269 2561 se
295 2528 455 2574 recipere
482 2527 625 2572 adegit:
652 2533 868 2574 tantumque
895 2527 1026 2569 abfuit,
1054 2534 1093 2562 ut
1118 2529 1258 2574 palatio
1285 2529 1395 2562 simul
1421 2535 1458 2563 et
1476 2529 1631 2575 imperio
1647 2542 1716 2576 po—

231 2576 376 2610 tii-etur.
427 2586 552 2610 verum
577 2575 623 2608 de
651 2575 757 2610 rebus
783 2576 951 2621 gerendis
981 2588 1107 2622 parum
1132 2577 1323 2618 sollicitus,
1355 2577 1401 2610 ad
1427 2588 1562 2611 coenae
1588 2579 1716 2624 epulas

231 2634 473 2670 somnumque
509 2623 727 2669 capiendum
764 2635 907 2665 versus,
946 2630 984 2658 et
1018 2625 1084 2657 1110
1124 2626 1296 2669 magistro
1335 2624 1443 2659 donis
1475 2626 1596 2670 copias
1635 2626 1714 2659 eius

230 2671 483 2713 subducente,
511 2671 601 2706 beni
631 2672 738 2706 socIis
764 2673 969 2718 spoliatus‚·
991 2674 1162 2718 sequenti
1187 2674 1268 2707 luce
1298 2673 1450 2707 inferior
1474 2673 1566 2707 adeo
1593 2685 1714 2707 reces-

230 2720 279 2754 sit
302 2731 320 2753 e
349 2732 479 2766 pugna,
506 2725 546 2755 ut
579 2718 626 2753 ad
652 2721 902 2766 apostolorum
940 2720 1068 2754 aedem
1110 2727 1148 2754 et
1175 2721 1327 2755 tutelam
1354 2721 1579 2766 confugeret,
1606 2727 1642 2756 et
1667 2721 1715 2755 ad

230 2769 385 2803 Zenonis
407 2769 542 2804 iussum
579 2767 626 2802 ab
655 2769 787 2803 Acacio
815 2768 1006 2815 presbyter
1045 2769 1247 2811 ordinatus,
1273 2769 1319 2803 ad
1346 2771 1540 2816 Papurium
1569 2770 1712 2816 Cappa-
