1768 3106
230 130 348 198 426
753 151 1103 193 THEOPHAle

229 265 324 300 ποις
352 251 659 307 περιπεσόντες,
691 249 931 295 ἐκινδύνευε
951 250 998 294 τὸ
1018 249 1321 306 στρατόπεδον·
1378 251 1627 304 βαδίσαντες
1657 251 1708 297 δὲ,

217 318 301 361 ,διὰ
331 325 405 376 τῆς
434 319 595 373 νυκτός,
625 310 1007 376 περιτυγχάνουσιν
1035 322 1092 379 τῷ
1117 319 1303 379 Ἰλβακίᾳ
1325 321 1512 378 ποταμῷ.
1543 318 1704 376 λόχμης

229 390 278 431 δὲ
308 388 371 437 εἰς
397 386 445 430 to*
475 388 679 444 α’ντίπερα
697 385 887 444 ύπούσης
905 390 963 446 τῷ
989 389 1178 446 ποταμῷ,
1208 386 1246 430 οἱ
1264 388 1481 443 βάρβαροι
1508 388 1554 431 ἐν
1572 385 1706 445 ταύτῃ

227 452 528 512 κρυπτόμενοι,
563 454 665 505 τούς
704 455 970 510 α’ρυομένους
1011 454 1056 498 τὸ
1086 452 1205 511 ὕδωρ
1235 453 1449 508 ἐτόξευον·
1520 453 1706 512 μεγάλης

182 524 365 567 Πτοίνυν
397 523 598 579 ἐπηρείας
625 529 711 573 τοῖς
735 521 960 576 Ῥωμαίων
992 524 1215 580 γενομένης
1243 521 1571 580 στρατεύμασιν,
1599 521 1743 580 πρὸς5

225 591 367 648 φυγὴν
394 588 636 647 ἐχώρησαν,
679 593 1105 647 καταπολεμηθέντες
1148 588 1233 634 ὑπὸ
1262 594 1349 635 ταῖν
1376 591 1623 648 βαρβάρων.
1683 589 1711 633 ἆ

225 659 274 702 δὲ
314 660 563 715 Μαυρίκιος
599 661 738 702 ταῦτα
783 658 973 714 ἀκηκοώς
1014 657 1086 701 τὸν
1129 661 1307 716 Πέτρον·
1344 660 1419 715 τῆς
1454 658 1706 715 στρατηγίας

224 727 492 783 ἀπέπαυσεν,
531 729 606 771 καί
644 724 720 769 τὸν
748 728 946 782 Πρίσκον
984 726 1117 770 πάλιν
1159 725 1393 784 στρατηγὸν
1431 728 1505 783 τῆς
1533 724 1705 785 Θρᾴκης

225 794 487 838 ἀπέστειλεν.

16 869 108 904 ΑΜ.
119 871 213 915 6090
343 866 381 905 T
379 861 487 922 ούτῳ
517 862 576 920 τῷ
609 860 692 906 ἔτει
708 863 904 918 Πρίσκος
925 861 1165 918 στρατηγὸς
1194 863 1372 919 ἐξῆλθεν
1402 864 1447 910 ἐν
1476 863 1529 921 τῇ
1546 861 1705 920 Θρᾴκῃ,
1726 878 1768 904 ιο

61 921 124 967 ,Ρ-
142 920 209 957 233
225 933 301 974 καί
325 928 403 981 τὰς
429 929 634 983 δυνάμεις
662 931 913 986 ἠρίθμησεν,
942 930 1019 972 καί
1047 924 1172 985 εὗρεν
1199 926 1264 973 ὅτι
1291 933 1453 986 πλῆθος
1471 929 1586 973 ’πολὺ
1618 931 1706 973 ὁίε-

27 2461 68 2496 Α.
83 2461 121 2496 C.
135 2460 204 2507 590

225 997 378 1057 φθάρη
409 1000 453 1050 ἐξ
482 999 638 1041 αὐτῶν.
697 997 878 1047 τούτους
907 998 955 1041 δὲ
983 997 1214 1053 ἀναλαβών
1233 1001 1514 1054 παραγίνεται
1543 999 1603 1048 εἰς
1629 996 1706 1040 τὸν

212 1061 380 1121 Ἴστρον
413 1064 604 1119 ποταμὸν
635 1068 696 1116 εἰς
717 1066 877 1120 Νόβας.
936 1062 958 1107 ὃ
991 1067 1038 1108 δὲ
1056 1064 1256 1121 Χαγοὶνος
1281 1068 1404 1110 τοῦτο
1421 1066 1578 1121 μαθὼν
1604 1068 1706 1120 πρέ-

224 1136 342 1187 σβεις
371 1134 606 1188 ἐξέπεμψεν
637 1133 715 1190 τὴν
748 1135 891 1176 αἰτίαν
920 1132 1242 1188 πυνθανόμενος
1269 1137 1344 1190 τῆς
1370 1136 1575 1192 ἀφίξεως.
1606 1133 1628 1176 ὅ
1661 1135 1708 1178 δὲ

224 1205 418 1257 Πρίσκος
447 1201 769 1260 προεφασίσατο
801 1202 874 1244 διὰ
904 1202 1134 1258 κυνηγέσια
1156 1204 1420 1259 ἐληλυθέναι.
1480 1201 1501 1244 ὁ
1533 1204 1580 1246 δὲ
1609 1201 1768 1244 Xa-15

222 1267 359 1326 γάνος,
390 1266 442 1310 ού
475 1269 642 1313 δίκαιόν
671 1272 775 1327 ἐστι,
806 1270 963 1328 φησίν,
994 1271 1039 1312 ἐν
1063 1269 1272 1330 ἀλλοτρίῳ
1300 1268 1411 1330 τόπῳ
1438 1276 1652 1326 κυνηγεῖν·
1684 1268 1706 1311 ὃ

224 1339 273 1380 δὲ
307 1337 502 1391 Πρίσκος
528 1335 640 1385 ἴδιον
669 1336 810 1393 ἔλεγεν
850 1335 959 1381 εἶναι
987 1338 1061 1380 τὸν
1099 1335 1238 1394 τόπον,
1269 1337 1344 1381 καὶ
1370 1339 1447 1395 τήν
1478 1339 1524 1391 ἐξ
1555 1339 1709 1381 οἰνατο-

222 1406 298 1461 λῆς
328 1403 570 1460 ἀπόδρασιν
608 1407 665 1464 τῷ
704 1406 891 1464 Χαγάνῳ
931 1406 1160 1459 ὠνείδιζεν.
1229 1405 1251 1448 ὁ
1294 1408 1342 1450 δὲ
1381 1404 1602 1463 βάρβαρος
1634 1407 1708 1461 τῆς

219 1471 462 1528 Σιγγιδόνος
494 1471 541 1516 τὸ
568 1479 710 1528 τεῖχος
739 1476 991 1516 κατέλυσεν·
1050 1473 1126 1516 καί
1155 1473 1229 1516 ἐπὶ
1255 1472 1332 1529 τὴν
1362 1476 1448 1516 τῶν
1471 1472 1704 1528 Ῥωμαίων

213 1543 292 1598 γῆν
320 1539 489 1598 ἐχώρει.
546 1543 670 1584 τοῦτο
695 1541 889 1595 μαθώνὸ
913 1543 1108 1598 Πρίσκος
1132 1533 1406 1597 παραγίνεται
1432 1542 1493 1591 εἷς
1522 1540 1598 1597 τήν
1628 1544 1768 1596 2113-20

309 1725 343 1747 2.
366 1711 526 1760 Ἰλβακίᾳ
550 1714 578 1748 Α
597 1726 617 1747 a
643 1713 668 1757 f,
691 1715 854 1761 Ἶλβτεκίῳ
878 1715 976 1759 vulg.
1084 1715 1118 1747 3.
1144 1712 1314 1756 ὑπούσης
1327 1713 1370 1755 A,
1396 1711 1579 1757 ὑπιοὺσης
1603 1715 1698 1759 vulg.

309 1763 343 1804 [i-
369 1759 458 1801 τούς
483 1761 718 1811 ἅρυομένους
734 1766 762 1798 Α
790 1775 810 1796 a
835 1763 860 1804 f,
884 1771 962 1803 τοῖς
980 1761 1207 1810 ἀρυομένοις
1229 1762 1326 1807 vulg.
1451 1763 1485 1795 5.
1506 1761 1701 1809 Ῥωμαίών

307 1810 350 1851 A,
372 1809 579 1857 ‘Pwtuatozg
599 1812 695 1857 vulg.
816 1823 850 1856 7.
878 1812 941 1854 τῆς
969 1810 1053 1844 add.
1089 1822 1133 1844 ex
1160 1811 1198 1844 A.
1340 1822 1392 1844 12.
1420 1807 1625 1857 ἀναλαβών
1657 1813 1699 1851 Α,

311 1853 549 1905 παραλαβών
572 1860 671 1905 vulg.
801 1860 850 1893 13.
878 1859 1007 1906 Νόβας
1028 1860 1057 1893 Α
1083 1870 1101 1892 e
1128 1859 1166 1901 f,
1194 1853 1318 1907 νομὰς
1341 1858 1461 1904 vulg.‚
1487 1859 1560 1893 vid.
1590 1870 1700 1906 supra

307 1918 343 1953 p.
373 1908 455 1951 423,
485 1908 535 1942 18.

214 2061 294 2108 pria
317 2061 397 2096 loca
435 2074 474 2096 se
498 2074 680 2109 recepere.
732 2063 795 2097 sed
822 2063 991 2097 ductores
1018 2069 1113 2098 recta
1140 2063 1197 2096 via
1225 2062 1447 2102 aberrantes,
1473 2066 1510 2095 et
1533 2062 1574 2096 in
1598 2061 1699 2095 arida

212 2110 467 2156 inaquosaque
503 2111 585 2145 loca
619 2111 869 2153 deflectentes,
896 2113 1093 2146 exercitum
1123 2110 1162 2144 in
1189 2122 1356 2156 magnum
1383 2110 1573 2144 coniecere
1598 2110 1699 2156 peri-

214 2158 349 2192 culum.
383 2159 454 2192 iter
477 2171 584 2204 porro
607 2165 717 2194 noctu
746 2165 973 2205 peragentes,
996 2159 1224 2193 diverterunt
1249 2158 1295 2191 ad
1324 2157 1499 2192 llbacium
1541 2169 1698 2192 amnem.

215 2206 360 2240 barbari
384 2218 471 2240 vero
501 2207 539 2241 in
566 2207 721 2249 insidiis,
748 2219 838 2254 quas
864 2213 962 2241 trans
1002 2208 1138 2241 flumen
1167 2207 1444 2246 collocaverant,
1475 2206 1699 2240 delitescen-

215 2260 283 2295 tes,
325 2254 364 2288 iu
388 2255 579 2296 Romanos,
603 2256 666 2301 qui
695 2255 867 2289 haustum
894 2261 1080 2296 venerant,
1120 2255 1194 2288 tela
1216 2254 1483 2288 iaculabantur.
1552 2266 1597 2288 ex
1624 2265 1698 2299 quo

217 2302 369 2337 Romani
405 2314 488 2337 cum
514 2314 644 2348 magna
685 2303 788 2338 clade
821 2305 1068 2344 afficerentur,
1107 2314 1126 2335 a
1157 2302 1320 2336 barbaris
1347 2302 1495 2337 demum
1513 2301 1698 2336 debellati

213 2352 305 2385 versi
340 2356 425 2384 sunt
455 2351 494 2385 in
522 2351 653 2396 fugam.
717 2351 913 2386 Mauricius
941 2352 999 2386 his
1025 2350 1159 2385 auditis
1200 2351 1344 2385 Petrum
1387 2350 1503 2385 officio
1524 2351 1697 2397 privavit,

216 2404 254 2434 et
285 2400 441 2434 Priscum
477 2399 609 2433 iterum
637 2398 815 2433 Thraciae.
853 2399 982 2433 (lucem
1015 2399 1207 2443 delegavit.

314 2448 390 2481 Hoc
413 2459 508 2482 anno
539 2447 613 2481 dux
637 2447 775 2481 Priscus
801 2449 839 2482 in
854 2448 1046 2482 Thraciam
1066 2446 1252 2492 profectus
1281 2447 1480 2481 exercitum
1506 2445 1698 2486 recensuit,

217 2501 256 2530 et
279 2507 447 2541 maguam
472 2495 628 2530 militum
647 2507 792 2529 manum
818 2507 862 2529 ex
891 2496 943 2529 eis
970 2496 1117 2541 periisse
1147 2501 1184 2529 et
1213 2495 1413 2530 desiderari
1438 2494 1628 2539 comperit.
1653 2493 1698 2526 iis

218 2544 358 2580 eductis
384 2546 431 2579 ad
452 2545 583 2578 Istrum
607 2544 757 2578 fluvium
787 2544 906 2578 Novas
933 2554 971 2576 se
995 2543 1163 2576 contulit.
1216 2543 1349 2590 quibus
1376 2542 1530 2587 cognitis
1556 2541 1698 2586 Chaga-

217 2605 286 2627 nus
312 2594 451 2638 legatos
478 2593 718 2639 profectionis
742 2603 886 2626 emisam
913 2592 1158 2625 sciscitaturos
1198 2592 1307 2626 misit.
1362 2591 1503 2626 Priscus
1538 2589 1696 2623 venandi

218 2641 330 2685 gratia
358 2653 395 2675 se
419 2641 612 2676 accessisse
636 2646 861 2687 praetexere.
910 2639 956 2674 ad
982 2651 1089 2686 quem
1118 2639 1324 2684 Chaganus:
1347 2639 1461 2680 nefas,
1487 2637 1550 2677 ait,
1574 2637 1698 2671 alieno

218 2690 256 2722 in
284 2690 362 2723 solo
389 2695 426 2724 te
462 2695 635 2724 venatum
663 2699 844 2723 exercere.
894 2689 1031 2723 Priscus
1058 2693 1181 2727 contra
1210 2689 1397 2734 proprium
1421 2696 1583 2720 asserere
1611 2684 1700 2718 sun-

219 2736 329 2779 dum‚
363 2743 402 2773 et
433 2737 645 2784 Chaganum
684 2749 728 2772 ex
761 2738 900 2782 oriente
926 2736 1146 2781 transfugam
1185 2735 1360 2770 affirmare
1398 2740 1436 2769 et
1463 2732 1696 2780 exprobrare.

218 2791 413 2833 eapropter
435 2785 609 2821 barbarus
633 2786 765 2822 eversis
779 2784 991 2832 Singidonis
1010 2783 1212 2824 moenibus,
1241 2785 1279 2819 in
1300 2786 1494 2819 Romanam
1516 2781 1696 2816 ditionem
