1800 3210
274 155 307 210 8
827 160 1167 205 THEOPHANffi

66 300 259 347 A.M.5780
272 278 472 347 Περσῶν
498 289 704 346 βασιλέως
737 287 958 343 Οὕαροίνου
988 283 1075 334 ἔτος
1104 281 1153 325 α’.

385 359 523 417 Τούτῳ
570 359 626 413 τῷ
664 354 746 397 ἔτει
788 350 1085 407 Διοκλητιανός
1126 347 1403 403 Μαξιμιανὸν
1444 346 1517 391 τὸν
1553 344 1725 402 Ἓρκού..

187 428 199 436 ‘
231 431 360 472 Βλιον
393 425 585 470 κοινωνὸν
628 423 867 475 (ἐνεδείξατο
905 422 975 476 τῆς
1015 416 1149 461 αὐτοῦ
1188 419 1407 472 βασιλείας
1440 415 1500 474 τῷ
1541 412 1726 472 τετάρτῳ

272 498 404 539 αὐτοῦ
433 492 580 551 χρόνῳ.

70 574 156 607 AM.
171 574 256 619 5781
383 562 568 616 Περσῶν
590 559 797 613 βασιλέως
827 554 1032 611 Νάρσεως
1058 553 1147 605 ἔτος
1181 552 1234 596 α’.
1741 555 1766 596 5

68 639 261 684 Α.Μ.5782
390 626 530 685 Τούτῳ
564 627 629 684 ’τῷ
658 624 741 667 ἔτει
769 621 1066 678 Διοκλητιανὸς
1108 623 1183 664 καί
1212 619 1486 673 Μαξιμιανός
1513 618 1535 660 ὅ
1556 617 1729 672 ‘Epami-

236 685 362 746 Ολιος
400 697 634 749 Ὀβούσιριν
675 692 747 734 καί
787 690 968 734 Κόπτων
1005 688 1146 738 πόλεις
1187 691 1232 731 ἐν
1275 686 1439 744 Θήβαις
1480 689 1555 742 τῆς
1594 683 1731 741 Αἰγύ-

277 779 382 806 πτου
413 762 471 811 εἰς
514 760 669 817 ἔδαφος
709 761 980 813 κατέσκαψαν
1019 756 1365 814 α’τιοστατησοέσας
1401 757 1473 811 τῆς
1508 754 1732 809 Ῥωμαίων

275 831 424 886 ἀρχῆς

74 907 263 954 A.M.57S5
395 896 534 954 Τούτῳ
576 897 632 954 τῷ
661 892 746 937 ἔτει
774 891 1069 949 Διοκλητιανός
1107 891 1180 933 καί
1202 887 1483 942 Μαξιμιανὸς
1519 885 1541 930 ὅ
1564 884 1733 943 Ἑρκού-
1752 904 1800 931 10

233 956 365 1015 1)λιος
399 965 605 1018 nath-apag
642 963 842 1017 ἐποίησαν
883 960 1179 1003 Κωνστάντιον
1223 960 1295 1000 καί
1324 954 1600 1011 ῙΙἸαξιμιανὸν
1624 958 1663 999 Γ
1663 960 1736 998 αλ-

279 1034 429 1086 λέριον.
493 1030 566 1072 καί
605 1029 628 1071 ὅ
671 1032 750 1084 μὲν
784 1026 1083 1083 Διοκλητιανὸς
1126 1029 1282 1069 δέδωκε
1312 1023 1388 1080 τὴν
1417 1023 1571 1067 ἑαυτοῦ
1604 1027 1739 1079 θυγα-

277 1103 376 1155 τέρα
405 1097 509 1153 πρὸς
541 1097 675 1152 γάμον
701 1098 757 1154 τῷ
785 1097 1021 1154 Γαλλερίῳ,
1067 1094 1089 1136 ὅ
1122 1097 1168 1137 δὲ
1193 1092 1430 1150 Ἑρκούλιος
1462 1091 1740 1146 Μαξιμιανὸς

278 1166 354 1222 τήν
383 1163 539 1207 ἑαυτοῦ
575 1166 793 1219 θυγατέρα
824 1163 1052 1217 Θεοδώραν
1092 1163 1150 1219 τῷ
1179 1163 1464 1220 Κωνσταντίῳ
1495 1162 1740 1216 συνέζευξε,

280 1234 414 1275 καίτοι
442 1248 488 1287 γε
522 1229 726 1287 ἑκατέρων
753 1228 938 1285 γαμετὰς
977 1229 1183 1284 ἑχόντων,
1226 1233 1276 1278 ἃς
1315 1228 1537 1271 ιῖπιόσαντο
1569 1226 1639 1270 διὰ
1666 1226 1742 1283 τὴν
1759 1227 1800 1268 15

280 1299 386 1357 πρὸς
416 1298 516 1348 τούς
542 1300 744 1353 βασιλέας
773 1295 964 1352 στοργήν.

74 1369 270 1413 Α.Μ.5786
386 1364 549 1421 Ῥώμης
597 1362 827 1407 ἐπισκόπου
869 1365 1129 1419 Μαρκέλλου
1180 1359 1268 1412 ἔτος
1304 1361 1353 1405 α’.

198 1417 233 1450 Ρ·
250 1417 268 1450 5
390 1434 703 1489 Ἀλεξανδρειας
722 1430 949 1474 ἐπισκόπου
972 1432 1141 1485 Πέτρου
1160 1433 1236 1474 τοῦ
1258 1429 1558 1487 ἱερομάρτυρος
1579 1428 1671 1480 ἔτος
1695 1427 1750 1473 α’.

402 1498 544 1559 Τούτῳ
587 1502 644 1558 τῷ
681 1497 764 1541 ἔτει
802 1499 1092 1554 Ἀλεξάνδρεια
1130 1497 1211 1540 σὺν
1240 1502 1289 1555 τῇ
1318 1499 1521 1557 Αἰγύπτῳ
1551 1500 1611 1548 εἰς
1639 1499 1747 1540 α’πο..

286 1569 460 1611 στασιάν
488 1566 571 1609 ὑπὸ
597 1569 825 1621 Ἀχιλλέως
854 1561 1080 1620 ἀχθεῖσαι,
1121 1565 1197 1606 οὐκ
1229 1567 1428 1620 α’ντέσχον
1451 1566 1503 1623 τῇ
1528 1563 1749 1620 Ῥωμαίων
1761 1579 1800 1605 2<

281 1664 296 1678 A

384 1705 415 1727 2.
442 1695 659 1740 Μαξιμῖνον
687 1704 705 1726 c
725 1693 749 1725 f.
849 1693 881 1726 3.
912 1689 1099 1733 ἀνέδειξεν
1124 1693 1149 1725 Α
1177 1703 1196 1724 a
1216 1692 1239 1725 f.
1342 1693 1376 1726 6.
1399 1692 1569 1735 Λιοκλητ.
1596 1703 1630 1726 κ.
1651 1693 1747 1732 Μαξ.

383 1741 402 1777 ὃ
426 1741 573 1789 Ἑρκ.Α,
592 1745 643 1775 Μ.
669 1739 747 1775 ὃἙ.
766 1753 798 1775 κ.
816 1741 858 1775 Δ.
884 1741 980 1785 vulg.
1078 1752 1110 1784 7.
1138 1738 1295 1776 Κόπτον
1319 1740 1460 1786 aliquot
1488 1739 1592 1773 codd.
1695 1752 1747 1773 ιι.

383 1792 700 1830 Κωνσταντῖνον,
732 1794 769 1822 et
795 1799 879 1822 mox
901 1790 1179 1834 Κωνσταντίνῳ
1207 1788 1232 1821 f.
1335 1790 1386 1822 15.
1413 1791 1536 1823 καίτοι
1562 1799 1606 1835 γε
1632 1788 1660 1821 A
1686 1788 1751 1829 af,

381 1839 445 1871 καὶ
469 1836 544 1872 τῶν
567 1848 610 1883 γε
632 1837 728 1880 vulg.
882 1837 934 1869 16.
962 1830 1057 1883 πρὸς
1078 1835 1107 1868 A
1137 1847 1155 1869 a
1174 1836 1198 1876 f,
1223 1837 1274 1876 εἰς
1296 1836 1392 1880 vulg,
1518 1836 1684 1882 βασιλεῖς
1711 1837 1753 1870 A.

384 1895 440 1917 20.
468 1886 535 1920 οὐκ
562 1884 744 1931 ἀντέσχον
767 1883 809 1926 A,
858 1882 901 1920 οὗ
925 1889 1105 1931 κατέσχον
1129 1884 1223 1930 vulg.
1343 1883 1386 1932 τῇ
1412 1883 1495 1918 add.
1523 1895 1568 1918 ex
1591 1884 1633 1918 A.

109 2031 149 2065 A.
164 2030 200 2063 C.
216 2030 282 2063 280
296 2003 509 2065 Persarum
537 2032 627 2077 regis
653 2032 804 2065 varanis
833 2043 947 2066 annus
973 2033 1118 2078 primus.

389 2081 466 2113 Hoc
488 2091 600 2121 anno,
626 2080 767 2124 imperii
794 2080 848 2112 sui
873 2086 1018 2125 quarto,
1047 2080 1297 2114 Diocletianus
1321 2079 1582 2114 Maximianum
1616 2080 1754 2115 Hercu-

298 2127 387 2160 lium
411 2138 595 2171 supremae
622 2128 811 2172 potestatis
843 2129 978 2161 socium
1007 2129 1244 2162 renunciavit.

109 2177 201 2212 A.C.
218 2180 281 2213 281
392 2175 575 2207 Persarum
601 2175 692 2218 regis
719 2175 840 2208 Narsis
869 2187 983 2208 annus
1016 2177 1160 2221 primus.

107 2228 147 2260 A.
166 2225 203 2259 C.
217 2228 283 2260 282
392 2222 469 2255 Hoc
494 2233 588 2255 anno
614 2222 862 2256 Diocletianus
895 2229 931 2256 et
956 2223 1194 2257 Maximianus
1231 2223 1422 2257 Herculius
1448 2223 1601 2257 Busirim
1627 2228 1664 2257 eb
1688 2222 1759 2256 Co-

295 2274 399 2314 ptum
424 2269 622 2302 Thebaidis
652 2270 690 2302 in
718 2271 879 2316 Aegypto
909 2271 1072 2306 civitates
1095 2273 1133 2305 in
1160 2274 1354 2305 Romanum
1383 2272 1573 2318 imperium
1599 2271 1760 2304 rebelles

297 2317 460 2350 funditus
486 2323 704 2351 everterunt.

105 2367 200 2402 A.C.
214 2367 281 2403 585
390 2364 467 2397 Hoc
503 2376 597 2398 anno
631 2366 881 2400 Diocletianus
916 2371 953 2400 et
983 2367 1222 2400 Maximianus
1273 2368 1466 2401 Herculius
1504 2367 1760 2400 Constantium

294 2417 332 2445 et
354 2411 610 2445 Maximianum
635 2413 821 2446 Galerium
845 2414 1081 2449 instituerunt
1099 2426 1281 2449 caesares:
1332 2422 1370 2450 et
1394 2415 1648 2449 Diocletianus
1676 2415 1760 2459 qui-

292 2458 374 2492 dem
399 2459 509 2493 filiam
549 2471 649 2492 suam
674 2460 818 2494 Galerio
857 2462 989 2495 locavit
1025 2464 1233 2508 coniugem,
1274 2469 1311 2498 et
1342 2463 1584 2497 Maximianus
1625 2463 1763 2507 pariter

291 2518 392 2540 suam
427 2508 572 2541 nomine
616 2507 848 2541 Theodoram
880 2509 1091 2544 Constantio
1128 2512 1324 2556 copulavit.
1394 2517 1551 2556 uterque
1591 2521 1676 2543 vero
1715 2521 1760 2543 ex

291 2554 521 2588 observantia
547 2560 584 2589 et
608 2556 646 2588 in
672 2556 904 2601 imperatores
931 2568 1049 2591 amore
1075 2559 1262 2602 coniugem
1278 2586 1288 2602 ‚
1322 2571 1429 2605 quam
1453 2558 1553 2606 prius
1578 2557 1761 2598 habebat,

292 2602 376 2636 dato
406 2603 558 2647 repudio
585 2602 670 2636 lecti
701 2604 881 2637 consortio
914 2604 1075 2638 reddidit
1100 2607 1267 2640 alienam.

96 2652 138 2686 A.
156 2649 193 2684 C.
209 2650 278 2684 286
385 2652 518 2683 Romae
549 2651 711 2695 episcopi
736 2651 901 2684 Marcelli
926 2664 1039 2686 annus
1065 2654 1211 2698 primus.

168 2707 171 2709 ·
380 2697 622 2731 Alexandriae
649 2699 811 2743 episcopi
838 2700 931 2732 Petri
956 2701 1046 2733 sacri
1070 2702 1234 2744 martyris
1264 2712 1379 2735 annus
1407 2698 1556 2747 primus.

377 2745 455 2778 Hoc
498 2757 594 2779 auno
636 2745 854 2779 Alexandria
897 2752 934 2779 et,
960 2746 1142 2793 Aegyptus
1180 2749 1223 2781 ab
1252 2748 1393 2782 Achille
1429 2749 1475 2782 ad
1513 2747 1761 2782 desectionem

286 2793 510 2836 concitatae,
538 2793 680 2828 illatum
707 2805 726 2828 a
754 2795 921 2828 Romanis
944 2794 1081 2830 bellum
1119 2797 1298 2831 sustinere
1327 2809 1402 2832 non
1427 2801 1646 2844 potuerunt:
1678 2796 1763 2843 plu-
