1786 3204
277 186 295 220 1
307 163 382 232 46
448 233 449 238 η
818 173 1162 218 'rflEoPHANJs

261 282 496 339 Ἀλοὲριχον
525 280 599 336 τὴν
635 275 799 335 Ῥώμην
836 276 1152 332 πορθήσαντες,
1188 271 1247 320 εἷς
1285 267 1471 316 Γαλλίας
1509 263 1732 321 ἐχώρησαν

267 350 339 395 καί
365 352 446 394 τῶν
474 350 566 391 ἐκεῖ
583 345 838 401 ἐκράτησαν.
867 346 907 388 Γ
906 342 1028 385 ὁτθοι
1060 342 1108 383 δὲ
1126 337 1371 382 Παννονίαν
1398 332 1523 388 ἔσχον
1551 333 1732 388 πρῶτον,

267 417 410 461 ἔπειτα
449 418 508 474 τῷ
551 412 608 456 ιθ’
649 410 733 456 ἔτει
761 413 834 467 τῆς
869 408 1110 466 βασιλείας,
1141 404 1373 449 Θεοδοσίου
1405 402 1480 444 τοῦ
1513 399 1733 449 νέουέπι-

266 487 509 541 τρέποντος,
539 479 592 524 τὰ
639 481 713 535 τῆς
744 476 912 536 Θρᾴκης
941 475 1080 532 χωρία
1123 468 1309 532 ᾤκησαν,
1339 469 1413 512 καί
1438 465 1511 510 ἐπὶ
1545 466 1603 522 νη’
1632 463 1732 521 χρό-

265 568 365 602 νους
405 551 450 594 ἐν
483 550 535 607 τῇ
569 546 716 604 Θρᾴκῃ
760 546 1005 600 διέτριψαν,
1050 542 1125 583 καί
1164 541 1237 594 τῆς
1266 534 1465 591 ἑσπερίου
1510 533 1770 590 βασιλείαςὸ

266 618 514 676 ἐκράτησαν.
544 613 582 658 οἱ
616 616 664 656 δὲ
687 613 928 666 Οὕανδῆλοι
955 605 1158 657 Ἀλανοὺς
1187 602 1502 660 ἑταιρισάμενοι
1530 599 1603 643 καὶ
1621 602 1662 643 Γ
1659 615 1732 655 ερ-

265 684 443 740 μανούς,
473 680 574 732 τούς
605 683 679 723 νῦν
707 680 989 732 καλουμένους
1023 674 1262 733 Φράγκους,
1295 668 1515 726 διαβάντες
1539 666 1613 711 τὸν
1634 666 1733 722 Ῥῆ-

266 768 337 795 νον
367 747 581 804 ποταμόν,
609 746 841 804 ἡγούμενον
882 742 1047 798 ἔχοντες
1073 739 1389 795 Μοδιῇκισκλον,
1416 731 1661 794 κατῴκησαν
1686 736 1733 777 ἑν

265 819 454 875 Σπανίᾳ,
483 814 626 873 πρώτῃ
659 809 763 870 οὔσῃ
791 814 863 867 τῆς
893 809 1104 866 Εὐρώπης
1143 806 1226 849 ἀπὸ
1255 808 1334 848 τοῦ
1368 801 1563 860 ἑσπερίου
1593 801 1731 846 Ὠκεα-

223 887 364 931 Βνοῧ·
421 880 679 938 Βονιφάτιος
711 881 773 933 δέ,
805 880 1013 936 φοβηθείς
1038 874 1139 925 τούς
1165 876 1248 918 τῶν
1268 871 1492 926 Ῥωμαίων
1527 873 1730 924 βασιλεῖς,
1750 885 1786 912 ιο

265 950 452 1007 περάσας
482 947 565 991 α’πὸ
598 943 770 1002 Λιβύης
797 947 857 996 εἰς
886 944 1075 987 Σπανίαν
1104 940 1210 999 πρὸς
1235 939 1331 990 τούς
1362 937 1630 994 Οὕανδηλους
1654 931 1730 991 ἧλ-

263 1022 353 1060 θεν.
384 1015 458 1060 καί
485 1014 624 1071 εὑρών
652 1012 727 1056 τὸν
744 1013 1036 1067 ΙΙῚοδίγισκλον
1062 1006 1385 1063 τελευτήσαντα,
1419 1003 1522 1054 τούς
1548 1004 1595 1046 δὲ
1623 1005 1730 1046 ὲκεί-

263 1101 340 1128 νου
370 1084 527 1132 παῖδας
556 1080 771 1136 Γόνθαρίν
799 1095 845 1121 τε
874 1081 945 1121 καὶ
977 1079 1200 1133 Γιζὲριχον
1224 1073 1301 1131 τὴν
1329 1070 1467 1129 α’ρχῆν
1497 1073 1730 1125 διέποντας,

262 1154 437 1201 τούτους
475 1145 820 1206 προτρεψάμενος
854 1145 931 1201 τήν
971 1141 1165 1201 ἑσπέριον
1186 1141 1358 1198 Λιβύην
1404 1141 1465 1189 εἰς
1492 1141 1590 1196 τρία
1619 1140 1729 1194 μέρη

264 1219 416 1260 διελεῖν
453 1216 686 1270 ὑπέσχετο,
727 1215 796 1270 ἐφ’
838 1207 872 1272 ᾧ
908 1211 1082 1254 ἕκαστον
1115 1212 1194 1254 τοῦ
1220 1211 1361 1266 τρίτου
1398 1208 1555 1263 μέρους
1581 1202 1786 1260 ἄρχεινιΞ

263 1284 345 1328 συν
393 1285 534 1343 αὐτῷ,
583 1285 699 1339 κοινῇ
748 1283 795 1323 δὲ
844 1280 1085 1334 ἀμύνεσθαι
1134 1275 1208 1320 τὸν
1259 1271 1348 1319 οἷον
1399 1275 1554 1330 δήποτε
1603 1274 1729 1328 πολές

263 1368 372 1406 μιον.
430 1352 501 1393 ἐπὶ
527 1350 699 1398 ταύταις
734 1353 827 1399 ταῖς
866 1345 1108 1402 ὁμολογίαις
1144 1343 1183 1387 οἱ
1226 1343 1464 1398 Ουάνδῆλοι
1507 1339 1580 1384 τὸν
1621 1355 1728 1395 πορ-

262 1417 376 1473 θμὸν
419 1418 666 1471 διαβάντες,
698 1414 770 1471 τῆν
798 1414 969 1470 Λιβύην
1008 1411 1257 1471 κατῴκησαν
1298 1409 1380 1453 cin&
1421 1409 1496 1452 τοὺ
1530 1408 1731 1451 Ὠκεανοῦ

262 1488 394 1543 μέχρι
431 1483 670 1541 Τριπόλεως
698 1484 772 1539 τῆς
800 1481 904 1525 κατὰ
939 1478 1159 1538 Κυρήνην.
1210 1478 1249 1522 οἱ
1279 1480 1326 1522 δὲ
1351 1476 1595 1533 Ὑπόγοτθοι
1625 1475 1729 1519 dva-

362 1660 391 1682 1.
420 1649 574 1686 Γαλλίας
602 1648 641 1689 Α,
672 1647 830 1681 Γαλλίαν
851 1646 946 1690 vulg·
1044 1645 1076 1678 5.
1103 1643 1315 1691 διέτριψαν,
1339 1642 1416 1690 καὶ]
1444 1652 1463 1675 e
1491 1640 1593 1674 addit
1616 1639 1727 1673 haec:

355 1697 624 1742 διατρίψαντες
658 1695 880 1741 Θευδερίχου
928 1692 1223 1740 ἡγεμονεύοντος
1258 1690 1382 1728 αὐτῶν
1413 1692 1626 1734 Πατρικίου
1666 1690 1731 1722 καὶ

351 1742 542 1784 ’Υπάτου,
583 1740 759 1785 Ζήνωνος
784 1743 908 1781 αὐτοῖς
947 1743 1238 1787 ἐπιτρέψαντος,
1272 1742 1333 1783 τῆς
1370 1739 1548 1784 ἑσπερίοις
1582 1748 1616 1771 κ.
1639 1748 1669 1770 τ.
1697 1736 1728 1770 λ.

358 1792 392 1824 8.
421 1789 664 1836 Γοδίγισκλον
686 1801 716 1823 e.
839 1800 890 1822 12.
915 1786 982 1836 τρν
1005 1790 1077 1836 μὲν
1103 1787 1229 1836 Γαδίγ.
1255 1786 1291 1820 b.
1395 1787 1446 1820 13.
1473 1783 1658 1831 Γόῐθαριν
1685 1804 1727 1811 --

357 1840 555 1919 Γηζὶριχον
579 1848 611 1870 a.
760 1837 810 1870 15.
836 1838 897 1883 ἐφ’
925 1837 952 1883 ‹J›
982 1847 1013 1879 e,
1041 1837 1102 1884 ἐφ’
1132 1837 1186 1872 ὠν
1216 1835 1312 1880 vulg.
1461 1844 1514 1880 ¹7·
1538 1838 1621 1871 ταῖς
1645 1830 1727 1865 add.

361 1896 405 1919 ex
454 1909 462 1918 .
1194 1888 1209 1900 ²

686 1954 707 1967 r

268 2022 389 2055 illatas
415 2021 460 2055 ab
477 2021 645 2056 Alaricho
668 2021 787 2055 clades
814 2022 923 2055 Roma
950 2021 1142 2063 devastata,
1168 2021 1206 2054 in
1231 2020 1386 2054 Galliam
1415 2016 1636 2058 secedentes,
1662 2028 1728 2050 va-

270 2071 339 2102 rias
366 2069 606 2103 obtinuerunt
629 2070 849 2114 provincias:
890 2069 1017 2103 Gotthi
1048 2070 1267 2102 Pannoniam
1301 2069 1454 2113 primum
1478 2065 1623 2111 adepti,
1647 2076 1732 2098 mox

269 2127 368 2150 nono
394 2128 499 2162 supra
526 2117 702 2150 decimum
730 2117 871 2161 imperii
891 2116 1220 2158 anuo,Theod0sio
1247 2116 1388 2148 iuniore
1418 2115 1468 2148 ita
1482 2113 1732 2159 permittente,

270 2164 448 2197 Thraciae
472 2165 637 2208 regiones
663 2164 861 2205 incoluere,
890 2170 926 2197 et
953 2165 1128 2198 Thracica
1168 2164 1394 2197 habitatione
1421 2172 1486 2207 per
1506 2172 1620 2195 annos
1649 2165 1732 2193 octo

271 2217 309 2244 et
332 2211 596 2257 quinquaginta
620 2217 818 2256 protracta,
844 2211 1075 2246 occidentalis
1105 2212 1248 2245 tandem
1279 2210 1420 2256 imperii
1445 2209 1530 2242 facti
1555 2212 1640 2242 sunt
1664 2206 1733 2241 do-

270 2258 373 2292 mini.
434 2258 590 2291 Vandali
623 2258 767 2292 demum
806 2259 930 2293 Alanis
956 2265 993 2293 et
1017 2259 1224 2301 Germanis,
1255 2259 1411 2292 Francos
1435 2268 1532 2290 nunc
1558 2256 1646 2290 istos
1668 2266 1735 2288 vo-

271 2311 366 2346 cant,
396 2305 466 2338 sibi
493 2306 626 2347 ascitis,
653 2306 776 2340 Rheno
802 2306 951 2340 flumine
978 2308 1140 2348 traiecto,
1169 2308 1260 2340 duce
1281 2304 1510 2350 ModigiscIO,
1536 2304 1575 2336 in
1601 2303 1732 2348 Hispa-

269 2353 343 2394 nia,
369 2363 462 2398 quae
487 2353 531 2386 ab
544 2354 717 2398 Hesperio
738 2365 871 2387 oceano
889 2356 1052 2400 Europae
1084 2355 1200 2400 prima
1229 2354 1326 2398 regio
1353 2359 1430 2394 est,
1455 2351 1577 2385 sedem
1600 2361 1736 2396 posue-

270 2406 367 2434 runt.
427 2400 635 2434 Bonifacius
669 2407 787 2434 autem
821 2401 866 2434 ab
905 2403 1182 2447 imperatoribus
1207 2402 1374 2436 Romanis
1412 2399 1482 2434 sibi
1506 2404 1683 2438 metuens,
1714 2408 1735 2431 e

270 2447 383 2491 Libya
407 2448 591 2482 traiiciens
627 2449 664 2482 in
689 2449 898 2494 Hispaniam
935 2449 980 2482 ad
1003 2450 1189 2484 Vandalos
1226 2461 1262 2483 se
1298 2449 1446 2494 recepit.
1494 2451 1638 2480 mortuo
1662 2446 1735 2479 iam

270 2495 500 2538 Modigisclo,
530 2495 742 2529 Gonkharim
771 2503 807 2529 et
826 2496 1055 2530 Gizerichum
1081 2499 1157 2531 eius
1185 2497 1279 2531 filios
1306 2507 1454 2541 regnum
1479 2494 1735 2528 administran-

271 2548 327 2576 tes
356 2543 532 2576 offendit:
567 2544 664 2588 ipsos
701 2543 866 2588 pluribus
903 2544 1065 2579 hortatus
1100 2545 1250 2589 Libyam
1287 2542 1552 2578 occidentalem
1587 2542 1625 2575 in
1661 2547 1743 2575 tres-

272 2595 392 2636 partes
421 2600 459 2623 se
492 2589 690 2623 divisurum
715 2592 880 2635 promisit
897 2617 906 2632 ‚
931 2598 971 2625 ut
996 2594 1245 2638 unusquisque
1281 2603 1402 2626 secum
1426 2590 1570 2624 tertiam
1595 2595 1735 2634 partem

275 2637 483 2671 obtineret:
516 2638 710 2684 cunctique
746 2638 854 2671 simul
891 2639 1133 2674 adversarium
1167 2651 1320 2681 omnem,
1349 2639 1512 2685 quisquis
1538 2637 1603 2670 ille
1628 2636 1735 2677 foret,

275 2683 546 2718 ulciscerentur.
597 2684 654 2719 his
679 2686 952 2719 conditionibus
973 2687 1133 2728 firmatis,
1162 2687 1319 2722 Vandali
1345 2687 1530 2731 enavigato
1556 2685 1649 2718 freto
1675 2683 1736 2716 Li-

276 2731 383 2783 byam
408 2732 452 2765 ab
478 2743 614 2771 oceano
639 2732 685 2766 ad
708 2733 908 2778 Tripolim,
937 2746 1027 2779 quae
1054 2741 1108 2769 est
1136 2737 1234 2769 iuxta
1262 2736 1459 2779 Cyrenem,
1494 2732 1734 2766 incoluerunt.

277 2779 491 2824 Wxisigotthi
517 2791 663 2827 quoque
687 2791 707 2814 e
727 2780 846 2814 Gallia
875 2782 1066 2825 migrantes
1087 2788 1352 2828 occupaverunt
1377 2780 1600 2828 Hispaniam.
1627 2788 1734 2825 porto
