1768 3106
237 172 352 241 340
799 195 1150 237 THEOPHANlS

234 293 433 351 ποταμόν,
461 295 537 336 καί
554 291 748 353 ᾐτήσατο
772 295 846 338 τὸν
860 299 1041 351 βασιλέα
1066 293 1367 339 ’Ῑουστινιανόν
1396 290 1505 339 εἶναι
1525 295 1608 340 ὑπὸ
1637 297 1715 352 τήν

232 363 457 415 βασιλείαν
503 362 656 404 αὐτοῦ.
731 365 807 405 καί
858 359 991 419 ἦλθεν
1030 366 1075 407 ἐν
1122 363 1598 422 Κωνσταντινουπόλει,
1641 367 1717 408 καὶ

233 428 368 472 πολλοὶ
399 428 530 473 αότὸν
549 430 937 487 φιλοτιμησάμενος
967 429 990 471 ὅ
1016 429 1220 485 βασιλεύς
1250 429 1324 473 καί
1339 424 1538 474 τὸν”υἱο“ν
1568 427 1714 489 αὐτοῦ,

233 498 446 541 α’πέλυσεν
475 497 641 555 αὐτούς,
672 496 853 553 ποιήσας
883 497 1018 541 αὐτὸν
1046 498 1340 555 στρατηλάτην
1359 501 1442 554 τοῦΧ
1466 500 1715 555 Ἰλλυρικοῦ.

232 565 308 608 καί
333 567 377 609 ἐν
404 567 462 625 τῷ
505 567 826 621 παραγενέσθαι
865 563 998 608 αὐτὸν
1036 568 1097 615 εἰς
1124 564 1169 608 τὸ
1197 565 1438 623 Ἰλλυρικόν,
1468 568 1644 622 ἐξῆλθον
1674 566 1752 609 οἱ5

230 633 477 688 Βοὺλγαροι
519 636 684 689 πλῆθος
718 633 849 689 πολύ,
895 635 970 676 καί
1009 632 1203 691 ὁρμήσας
1241 637 1334 676 κατ’
1382 633 1524 677 αὐτῶν
1553 636 1714 684 πάντας

230 698 462 757 ἀνήλωσεν.
523 703 597 743 καί
622 701 868 743 ἀπέστειλεν
895 701 940 744 ἐν
958 699 1411 744 Κωνσταντινουπόλει
1443 703 1489 744 ἐκ
1517 704 1589 756 τῆς
1618 703 1714 756 αἰχ-

228 772 451 822 μαλωσίας
501 770 584 811 τῶν
625 766 870 824 ἡγουμένων
911 769 1054 811 αὐτῶν
1110 768 1218 823 μετὰ
1265 771 1339 812 καί
1369 765 1508 812 ἄλλων
1535 772 1712 826 πολλῶν,

230 835 304 878 καὶ
344 836 618 890 ἐπόμπευσαν
662 836 821 886 αὐτούς
860 838 907 879 ἑν
940 838 999 895 τῷ
1027 835 1199 896 ἱππικῷ.
1271 836 1346 880 καί
1371 838 1535 893 ἐγένετο
1565 837 1712 895 εἰρήνη

88 907 132 940 V.
155 907 218 951 ι48
231 907 389 957 βαθεῖα
421 906 465 947 ἐν
497 906 551 961 τῇ
572 903 730 962 Θρᾴκῃ,
760 907 908 961 μηκέτι
938 906 1193 958 τολμώντων
1221 907 1305 948 τῶν
1326 901 1498 948 Οὕννων
1528 908 1712 961 περᾶσαι
1733 920 1768 946 ι(

184 978 216 1011 D
231 970 302 1014 τὸν
331 970 565 1027 Δάνουβιν.
621 971 722 1022 τούς
743 975 790 1015 δὲ
812 972 1119 1027 αἰχμαλώτους
1138 974 1223 1016 τῶν
1237 971 1501 1029 Βουλγάρων
1522 972 1712 1027 ἔπεμψεν

230 1039 251 1082 ὃ
279 1040 486 1095 βασιλεύς
518 1042 578 1090 εἷς
603 1035 834 1096 Ἀρμενίαν
862 1039 936 1083 καί
961 1043 1022 1091 εἰς
1050 1038 1263 1098 Λαζικήν.
1329 1043 1402 1084 καί
1428 1039 1713 1098 κατετάγησαν

232 1111 276 1152 ἐν
306 1114 392 1158 τοῖς
423 1107 662 1162 νουμεριόις
701 1107 916 1162 ἀριθμοῖς.

17 1185 217 1223 Α.Μ.6033
342 1176 666 1232 Ἀλεξανδρείας
696 1177 929 1218 ἐπισκόπου
960 1176 1148 1219 Παύλου
1178 1173 1272 1226 ἔτος
1303 1174 1353 1219 α’.

350 1243 496 1303 Τούτῳ
527 1246 586 1302 τῷ
605 1241 689 1285 ἔτει
719 1244 776 1302 τῷ
805 1243 856 1285 ιδ’
883 1244 1187 1287 ’[ουστινιανοῦ
1215 1243 1413 1301 Χοσρόης
1444 1244 1466 1286 ὅ
1494 1245 1712 1299 τῶν·Περ·
1733 1243 1768 1284 ιΕ

231 1315 317 1355 σῶν
345 1310 549 1366 βασιλεὺς
578 1313 785 1367 τετάρτην
816 1310 1010 1367 εἰσβολήν
1038 1314 1100 1361 εἰς
1128 1311 1202 1368 τήν
1224 1311 1449 1366 Ῥωμαίων
1466 1315 1544 1367 γῆν
1572 1310 1715 1368 ἐποιή-

99 1386 135 1419 Ρ.
155 1386 218 1420 ι86
231 1396 351 1423 σατο.
409 1377 576 1422 ἐλθόντι
607 1381 654 1422 δὲ
686 1381 747 1429 εἰς
765 1377 842 1434 τήν
870 1381 953 1422 τῶν
974 1382 1255 1435 Κωμαγηνῶν
1282 1379 1442 1437 χώραν,
1476 1378 1579 1422 κατὰ
1612 1383 1727 1422 Πα---4

230 1450 443 1504 λαιστίνης
464 1447 537 1490 καί
559 1447 865 1502 Ἱεροσολύμων
891 1449 1092 1490 διενοεῖτο
1109 1453 1281 1502 χωρεῖν,
1313 1444 1425 1496 ὅπως
1445 1446 1498 1490 τοὶ
1517 1450 1561 1489 ἐν
1583 1446 1715 1502 Ἱερο-

229 1515 435 1569 σολύμοις
464 1514 663 1570 κειμήλια
694 1516 902 1571 ληΐσηται.
961 1515 1108 1569 χώραν
1146 1514 1226 1571 γάρ
1259 1513 1417 1572 ταύτην
1446 1513 1615 1571 ἀγαθήν
1643 1517 1717 1556 καί

229 1582 504 1637 πολύχρυσον
549 1581 783 1638 οἰκητόρων
823 1578 1000 1637 ἤκουσεν
1046 1578 1172 1624 εἶναι.
1245 1582 1450 1635 Ῥωμαῖοι
1478 1584 1526 1624 δὲ
1553 1580 1768 1630 τούτοιςῖ(

230 1649 504 1703 ὑπαντιάζειν
531 1650 668 1709 τρόπῳ
701 1650 844 1693 οὐδενί
874 1652 1097 1707 (Ῡιενοῦντο7
1126 1649 1176 1693 τά
1209 1652 1256 1693 δὲ
1287 1649 1548 1706 ὀχυρώματα
1584 1667 1713 1693 κατα-

329 1812 362 1845 5.
389 1812 430 1847 ἔκ
454 1811 520 1847 τοῦ
547 1809 744 1858 Ἰλλυρικοῦ
772 1822 804 1843 a.
929 1811 962 1845 8.
989 1811 1135 1846 πολλῶν
1159 1810 1241 1844 add.
1270 1822 1312 1844 ex
1341 1822 1371 1844 a.
1485 1813 1534 1845 13.
1565 1812 1712 1858 Νουμέ-

332 1873 412 1908 ροις
442 1872 473 1894 e.
602 1871 652 1903 ¹9-
679 1858 842 1902 ληῖζεται
869 1869 900 1891 e.
1041 1870 1097 1892 20.
1127 1859 1210 1892 fort.
1239 1857 1504 1906 πολυχρύσων.

233 2000 437 2033 Iustiniano
463 1999 608 2044 imperii
635 1997 820 2032 subditum
843 2009 880 2031 se
909 1997 1082 2043 deinceps
1101 1998 1228 2031 haberi
1253 1998 1464 2043 postulavit.
1493 1998 1584 2044 quin
1604 1999 1713 2031 etiam

236 2048 378 2093 Cpolim
412 2048 585 2088 accessit,
612 2059 721 2093 quem
756 2047 951 2091 imperator
984 2058 1056 2079 una
1089 2058 1169 2079 cum
1205 2047 1281 2080 filio
1306 2047 1470 2079 maximis
1503 2047 1714 2080 muneribus

236 2095 409 2129 donatum
437 2101 474 2129 et
501 2095 638 2139 Illyrici
657 2095 864 2139 magistrum
889 2094 1044 2127 militiae
1074 2095 1325 2127 renunciatum
1355 2106 1374 2127 a
1401 2105 1438 2127 se
1465 2093 1616 2128 dimisit.
1665 2096 1716 2128 Il-

236 2144 389 2187 lyricum
414 2154 538 2175 versus
564 2144 634 2176 iter
670 2143 802 2187 agenti,
828 2148 864 2176 et
890 2143 961 2175 iam
1002 2143 1164 2187 proximo
1193 2143 1425 2186 Bulgarorum
1450 2153 1574 2176 manus
1601 2143 1715 2176 innu—

235 2202 334 2225 mera
360 2191 557 2236 praeclusit
585 2193 677 2223 iter:
704 2191 782 2235 ipse
810 2191 1048 2223 nihilominus
1083 2191 1177 2224 viam
1205 2191 1298 2223 ferro
1325 2190 1480 2235 aperuit,
1506 2196 1544 2224 et
1572 2190 1713 2224 irruens

237 2241 276 2273 in
301 2239 468 2272 adversos
495 2237 634 2271 delevit
661 2250 796 2272 omnes.
849 2240 1004 2271 selectos
1030 2249 1113 2271 vero
1147 2248 1191 2269 ex
1220 2240 1370 2283 captivis
1398 2238 1506 2272 duces
1532 2251 1611 2272 cum
1634 2239 1713 2272 aliis

236 2287 406 2334 pluribus
442 2286 585 2331 Cpolim
624 2287 744 2327 misit,
784 2297 875 2331 quos
911 2286 1068 2332 publicis
1103 2287 1249 2318 affectos
1282 2286 1450 2319 ludibriis
1490 2298 1555 2332 per
1580 2288 1714 2320 circum

238 2334 489 2369 traduxerunt.
540 2334 671 2367 exinde
709 2333 890 2378 profunda
915 2346 985 2379 pax
1017 2345 1081 2379 per
1105 2333 1298 2367 Thraciam
1327 2341 1420 2376 acta,
1446 2335 1560 2369 Unnis
1585 2336 1714 2369 Danu-

237 2384 341 2418 bium
367 2382 534 2417 traiicere
571 2393 749 2426 nusquam
790 2382 945 2426 amplius
988 2382 1096 2415 elusis.
1147 2392 1253 2427 porro
1283 2383 1516 2427 Bulgarorum
1551 2384 1714 2428 captivos

240 2432 508 2468 in-Armeniam
548 2435 584 2463 et
610 2429 761 2462 Lazicen
797 2430 896 2463 misit
932 2430 1145 2474 imperator,
1189 2435 1227 2463 et
1260 2430 1299 2464 in
1338 2431 1512 2465 militares
1546 2443 1714 2465 numeros

243 2481 381 2515 retulit.

2 2557 4 2559 .
56 2529 94 2564 A.
107 2529 146 2564 C.
159 2529 226 2563 533
335 2526 576 2562 Alexandriae
603 2524 765 2570 episcopi
792 2524 891 2557 Pauli
917 2535 1031 2557 annus
1054 2525 1202 2569 primus.

337 2578 414 2610 Hoc
442 2587 551 2615 anno,
577 2574 640 2619 qui
656 2573 847 2606 Iustiniani
875 2572 1033 2605 decimus
1059 2579 1218 2618 quartus,
1244 2574 1428 2608 Persarum
1458 2585 1520 2609 rex
1540 2574 1715 2609 Chosro'cs

244 2631 410 2671 quartam
437 2623 677 2669 irruptionem
704 2621 743 2653 in
773 2621 1013 2654 Romanorum
1042 2619 1218 2655 ditionem
1255 2622 1358 2656 fecit:
1397 2623 1542 2668 iamque
1577 2623 1615 2655 in
1641 2623 1714 2656 Co·-

242 2684 473 2717 magenarum
509 2670 729 2716 provinciam
762 2667 903 2702 delatus
933 2669 1183 2711 Palaestinam,
1214 2676 1251 2704 et
1276 2670 1387 2714 ipsam
1416 2670 1714 2714 HierosOlymam,

245 2721 342 2754 dona
367 2722 404 2754 in
426 2722 503 2766 ipsa
521 2718 679 2764 reposita
703 2715 997 2762 depraedaturus,
1022 2717 1167 2762 aggredi
1195 2717 1450 2752 meditabatur.
1480 2729 1559 2751 eam
1576 2718 1713 2765 quippe

243 2770 430 2814 regionem
456 2766 728 2807 fertilissimam,
755 2770 791 2799 et
817 2765 895 2798 eius
918 2765 1058 2798 incolas
1094 2778 1180 2799 auro
1213 2767 1453 2812 pecuniisque
1486 2767 1612 2800 felices
1648 2777 1715 2798 an-

248 2817 376 2851 dierat.
427 2815 576 2850 Romani
602 2825 687 2850 vero
712 2812 938 2860 impendenti
964 2813 1090 2847 ruinae
1118 2815 1155 2847 in
1179 2813 1368 2848 adversum
1394 2815 1446 2848 ire
1470 2813 1714 2860 negligebant.
