1786 3204
263 194 373 249 292
795 218 800 223 -
823 196 1174 240 ‘rnEoPnAle

257 295 333 338 καὶ
368 297 567 379 ἐπιλοχῆς
610 300 686 341 ’καί
711 303 900 354 στρατοῦ
927 302 1008 342 τῶν
1041 295 1319 355 Οὖανὸἡλων,
1364 314 1523 354 ταυτην
1550 298 1740 354 παρέλα-

255 366 340 421 βεν,
371 364 445 407 και
471 364 546 408 τὸν
587 365 756 420 Γόγὸαι
787 369 963 409 α’νεϊλεν.
1035 365 1284 420 Βελισάριος
1313 367 1359 408 δὲ
1391 368 1632 421 παρέλαβεν
1666 367 1741 422 τὴν

257 431 459 488 στρατιὰν
499 450 568 476 και
619 435 694 476 τὸν
737 433 888 476 στόλον
929 451 999 477 και
1033 433 1135 485 τούς
1177 429 1402 489 ἄρχοντας,
1433 434 1662 487 Σολομῶνα
1693 449 1739 476 τε

256 498 333 542 τὸν
361 501 614 556 στρατηγόν,
649 504 723 544 καί
739 500 970 556 Δωρόθεον
990 500 1065 545 τόν
1094 503 1167 556 τῆς
1197 502 1419 556 Ἀρμενίας
1446 503 1520 543 καί
1539 504 1742 556 Κυπρια-

257 565 332 609 νόν
363 567 437 609 καὶ
473 567 743 624 Βαλεριανὸν
784 572 859 611 καί
888 572 1114 625 Ιηαρτῖνον
1142 568 1215 611 καί
1239 570 1423 626 Ἀλφίαν
1447 570 1523 611 καί
1549 567 1780 624 Ἰωάννηνό

258 638 331 677 καί
352 634 611 692 Μάρκελλον
642 638 715 678 καί
733 638 961 690 Κύριλλον,
993 632 1047 678 οὗ
1076 634 1263 692 πρόσθεν
1295 637 1523 693 ἐμνήσθην,
1550 635 1625 678 καί
1649 632 1745 678 ἑτέ.-

260 718 362 758 ρους
387 702 570 753 πολλοὺς
600 706 685 746 τῶν
698 704 866 763 Θρᾴκην
898 704 1141 748 οἰκούντων.
1173 705 1334 747 εἵποντο
1367 707 1414 747 δὲ
1433 703 1579 753 αὐτοῖς
1603 705 1743 746 Ὲλοῦ..

217 774 346 826 Οροι,
391 788 450 814 ων
482 773 634 823 Φαρᾶς
664 788 812 827 ηρχεν,
843 771 1001 827 χίλιοι,
1031 789 1102 814 και
1135 775 1420 827 Μασσαγέται
1452 770 1743 826 ἱπποτοξόται,

257 841 317 881 ὠν
348 839 530 894 ἡγοῦντο
562 838 774 889 Σισίννιός
801 856 845 883 τε
876 857 946 882 και
979 843 1141 890 Βαλοῖς.
1210 841 1315 890 ναῦς
1345 841 1392 882 δὲ
1421 839 1616 894 ὑπῆρχον
1642 855 1741 882 πεν-

255 907 473 961 τακόσιαι,
513 906 596 949 α’να
636 909 855 961 μυριάδας
887 911 1009 951 πέντε
1046 911 1263 961 μεδιμνων
1288 911 1530 964 χωροῦσαι.
1589 910 1786 950 vanitati«

113 973 158 1008 V·
178 984 242 1019 ¹29
258 976 304 1016 δὲ
335 977 581 1031 τρισμύριοι
616 973 856 1030 ,Αἰγύπτιοί
880 992 923 1018 τε
947 978 1023 1018 καί
1041 972 1182 1025 Ἴωνες
1211 978 1284 1018 καί
1303 978 1493 1026 Κίλικες.
1553 973 1743 1031 α’ρχηγὸς

255 1044 302 1084 δὲ
347 1039 409 1092 εἷς
448 1044 520 1086 ἐπί
559 1049 654 1092 ταῖς
694 1045 824 1086 ναυσί
854 1043 1122 1098 Καλώνυμος
1164 1044 1481 1101 Ἀλεξανδρεύς.
1554 1039 1663 1099 ἦσαν
1694 1044 1744 1085 δὲ

251 1109 327 1151 καί
372 1110 591 1165 δ’ρόμωνες
621 1109 693 1152 διὰ
723 1113 970 1166 ναυμαχίαν
1006 1110 1264 1167 ἐνενήκοντα.
1322 1109 1557 1167 στρατηγὸν
1587 1111 1634 1153 δὲ
1659 1126 1742 1165 μο-

250 1176 486 1233 νοκράτορα
518 1181 587 1234 ἐφ’
631 1175 791 1220 ἅπασιν
825 1178 1083 1234 Βελισάριον
1127 1178 1147 1220 ὁ
1179 1177 1381 1233 βασιλεὺς
1411 1176 1594 1235 ἔστησεν.
1653 1175 1741 1235 ὦρ-

251 1261 362 1301 μητο
394 1246 440 1287 δὲ
477 1242 500 1286 ὅ
532 1244 790 1301 Βελισάριος
822 1248 867 1288 ἐκ
898 1248 1154 1301 Γερμανίας,
1188 1246 1214 1302 ἢ
1246 1247 1424 1304 Θρᾳκῶν
1444 1263 1487 1289 τε
1513 1247 1588 1289 καί
1609 1236 1740 1291 Ἰλλυ-
1759 1259 1786 1286 1:

252 1315 356 1368 ρίων
383 1312 542 1367 μεταξύ
577 1321 725 1357 κεῖται.
783 1316 1096 1371 συνεπεφέρετο
1133 1317 1180 1357 δὲ
1206 1317 1294 1368 μετ’
1325 1315 1461 1358 αὐτοῦ
1490 1316 1563 1358 καί
1586 1311 1742 1359 Ἀντω-

251 1383 386 1435 νίναν,
418 1381 493 1436 τὴν
534 1378 694 1424 ἑαυτοῦ
725 1380 921 1437 γαμετήν.
991 1381 1012 1423 ὗ
1039 1384 1085 1424 δὲ
1116 1384 1299 1437 Γελιμερ
1331 1381 1402 1426 τὸν
1431 1380 1586 1426 ἑαυτοῦ
1616 1380 1743 1426 ‹iden-

205 1448 336 1505 Βφὸν
374 1449 589 1501 Τζατζονα
629 1449 710 1492 σὺν
739 1447 891 1492 ἕκατον
924 1449 1058 1492 εἰκοσι
1086 1453 1239 1505 ναυσί,
1271 1468 1339 1494 και
1369 1449 1550 1506 στρατὸν
1578 1454 1743 1494 ἐκλελε-

251 1518 403 1571 ῃιένον
434 1520 480 1560 ἐν
508 1515 662 1576 Σάρδω
699 1519 753 1575 τῇ
782 1515 892 1598 mim?
922 1516 1031 1560 κατὰ
1064 1516 1209 1572 Γόγδα
1240 1519 1500 1561 α’πέστειλεν.
1557 1517 1739 1574 ἕβδομον

253 1588 301 1628 δὲ
332 1581 384 1641 ἦν
412 1584 503 1636 ἔτος
530 1560 831 1628 Ἰουσιτινιανοῦ
862 1584 932 1628 ὅτε
964 1584 1258 1643 ὁΒελισαριος
1285 1588 1332 1629 ἐν
1351 1588 1404 1645 τῇ
1423 1585 1534 1646 νήσω
1563 1586 1735 1644 ἐστάλη.
1750 1599 1786 1626 24

349 1737 384 1771 3.
415 1734 598 1785 στρατιὰν
626 1738 663 1779 Α,
692 1739 894 1782 στρατείαν
917 1738 1015 1783 v-ulg
1120 1736 1330 1793 Σολομῶνά
1356 1748 1395 1772 τε
1424 1737 1465 1779 A,
1489 1737 1676 1785 Σολομῶν
1697 1749 1738 1772 τε

348 1786 446 1831 vulg.
584 1800 616 1833 7.
642 1786 719 1821 τῶν
746 1785 897 1832 Θράκην
936 1783 1142 1821 οἰκούντων
1166 1787 1208 1827 Α,
1239 1783 1326 1826 τοὺς
1351 1782 1417 1829 τὴν
1444 1787 1512 1831 Θρ.
1541 1786 1739 1824 οἰκοῦντας

347 1834 444 1879 vulg.
574 1846 625 1868 ιο.
650 1833 846 1894 μυριάδας
871 1834 911 1876 A,
933 1832 1137 1881 μυριάδων
1163 1835 1260 1880 vulg.
1364 1845 1415 1868 12.
1440 1833 1671 1882 καλούμενος
1694 1834 1735 1867 Α.

357 1883 409 1915 16.
434 1884 499 1917 καὶ
521 1882 617 1919 Ἀντ.
645 1885 685 1926 Α,
708 1880 775 1926 τὴν
806 1881 905 1919 Ἀντ.
931 1882 1027 1928 vulg.

257 1998 417 2032 ctissimo
443 1998 692 2033 vandalorum
730 2000 903 2040 exercitu,
929 1999 1085 2032 insulam
1125 1999 1234 2044 cepit,
1262 2000 1455 2046 ipsumque
1485 1999 1649 2044 Gogdam
1676 2010 1739 2033 oc-

256 2046 357 2080 cidit.
410 2053 591 2080 caeterum
619 2048 813 2081 Belisarius
841 2049 1041 2081 exercitum
1077 2047 1304 2093 classemque
1335 2049 1477 2093 accepit
1514 2060 1595 2082 cum
1630 2059 1739 2094 prae-

257 2095 374 2135 fectis,
401 2095 599 2130 Solomone
629 2096 733 2137 duce,
753 2095 953 2136 Dorotheo‚
981 2096 1037 2128 cui
1063 2096 1250 2129 commissa
1276 2102 1356 2129 erat
1379 2097 1559 2137 Armenia,
1588 2095 1740 2141 Cypria-

255 2155 317 2183 no,
332 2143 541 2183 Valeriano,
560 2144 731 2186 Man-tino,
749 2144 894 2190 Alpina,
923 2145 1073 2184 Ioanne,
1101 2143 1276 2177 Marcello
1306 2149 1342 2176 et
1369 2143 1519 2187 Cyn-illo,
1545 2145 1646 2177 cuius
1672 2155 1742 2177 nu-

256 2202 324 2236 per
351 2192 574 2224 mentionem
612 2191 743 2233 habui,
771 2192 970 2238 multisque
1006 2192 1111 2233 aliis,
1148 2192 1211 2237 qui
1238 2190 1428 2224 Thraciam
1464 2191 1739 2225 inhabitabant.

257 2240 376 2285 ipsum
403 2250 486 2272 vero
527 2240 628 2273 mille
658 2241 806 2281 Aeluri,
843 2239 955 2274 Phara
985 2239 1097 2281 duce,
1138 2239 1281 2285 sequuti
1316 2245 1423 2280 sunt,
1453 2245 1490 2273 et
1514 2239 1739 2284 Massagetae

259 2287 404 2333 equites
435 2288 624 2332 sagittarii,
661 2289 795 2334 quibus
826 2289 1006 2322 Sisinnius
1033 2294 1070 2321 et
1099 2288 1201 2324 Balas
1227 2287 1431 2331 praefuere.
1482 2299 1592 2321 naves
1617 2294 1740 2321 autem

259 2336 410 2369 fuerunt
449 2336 597 2368 omnino
635 2337 872 2381 quingentae,
919 2341 1071 2369 cunctae
1106 2346 1191 2367 vero
1228 2335 1432 2368 modiorum
1474 2336 1740 2381 quinquaginta

259 2383 378 2418 millia
404 2382 621 2429 capiebant:
646 2391 778 2417 nautae
803 2395 889 2417 vero
914 2384 1064 2428 triginta
1094 2383 1209 2416 millia
1235 2384 1413 2416 numerati
1441 2389 1526 2417 sunt
1550 2383 1738 2429 Aegyptii,

259 2433 368 2466 lones
410 2436 447 2464 et
487 2430 642 2463 Cilices:
676 2443 843 2478 unusque
866 2431 1011 2464 demum
1037 2432 1158 2464 nautis
1183 2442 1249 2476 per
1274 2443 1382 2464 naves
1417 2431 1503 2465 istas
1532 2431 1739 2476 praefectus

261 2480 480 2523 Calonyinus
505 2479 795 2512 Alexandrinus:
824 2485 862 2512 et
886 2480 1080 2512 dromones
1107 2478 1153 2512 ad
1191 2480 1329 2524 praelia
1353 2480 1497 2512 navalia
1529 2479 1739 2524 nonaginta.

261 2527 474 2562 Belisarium
511 2526 638 2559 <lucem
678 2528 837 2560 omnium
876 2537 1114 2573 supremaque
1151 2527 1188 2559 in
1212 2527 1303 2560 alios
1323 2539 1447 2561 omnes
1473 2533 1657 2573 potestate
1681 2528 1742 2561 in—

263 2582 439 2610 structum
480 2575 677 2620 imperator
718 2576 922 2608 constituit.
986 2574 1180 2607 Belisarius
1206 2576 1274 2608 iste
1303 2586 1348 2608 ex
1371 2576 1567 2609 Germania
1595 2576 1741 2620 regione

261 2625 455 2659 Thraciam
473 2624 570 2657 inter
595 2627 632 2656 et
649 2623 812 2667 illyricos
839 2622 957 2656 media
981 2622 1092 2656 traxit
1120 2623 1319 2667 originem:
1345 2629 1383 2657 et
1405 2624 1627 2657 Antoninam
1652 2635 1741 2657 con-

264 2674 386 2718 iugem
423 2682 543 2706 secum
584 2670 698 2704 duxit.
747 2681 856 2715 porro
892 2670 1054 2704 Gelimer
1090 2670 1239 2704 fratrem
1276 2683 1379 2705 suum
1415 2672 1634 2706 Tzatzonem
1661 2683 1741 2705 cum

264 2721 418 2755 navibus
449 2725 594 2753 centnm
623 2725 660 2752 et
688 2719 816 2763 viginti
855 2723 893 2752 et
917 2718 1035 2751 milite
1062 2719 1257 2752 lectissimo
1285 2719 1331 2752 ad
1356 2719 1560 2753 Sardiniam
1585 2719 1742 2753 insulam

265 2775 391 2804 contra
416 2767 580 2813 Gogdam
604 2767 714 2801 misit.
774 2767 949 2813 septimus
974 2771 1093 2800 autem
1125 2767 1267 2812 imperii
1293 2767 1484 2801 Iustiniani
1513 2773 1590 2801 erat
1613 2779 1741 2807 annus,

265 2829 346 2852 cum
371 2816 563 2851 Belisarius
589 2814 637 2849 ad
659 2815 815 2849 insulam
842 2815 970 2849 missus
995 2820 1061 2848 est.
1113 2815 1308 2861 Procopius
1338 2827 1424 2850 vero
1448 2815 1605 2864 scriptor
1621 2814 1740 2849 histo-
