1786 3204
278 171 383 242 144
832 187 1176 230 TnEoPHANJs

266 290 427 342 πόλεως
454 293 500 335 ἒν
527 292 586 348 τῷ
613 291 821 348 λεγομένῳ
850 286 1033 348 Κάμπῳ,
1062 291 1136 331 και·
1162 283 1272 345 ἦσαν
1305 286 1623 343 διημερεύοντες
1648 285 1730 330 οὐν

266 360 323 419 τῷ
353 357 562 417 ἓπισκόπῳ
590 359 635 399 έν
663 363 757 407 ταῖς
785 355 893 413 πρὸς
920 355 1023 399 θεὸν
1050 354 1218 412 δεήσεσι
1245 353 1544 404 λιτανεύοντες.
1574 355 1619 397 ἐν
1646 356 1728 413 μιᾷ

268 422 345 469 οὖν
378 426 687 481 κυμαινομὲνης
727 426 802 479 τῆς
828 425 928 479 γῆς,
972 424 1044 465 καί
1080 421 1231 472 παντὸς
1267 423 1340 464 τοῦ
1367 422 1474 463 λαοῦ
1500 419 1727 477 κράζοντος

266 491 338 547 τό,
365 493 485 549 κύριε
513 493 706 547 ἐλέησον,
737 494 919 544 ἐκτενῶς,
944 488 1041 545 περὶ
1079 485 1196 545 α’)’ραν
1224 490 1380 545 τρίτην,
1407 482 1532 546 ἄφνω
1558 485 1728 532 πάντων

227 559 462 618 (ζὸρώντων
488 560 642 614 συνέβη
670 556 752 600 ὑπὸ
776 557 898 606 θείας
926 556 1145 610 δυνάμεως
1174 556 1362 611 ἆρθῆναί
1389 572 1482 598 τινα
1510 555 1765 602 νεανίσκονό

266 631 327 679 εἰς
354 626 427 671 τὸν
454 627 576 683 οἷέρα,
609 624 681 667 καί
720 625 902 667 οἰκοῦσαι
931 624 1052 673 θείας
1079 624 1224 680 φωνῆς
1257 621 1579 678 παρεγγυούσης
1610 622 1728 681 αὐτῷ

265 697 506 751 ἀναγγεῖλαι
543 693 599 751 τῷ
623 692 833 750 ἑπισκόπῳ
862 694 936 734 καί
961 693 1021 748 τῷ
1051 692 1139 750 λαῷ
1159 723 1171 744 ,
1219 688 1452 733 λιτανεύειν
1495 688 1610 732 οὕτω
1654 690 1729 732 καί

264 764 420 818 λέγειν·
484 757 602 814 ἅγιος
633 758 656 801 ὅ
685 756 800 812 θεός,
843 754 961 814 ἅγιος
989 759 1179 813 ἰσχυρός,
1210 755 1328 813 ἅγιος
1355 756 1578 810 ἀθάνατος,
1608 758 1726 813 ἐλέη-

264 846 338 873 σον
363 829 502 886 ἡμᾶς·
555 827 688 883 μηδὲν
713 824 858 882 ἕτερον
877 827 1190 881 προστιθέντας.
1247 823 1268 866 ὃ
1299 825 1347 867 δὲ
1378 826 1423 867 ἐν
1443 823 1579 880 ἁγίοις
1599 823 1724 879 Πρό-

262 902 358 946 κλος
387 893 544 951 ταύτην
573 891 795 947 δεξάμενος
821 891 898 948 τὴν
926 890 1147 948 α’πόφασιν
1177 893 1385 948 ἐπέτρεψε
1413 893 1473 951 τῷ
1496 893 1586 951 λαῷ
1612 890 1722 946 ψάλ-
1745 909 1786 937 ιο

260 968 346 1007 λειν
369 959 491 1015 οὕτω,
519 962 592 1004 καί
618 961 782 1010 εὐθέως
809 958 910 1016 ἔστη
940 958 963 1001 ὅ
991 957 1177 1013 σεισμός.
1235 958 1262 1015 ἡ
1288 960 1336 1002 δὲ
1363 961 1557 1015 μακαριά
1573 962 1723 1001 Πουλ-

257 1030 382 1086 χερία
425 1031 499 1071 καί
538 1025 559 1069 ὅ
593 1025 751 1084 ταύτης
778 1025 964 1084 ιῖὃελφὸς
1003 1025 1371 1082 ὖπεραγασθέντες
1397 1027 1468 1086 ,τῷ
1497 1025 1691 1082 θαύματι
1711 1059 1724 1081 ,

257 1099 486 1141 ἑθέσπισαν
513 1092 620 1138 κατὰ
649 1096 792 1138 πᾶσαν
820 1086 895 1150 τήν
922 1095 1168 1150 οἰκουμένην
1196 1091 1265 1136 τὸν
1296 1096 1415 1136 θεῖον
1442 1095 1589 1136 τοῦτον
1611 1092 1724 1148 ψάλ-

258 1168 408 1208 λεσθαι
436 1159 592 1218 ὕμνον·
650 1161 724 1205 καὶ
753 1160 837 1204 α’πό
868 1160 966 1204 τότε
993 1161 1236 1217 παρέλαβον
1265 1162 1403 1204 πᾶσαι
1429 1158 1476 1204 αἱ
1508 1162 1723 1218 ἐκκλησίαι

214 1236 351 1279 Βκαθ’
382 1229 559 1287 ἑκάστην
585 1229 746 1286 ἡμέραν
773 1225 891 1287 ᾅδειν
919 1226 1050 1271 αὐτὸν
1079 1230 1140 1286 τῷ
1165 1230 1264 1286 θεῷ.
1740 1233 1786 1275 15

50 1307 141 1341 ΑΜ.
155 1309 239 1354 5931
361 1294 661 1353 Ἱεροσολύμων
696 1295 922 1338 ἐπισκόπου
954 1296 1234 1350 Ἰουβεναλιόυ
1265 1293 1357 1345 ἔτος
1386 1295 1437 1338 α’.

372 1363 513 1424 Τούτῳ
541 1366 601 1423 τῷ
626 1361 709 1406 ἔτει
734 1360 1080 1413 Οὖαλεντινιανός
1110 1363 1164 1404 ου’
1190 1361 1321 1417 μόνον
1351 1362 1611 1418 Βριττανίαν
1652 1361 1726 1406 καί

256 1432 440 1476 Γαλλίαν
482 1432 556 1474 καί
594 1432 784 1473 Σπανιάν
829 1427 1142 1472 α’νασώσασθαι
1177 1430 1255 1471 ου’κ
1282 1429 1481 1486 ἴσχυσεν,
1521 1428 1630 1473 α’λλοὶ
1652 1429 1726 1472 καὶ

254 1499 329 1556 την
377 1497 571 1554 ἑσπέριον
602 1497 798 1553 Λιβύην,
829 1496 907 1552 τὴν
952 1498 1036 1539 τῶν
1062 1491 1250 1553 ’Ἄφρων
1277 1500 1546 1552 καλουμένων
1573 1496 1720 1555 χώραν

151 1573 237 1608 Ρ,8ι
255 1566 552 1624 προσαπώλεσε
582 1563 718 1623 τρόπῳ
742 1567 903 1624 τοιῷδε.
960 1563 1037 1607 δύο
1064 1566 1290 1622 στρατηγοί
1317 1561 1428 1623 ἦσαν
1458 1565 1618 1615 Ἀέτιος
1647 1565 1722 1607 καί
1732 1583 1784 1614 2⁰

352 1762 381 1785 ι.
404 1751 469 1786 καὶ
494 1744 594 1794 ἦσαν
618 1769 660 1776 --
691 1748 882 1797 ἐπισκόπῳ
911 1760 980 1782 om.
1010 1749 1073 1804 A.=
1197 1758 1230 1782 2.
1260 1745 1357 1796 πρὸς
1381 1746 1474 1786 θεὸν
1499 1748 1582 1783 add.
1609 1761 1651 1784 ex
1678 1737 1717 1783 Α.

346 1799 381 1832 6.
406 1797 504 1845 αὐτῷ
529 1799 571 1840 A,
595 1791 712 1833 αὐτὸν
737 1797 832 1842 vulg.
958 1808 1009 1830 io.
1034 1808 1102 1841 την
1127 1794 1209 1830 add.
1233 1807 1275 1830 ex
1301 1798 1341 1831 A.
1469 1798 1519 1832 13.
1543 1795 1610 1842 τὴν
1634 1797 1716 1832 add.

348 1858 392 1879 ex
416 1847 457 1881 A.

257 1996 303 2029 ad
325 1996 498 2040 Campum
522 1994 573 2029 ita
603 1993 741 2028 dictum
763 2004 807 2027 ex
836 1993 925 2027 urbe
952 1994 1174 2037 secedentes,
1206 1995 1536 2042 supplicationibus
1562 2009 1604 2032 ac
1632 2010 1719 2044 pro-

258 2043 480 2077 cessionibus
506 2043 669 2088 repetitis
690 2041 774 2089 ‘dies
798 2047 996 2088 noctesque
1022 2055 1102 2076 cum
1118 2044 1290 2090 episcopo
1313 2046 1580 2091 protraherent.
1608 2050 1720 2083 semel

260 2093 383 2138 itaque
407 2096 501 2124 terra
527 2090 723 2123 violentius
747 2090 900 2134 agitata,
929 2097 965 2124 et
990 2102 1008 2124 e
1027 2091 1165 2137 populo
1192 2093 1344 2136 cunctis,
1367 2092 1512 2128 domine
1539 2096 1720 2139 miserere,

261 2137 568 2173 conclamantibus
603 2138 798 2177 intentius,
827 2138 892 2171 sub
923 2139 1082 2172 omnium
1108 2146 1325 2185 conspectu,
1350 2141 1441 2175 circa
1478 2142 1553 2176 diei
1577 2145 1720 2178 tertiam

263 2187 387 2220 horam
412 2185 720 2219 adolescentulum
747 2185 926 2231 quendam
951 2188 989 2220 in
1014 2198 1096 2220 aera
1114 2187 1236 2221 divina
1266 2189 1399 2222 virtute
1424 2190 1605 2225 sublevari
1631 2204 1720 2226 con-

260 2236 355 2280 tigit,
381 2239 417 2267 et
442 2232 596 2266 divinam
619 2244 743 2266 vocem
767 2233 893 2266 audire
929 2234 997 2267 sibi
1022 2236 1319 2281 praecipientem,
1349 2238 1519 2284 episcopo
1544 2240 1720 2287 plebique

262 2282 490 2317 renunciaret
514 2281 718 2315 litaniarum
743 2292 867 2326 preces
906 2281 944 2314 in
970 2282 1063 2316 hanc
1089 2283 1238 2317 formam
1264 2283 1437 2331 deinceps
1468 2288 1720 2334 conciperent:

261 2337 404 2364 sanctus
433 2328 533 2369 deus,
562 2334 703 2361 sanctus
729 2327 842 2370 fortis,
871 2335 1014 2364 sanctus
1042 2331 1275 2372 immortalis,
1304 2333 1473 2368 miserere
1500 2335 1626 2369 nobis:
1654 2348 1720 2371 nec

258 2379 338 2413 istis
368 2377 562 2423 quicquam
586 2376 719 2408 addere
745 2382 976 2411 attentarent.
994 2378 1094 2412 iussu
1118 2380 1319 2414 istiusmodi
1344 2388 1504 2427 accepto,
1533 2384 1720 2430 populun),

258 2432 301 2460 nt
328 2426 378 2459 ita
415 2429 580 2465 caneret,
622 2428 765 2457 sanctus
792 2424 936 2458 Procius
971 2425 1184 2460 adhortatus
1211 2434 1287 2469 est,
1313 2433 1350 2463 et
1383 2430 1576 2465 confestim
1602 2438 1720 2467 terrae
1779 2461 1786 2466 ..

258 2474 401 2521 quievit
419 2478 550 2506 motus.
580 2471 687 2504 beata
711 2482 817 2517 porro
848 2472 1031 2506 pulcheria
1058 2480 1094 2508 et
1119 2475 1196 2508 eius
1220 2476 1332 2510 frater
1354 2478 1528 2512 miraculo
1555 2481 1719 2522 recreati,

257 2523 419 2556 divinum
445 2520 549 2553 illum
574 2519 744 2562 hymnum
770 2530 835 2564 per
860 2520 979 2553 orbem
1007 2533 1149 2568 quaqua
1174 2529 1277 2568 patet
1301 2523 1485 2559 decantari
1510 2534 1718 2563 sanxerunt:

256 2582 300 2603 ex
330 2581 402 2616 quo
445 2579 511 2614 per
551 2567 709 2612 singulos
745 2566 823 2600 dies
861 2568 1030 2603 suavibus
1064 2570 1220 2605 modulis
1250 2572 1355 2606 illum
1382 2574 1558 2609 recitandi
1582 2588 1718 2611 morem

253 2623 406 2652 cunctae
431 2620 646 2661 receperunt
673 2614 858 2647 ecclesiae.

64 2661 153 2695 A.C.
172 2660 233 2706 [13¹
347 2663 677 2707 Hierosolymorum
703 2662 865 2708 episcopi
890 2664 1067 2697 Iuvenalii
1097 2677 1210 2700 annus
1235 2667 1382 2713 primus.

345 2713 422 2746 Hoc
454 2721 550 2745 anno
577 2710 857 2744 Valentinianus
893 2723 968 2743 non
1004 2712 1112 2746 modo
1139 2714 1374 2758 Britanniam,
1404 2715 1559 2750 Galliam
1587 2724 1624 2752 et
1648 2719 1716 2753 Hi-

252 2762 413 2807 spaniam
446 2762 587 2793 se'rvare
620 2769 694 2792 non
717 2757 853 2798 valuit,
894 2759 983 2804 quin
1009 2761 1116 2793 etiam
1142 2762 1404 2797 occidentalem
1431 2764 1596 2810 Libyam,
1622 2778 1715 2813 quae
1776 2787 1778 2789 -

251 2810 415 2844 Afrorum
442 2807 576 2842 dicitur
610 2806 806 2854 provincia,
849 2804 917 2840 hoc
954 2814 1059 2853 pacto
1092 2810 1218 2846 amisit.
1270 2810 1343 2845 duo
1379 2811 1470 2846 belli
1504 2812 1614 2848 duces
1639 2820 1714 2849 tum
1773 2846 1777 2857 ,
