1768 3106
259 125 375 193 504
820 141 1172 188 THEOPHANis

251 247 421 292 ἐλευσιν
469 246 606 290 αὐτοῦ
632 244 866 303 μαθόντες,
909 247 1186 305 ἆκατασχέτῳ
1228 244 1350 304 πόθῳ
1388 245 1539 295 πάντες
1569 246 1630 294 εἷς
1668 243 1745 299 τήν

245 317 423 373 Ἱέρειαν
448 317 627 371 ἐξῆλθον
669 317 730 364 εἰς
772 315 1029 371 συνάντησιν
1071 315 1228 370 αὐτοῦ,
1271 311 1352 356 σὺν
1381 313 1442 371 τῷ
1468 310 1741 370 πατριάρχῃ,

251 386 328 427 καί
345 384 651 441 Κωνσταντίνῳ
694 385 870 437 βασιλεῖ
904 380 978 424 καὶ
1006 380 1087 439 υἱῷ
1120 381 1255 423 αὐτοῦ’
1271 417 1282 438 ‚
1326 379 1606 435 βαστάζοντες
1643 381 1744 422 κλά-

255 453 359 502 δους
400 453 558 495 ἐλαιῶν
599 451 674 492 καί
700 448 956 503 λαμπάδας,
1002 449 1299 506 εὐφημοῦντες
1331 447 1465 492 αὐτόν
1507 445 1616 502 μετὰ
1658 463 1743 502 χα-

253 520 334 575 ρᾶς
365 517 440 561 καί
476 514 686 572 δακρύων.
761 515 1015 571 προσελθών
1053 518 1100 559 δὲ
1139 513 1161 558 ὃ
1191 515 1286 567 υἱὸς
1333 516 1471 559 αὖτοῦ
1503 514 1653 559 ἔπεσεν
1683 516 1768 566 sig!

117 594 152 627 Ρ.
170 585 348 638 αςὸτοὺς
377 585 510 635 πόδας
541 586 701 641 αὐτοῦ,
731 586 806 626 καί
845 586 1171 641 περιπλακέντες
1200 581 1427 640 α’λλήλοις,
1456 581 1634 640 ἔβρεξαν
1663 582 1746 635 οἷμ-

252 652 428 713 φότεροι
467 652 544 708 τὴν
583 654 662 708 γῆν
690 657 793 707 ξτοῖς
821 653 1057 708 Γδάκρυσιν.
1128 654 1252 695 τοῦτο
1281 653 1552 707 θεασάμενος
1579 648 1603 692 ὅ
1631 648 1744 706 λαός,

250 721 407 772 πάντες
460 719 823 776 εὐχαριστηρίους
873 717 1036 774 ’ὕμνους
1084 722 1142 778 τῷ
1195 721 1285 779 θεῷ
1337 719 1605 773 ἀνέπεμπον·
1674 722 1748 762 καί

251 786 366 831 οὕτω
417 787 616 844 λαβόντες
667 787 740 830 τὸν
788 789 972 843 βασιλέα
1033 790 1290 844 σκιρτῶντες
1339 789 1542 845 εἰσῆλθον
1599 787 1645 830 ἐν
1693 788 1746 845 τῇ

251 858 388 900 πόλει.

366 924 566 980 Ἀράβων
596 920 787 979 α’ρχηγός
816 924 1041 977 ΙΠουαμὲὸ
1069 920 1139 980 ἔτη
1170 924 1229 966 θ’.

40 1001 240 1037 Α.Μ.6ηο
368 992 558 1046 Περσῶν
583 989 791 1045 βασιλεύς
819 987 1006 1046 Ἀὃεσήρ
1039 992 1175 1046 μῆνας
1202 988 1321 1034 ἑπτά.

214 1069 241 1102 Β
374 1056 520 1118 Τούτῳ
550 1061 609 1118 τῷ
636 1056 722 1101 ἔτει
745 1056 918 1113 ἀπάρας
945 1056 967 1099 ὃ
1000 1057 1205 1112 βασιλεύς
1234 1057 1327 1113 ἅμα
1349 1060 1408 1118 τῷ
1433 1057 1531 1115 ἔαρι
1560 1057 1644 1102 ἀπὸ
1675 1060 1749 1115 τῆς

252 1124 571 1185 βασιλευούσης
607 1126 771 1178 πόλεως
811 1127 884 1169 έπί
912 1125 965 1168 τὰ
998 1124 1276 1182 Ἱεροσόλυμα
1306 1126 1550 1184 ἐπορεύετο,
1580 1127 1750 1182 ἅπαγα·

252 1196 341 1253 γών
368 1194 418 1238 τά
453 1195 578 1249 τίμια
621 1193 697 1236 καί
727 1192 912 1246 ζωοποιά
958 1192 1062 1244 ’ξύλα
1092 1196 1169 1236 τοῦ
1201 1196 1437 1237 ἀποδοῦναι
1466 1195 1527 1254 τῷ
1554 1195 1644 1254 θεῷ
1672 1193 1750 1250 τήν

253 1264 544 1319 εὐχαριστίαν.
603 1260 777 1305 ἐλθόντι
808 1263 855 1303 δὲ
884 1262 1003 1319 αὐτῷ
1038 1263 1082 1304 ἐν
1118 1261 1341 1318 Τιβεριάδι
1386 1260 1678 1319 κατηγόρησαν
1708 1259 1749 1304 οἱ

256 1330 522 1387 Χριστιανοὶ
547 1331 760 1383 Βενιαμίν
792 1345 889 1372 τινα
922 1327 1113 1386 ὄνόματι,
1145 1329 1201 1379 ὥς
1235 1332 1545 1374 κακοποιοῦντα
1571 1323 1747 1378 αύτούς.

254 1395 309 1456 ἦν
336 1397 420 1455 γάρ
466 1397 661 1448 ένούσιος
701 1394 887 1454 σφόδρα.
946 1397 1020 1439 καί
1064 1396 1298 1449 ὑπεδέξατο
1337 1396 1412 1441 τὸν
1449 1399 1646 1453 βασιλέα,
1678 1399 1754 1440 καὶ

256 1466 330 1510 τὸν
359 1465 543 1522 στρατὸν
570 1466 721 1507 αὐτοῦ.
782 1464 805 1507 ὅ
836 1467 885 1508 δὲ
912 1464 1120 1519 βασιλεύς
1161 1467 1404 1521 κατέκρινεν
1435 1464 1577 1522 αὐτόν,
1604 1467 1750 1520 λέγων’

257 1532 329 1577 διὰ
366 1536 492 1577 ποίαν
535 1534 679 1577 αἰτίαν
719 1538 960 1583 κακοποιεῖς
987 1531 1086 1583 τούς
1117 1534 1435 1591 Χριστιανούςς
1475 1533 1498 1576 ὅ
1530 1534 1579 1577 δὲ
1608 1530 1768 1578 εἶπεν··.

356 1695 390 1717 a.
410 1681 570 1729 Ἶέρειαν
594 1682 636 1723 Α,
658 1679 798 1728 Ἰερίαν
823 1682 922 1728 vulg.
1045 1683 1080 1716 6.
1106 1682 1396 1729 περιπλακέντες
1420 1681 1590 1725 ἀλλήλοις
1612 1681 1653 1725 A,
1681 1692 1751 1718 πε-

357 1732 552 1778 ριπλακεὶς
578 1729 679 1777 αὐτῷ
706 1730 805 1775 vulg.
885 1733 919 1765 8.
947 1727 1092 1778 ὕμνους
1115 1730 1166 1776 τῷ
1192 1729 1270 1778 θεῷ
1288 1730 1330 1772 A,
1355 1743 1387 1765 τ.
1417 1734 1456 1766 θ.
1482 1728 1626 1780 ὕμνους
1651 1731 1749 1775 vulg.

362 1783 413 1815 ι3.
441 1777 523 1827 ἅμα
548 1779 600 1826 τῷ
620 1778 720 1827 ἔαρι]
758 1778 841 1827 ἅμα
877 1779 1044 1828 ἱερεῦσιν
1065 1779 1119 1821 A5,
1146 1775 1228 1827 ἅμα
1253 1780 1374 1827 ἴερεία
1400 1777 1425 1812 f.
1563 1790 1622 1814 20⁴
1660 1778 1680 1815 ὃ
1711 1778 1753 1814 δὲ

357 1827 546 1876 ἀπεκρίθη
571 1830 612 1870 A,
639 1839 710 1861 om.
741 1827 767 1860 f.

261 1967 317 1999 lus
346 1967 469 1997 autern
495 1963 596 1997 urbis
622 1962 782 1996 adventu
809 1962 1040 2008 imperatoris
1076 1964 1236 2008 cognito,
1272 1963 1467 2009 impotenti
1495 1963 1575 1997 eius
1604 1962 1752 1996 deside-

261 2014 314 2047 rio
357 2017 478 2047 motus
522 2010 570 2045 ad
608 2012 770 2045 Hier-iam
813 2022 894 2044 cum
926 2010 1131 2056 patriarcha
1172 2016 1210 2045 et
1242 2011 1486 2046 Constantino
1531 2012 1754 2058 imperatore

261 2063 341 2095 eius
369 2060 445 2094 filio
472 2062 626 2100 ess'usus,
655 2059 829 2105 praelatis
876 2059 1052 2092 olivarum
1089 2059 1197 2093 ramis
1238 2065 1278 2093 et
1305 2059 1550 2105 lampadibus,
1587 2059 1754 2094 laetitiae

261 2108 438 2148 vocibus,
468 2113 505 2141 et
533 2119 606 2141 una
646 2108 757 2141 simul
797 2107 954 2140 lacrimis
991 2107 1200 2141 venientem
1236 2114 1482 2154 prosequutus
1504 2108 1662 2154 excepit.
1691 2119 1753 2141 ac-

262 2157 397 2191 cedens
428 2161 546 2189 autem
591 2155 689 2189 filius
726 2154 773 2188 ad
798 2155 912 2201 pedes
938 2155 1016 2188 eius
1043 2155 1214 2201 procidit,
1243 2162 1446 2212 mutuoque
1481 2166 1560 2189 sese
1588 2156 1753 2202 comple-

262 2207 336 2240 xati
356 2231 365 2245 ,
400 2209 533 2237 terram
575 2203 805 2236 lacrimarum
831 2203 946 2237 imbre
971 2204 1192 2248 rigaverunt.
1261 2215 1335 2250 quo
1364 2215 1441 2238 viso
1468 2205 1660 2238 universus
1685 2216 1754 2250 po-

261 2254 372 2300 pulus
398 2251 554 2295 hymnos
581 2251 719 2296 gratiae
747 2251 818 2284 deo
843 2252 1076 2293 cecinerunt,
1101 2255 1334 2298 exceptoque
1361 2251 1507 2286 demum
1534 2252 1755 2299 imperatore

262 2314 345 2336 eum
371 2299 502 2346 gaudio
531 2305 568 2332 et
592 2299 767 2344 tripudiis
787 2298 916 2333 urbem
937 2299 1089 2344 ingressi
1114 2304 1211 2333 sunt.

357 2348 517 2384 Arabum
543 2348 716 2393 princeps
745 2347 919 2381 Muamed
943 2348 1048 2381 annis
1073 2358 1217 2382 novem.

76 2406 115 2439 Λ,
131 2404 251 2440 0620
360 2398 550 2432 Persarum
576 2407 640 2428 rex
663 2395 804 2429 Adeser
827 2406 970 2428 menses
994 2401 1134 2440 septem
1163 2400 1303 2440 regnat.

362 2447 440 2480 Hoc
464 2456 560 2478 anno
588 2444 741 2477 ineunte
778 2454 863 2476 vere
889 2443 1078 2477 Heraclius
1115 2444 1324 2489 imperator,
1350 2442 1571 2477 venerandis
1599 2443 1755 2477 et'vivi-

266 2496 345 2530 ficis
369 2494 478 2539 lignis
504 2504 625 2526 secum
651 2492 748 2532 latis,
774 2491 895 2536 regina
918 2491 1067 2525 civitate
1095 2492 1238 2525 solvens
1265 2491 1556 2536 Hierosolymam
1582 2490 1652 2525 deo
1676 2503 1756 2537 gra-

264 2551 321 2579 tes
351 2541 605 2590 persoluturus
631 2539 808 2586 perrexit.
850 2538 915 2572 ubi
941 2538 1177 2573 Tiberiadem
1204 2539 1371 2580 advenit,
1399 2539 1597 2574 Christiani
1623 2540 1756 2573 Benia-

264 2593 342 2627 min
367 2590 551 2638 quendam
578 2589 740 2629 nomine,
773 2599 840 2621 ceu
868 2587 989 2633 gravia
1016 2588 1104 2633 ipsis
1130 2588 1260 2622 (lamna
1287 2588 1424 2622 inferre
1450 2588 1625 2629 solitum,
1657 2587 1758 2634 apud

267 2653 349 2674 eum
381 2638 566 2673 criminati
609 2642 705 2670 sunt.
766 2641 845 2669 erat
876 2636 976 2669 enim
1007 2636 1062 2669 vir
1100 2648 1208 2682 supra
1245 2636 1395 2670 modum
1440 2635 1578 2670 divitiis
1606 2642 1760 2682 potens;

267 2699 380 2734 quare
405 2685 636 2732 imperatoris
661 2684 849 2732 totiusque
878 2684 1060 2718 exercitus
1090 2684 1298 2731 sumptibus
1321 2683 1529 2730 pendendis
1555 2684 1653 2718 solus
1677 2684 1757 2730 ipse

268 2737 357 2770 satis
385 2736 520 2770 extitit.
583 2734 785 2779 imperator
825 2733 951 2778 itaque
985 2733 1146 2766 criminis
1182 2745 1264 2766 eum
1294 2732 1546 2767 damnaturus:
1575 2743 1683 2779 quam
1708 2731 1755 2765 ob

268 2796 423 2828 causam,
452 2783 586 2830 inquit,
610 2782 746 2816 iniuria
772 2779 996 2816 Christianos
1020 2781 1278 2829 prosequeris?
1304 2780 1502 2828 respondet
1526 2781 1613 2815 ille:
1654 2778 1755 2827 quod
