1708 3172
162 171 217 209 v1
739 160 1058 208 ‘PssArerTio

161 261 373 309 risiensis
408 270 520 325 post
550 269 731 308 textum
779 278 1035 326 graecum‚
1080 277 1227 324 quem
1267 269 1467 321 vocant,
1504 260 1632 323 typis

161 361 438 408 expressum
473 361 528 390 ex
548 360 627 390 sex
651 342 905 391 codicibus
923 344 1101 407 passim
1140 352 1357 391 enotatas
1394 342 1442 388 in
1478 359 1633 389 unum

159 427 424 492 congessit,
468 427 534 474 ita
579 427 714 490 quasi
759 427 963 474 vinculis
998 427 1095 473 suis
1138 425 1333 473 dissolvi
1371 434 1419 471 et
1453 424 1515 471 ad
1548 442 1634 471 ve-

158 528 266 558 rum
303 511 553 574 scriptoris
586 527 726 556 usum
762 526 850 556 suo
883 526 1134 573 quamque
1171 509 1282 556 loco
1319 508 1529 569 contuli,
1580 518 1635 554 ut

160 593 400 658 quicquid
434 595 595 641 bonae
631 594 777 658 frugis
814 594 865 640 in
901 593 1196 640 coacervatis
1235 592 1337 639 istis
1373 592 1529 655 copiis
1563 592 1634 637 la-

158 678 327 740 tuerit,
362 678 412 723 in
448 678 607 724 lucem
645 676 881 740 prodiret.
969 675 1189 736 Quarum
1227 693 1322 740 ope
1355 692 1507 740 quum
1536 675 1631 720 iam

158 779 262 808 non
296 777 478 824 paucos
513 761 623 807 libri
645 760 780 807 locos
815 760 867 806 in
892 760 1148 806 meliorem
1172 759 1378 806 formam
1412 757 1632 822 redigere

156 845 351 907 liceret,
393 845 549 891 multo
594 844 751 891 maius
794 843 1132 890 adiumentum
1178 853 1226 890 et
1270 859 1382 890 vere
1429 843 1554 889 salus
1591 843 1635 889 ci

158 929 363 992 contigit
397 945 453 974 ex
499 944 625 974 nova
679 928 939 974 collatione
989 927 1388 990 praestantissimi
1427 926 1636 987 codicis,

160 1012 246 1076 qui
282 1012 332 1058 in
366 1011 511 1076 Regia
541 1011 843 1058 bibliotheca
865 1011 1124 1057 Parisiensi
1162 1011 1288 1056 inter
1312 1009 1637 1056 Coislinianos

157 1096 247 1142 sub
281 1113 387 1142 nro.
429 1099 538 1143 133.
586 1104 867 1142 asservatur.
953 1095 1171 1141 Debetur
1212 1111 1267 1141 ea
1312 1093 1486 1158 insigni
1524 1092 1636 1139 dili-

156 1179 347 1242 gentiae
363 1179 579 1226 virorum
607 1178 1005 1225 doctissimorum
1028 1188 1075 1224 et
1092 1178 1488 1239 clarissimorum,
1503 1175 1636 1222 Con-

159 1263 354 1309 stantini
375 1263 583 1309 Schinae
605 1262 793 1324 Graeci,
813 1262 898 1326 qui
918 1261 1069 1308 hodie
1085 1261 1272 1309 Othoni
1288 1260 1637 1326 Augustissimo

161 1346 390 1393 Graeciae
410 1346 508 1410 regi
529 1363 555 1392 a
577 1346 792 1393 consiliis
823 1345 1026 1392 civitatis
1052 1355 1123 1392 est
1159 1353 1206 1392 et
1239 1345 1428 1408 primus
1449 1342 1636 1390 Acade-

161 1430 308 1476 miam
344 1429 690 1476 Atheniensem
729 1429 892 1476 faustis
931 1429 1157 1493 auspiciis
1193 1428 1444 1475 conditam
1480 1426 1636 1488 rexit,

101 1578 103 1584 7
163 1522 212 1559 et
231 1513 438 1559 Mauritii
468 1512 685 1574 Pinderi,
713 1513 1000 1576 professoris
1019 1512 1356 1573 llerolinensis,
1388 1511 1473 1574 qui
1506 1526 1634 1557 anno

169 1599 311 1644 1827.
383 1596 591 1643 Parisios
616 1597 822 1659 profecti
861 1596 1090 1660 singulari
1123 1612 1235 1642 cura
1273 1604 1321 1642 et
1357 1594 1641 1641 assiduitate

162 1679 292 1726 hanc
329 1696 527 1743 operam
564 1678 715 1726 taedii
750 1680 948 1743 plenam
997 1679 1313 1726 exantlarunt.
1385 1678 1639 1724 Praecellit

135 1755 323 1810 ¹autem
360 1763 483 1810 liber
510 1762 834 1810 Coislinianus
868 1773 968 1810 tam
1004 1764 1146 1827 longe
1183 1762 1355 1809 ceteris
1390 1762 1640 1823 omnibus,

162 1854 211 1893 et
245 1862 387 1893 curae
421 1862 450 1892 a
486 1845 755 1893 duumviris
791 1847 881 1893 illis
905 1847 1022 1894 huic
1055 1848 1183 1893 libro
1221 1843 1512 1892 excutiendo
1549 1844 1639 1892 da-

160 1938 238 1976 tae
269 1930 542 1977 constantia
578 1939 626 1976 et
659 1929 782 1977 [ides
804 1940 1062 1994 tantopere
1085 1930 1341 1977 levitatem
1383 1937 1431 1975 et
1466 1945 1637 1976 socor-

162 2011 296 2059 diam
347 2029 517 2059 eorum
563 2022 760 2076 superat
807 2014 891 2077 qui
940 2014 1157 2078 reliquos
1201 2013 1539 2076 inspexerunt,
1585 2022 1639 2060 ut

160 2094 486 2159 Theophanes
522 2114 653 2143 nunc
688 2095 887 2144 demum
912 2096 1110 2143 firmum
1142 2095 1512 2144 fundamentum
1550 2114 1638 2143 na-

161 2187 266 2226 ctus
320 2195 422 2226 esse
462 2196 574 2226 vere
619 2180 892 2244 praedicari
942 2180 1108 2245 possit.
1196 2180 1316 2228 Nam
1367 2180 1638 2227 innumeris

159 2262 280 2310 locis
315 2279 372 2309 ex
399 2263 526 2310 libro
546 2261 843 2311 Coisliniano
881 2265 998 2311 citra
1035 2280 1235 2311 omnem
1273 2263 1636 2310 dubitationem

160 2362 323 2392 veram
374 2346 624 2409 scriptoris
675 2364 876 2394 manum
933 2348 1149 2410 restitui,
1206 2346 1487 2410 saepissime
1536 2347 1639 2393 eius

161 2429 304 2476 unius
337 2439 527 2476 secutus
562 2431 926 2493 auctoritatem,
970 2431 1105 2478 haud
1148 2447 1256 2478 raro
1290 2429 1638 2477 accedentibus

159 2513 384 2575 aliorum,
418 2513 643 2577 inprimis
676 2515 953 2578 Peyreziani
992 2525 1040 2561 et
1071 2514 1431 2576 Barberiniani,
1466 2514 1637 2561 suffra-

155 2596 263 2659 giis:
313 2614 567 2661 quumque
620 2597 757 2644 ducis
802 2598 955 2645 nostri
999 2599 1342 2662 praestantiam
1393 2615 1536 2661 saepe
1586 2599 1634 2645 in

157 2679 277 2726 locis
311 2679 697 2743 impeditissimis
733 2690 956 2744 expertus
994 2699 1166 2743 esseni,
1201 2682 1346 2728 etiam
1390 2681 1442 2728 in
1477 2681 1631 2727 levio-

156 2757 291 2810 ribus
331 2763 477 2811 rebus
512 2765 578 2816 illi
621 2782 809 2811 morem
842 2783 1008 2828 gerere
1055 2765 1187 2813 haud
1232 2765 1465 2813 dubitavi.
1539 2764 1629 2811 Ubi
