1820 3120
293 143 405 219 760
843 161 1197 206 TnEoPnANis

281 264 601 320 ψευδερημι’της
647 277 712 313 τις
757 264 973 315 Νικόλαος
1001 260 1192 319 τοῦνομα
1218 265 1293 308 καί
1332 264 1373 309 οἶ
1403 266 1486 310 σὺν
1514 267 1634 327 αὐτῷ
1659 285 1781 326 γεγο-

280 330 399 382 νότες
425 326 549 387 ἦσαν,
578 333 653 373 καί
680 331 788 374 κατὰ
819 326 906 375 τοῦ
935 334 1075 388 ὀρθοῦ
1104 331 1233 388 λόγου
1261 333 1334 376 καί
1362 338 1448 378 τῶν
1476 339 1643 380 σεπτιὸν
1670 338 1781 381 εἰκό-

280 415 365 442 νων
395 396 715 456 ἐβλασφήμουν,
747 394 810 442 ὦν
835 399 1099 443 ἀντεποιεῖτο
1131 399 1397 458 Νικηφόρος,
1425 405 1501 447 καί
1526 406 1676 449 ἐλύπει
1705 406 1781 450 τὸν

146 467 492 522 Ρ..Ι,ι4α’ρχιερέα
524 470 600 509 καί
629 466 789 516 πάντας
819 467 921 517 τοὺς
956 466 1067 533 κατὰ
1100 468 1203 512 θεὸν
1233 471 1411 522 ζῶντας.
1469 472 1674 525 πολλάκις
1696 473 1777 532 γάρ

137 523 265 569 V·3²9
277 539 367 578 κατ’
398 535 542 579 αὐτῶν
571 538 761 590 ἐγκαλῶν
789 536 1083 594 η’γανακτήθη,
1111 544 1200 589 τοῖς
1229 537 1338 594 πρὸς
1366 538 1576 596 ἀλλήλους
1596 544 1816 600 ἐχθραι’-5

274 620 398 646 νουσι
428 603 598 661 σφόδρα
636 602 906 659 συγχαίρων,
941 602 1227 659 ἐπιτωθάζων
1256 609 1386 651 παντί
1421 611 1673 670 Χριστιανῷ
1701 628 1777 670 φι-

274 674 422 715 λοῦντι
450 670 521 715 τὸν
552 671 757 728 πλησίον,
788 671 846 722 ὥς
892 672 1163 729 ἀνατροπεύς
1192 677 1279 718 τῶν
1305 677 1440 720 θει’ων
1469 677 1677 736 ἐντολῶν,
1704 678 1781 722 καί

273 738 347 782 διὰ
380 741 574 796 σπουδῆς
603 735 657 796 ἧν
685 741 804 798 αὐτῷ
831 738 954 791 δι’κας
983 741 1166 797 α’λόγους
1193 742 1268 787 καί
1294 743 1497 800 ειῖλόγους
1515 748 1646 790 παντί
1661 749 1776 804 Χρι-

272 811 431 868 στιανῷ
469 814 599 851 κινεῖν
640 809 687 851 ἐν
734 810 794 867 τῷ
838 810 1105 870 κολαστηρίῳ
1153 813 1230 867 τῆς
1263 812 1563 872 Μαγναύρας,
1588 813 1701 871 ,πρὸς
1726 815 1773 860 τὸ

271 878 437 932 μηδένα
466 875 693 931 σχολάζειν
722 874 832 920 κατὰ
865 879 949 920 τῶν
976 873 1185 932 ἀσεβειῶν
1214 880 1370 924 αὐτοῦ.
1429 880 1533 932 τούς
1560 898 1772 939 στρατιω-
1792 901 1820 928 ιι

271 944 417 994 τικοὺς
445 939 659 1000 ἄρχοντας
689 946 899 996 δουλικῶς
937 947 1139 1002 χρᾶσθαι
1168 954 1258 998 τοῖς
1295 948 1541 1001 ἐπισκόποις
1569 949 1646 994 καί
1672 955 1773 1008 κλη-

271 1019 405 1070 ρικοῖς
438 1016 661 1057 ἐκέλευσεν
693 1016 1010 1069 καταγομένους
1041 1015 1309 1067 αὕθεντικῶς
1338 1018 1384 1061 ἐν
1412 1023 1502 1068 τοῖς
1527 1019 1773 1063 ἐπισκοπεί-

271 1098 338 1132 οις
367 1082 440 1125 καί
464 1083 791 1139 μοναστηριόις,
821 1081 896 1125 καί
920 1086 1231 1138 καταχρᾶσθαι
1270 1082 1322 1127 τὰ
1348 1087 1510 1130 αὐτῶν.
1567 1086 1671 1138 τούς
1697 1089 1773 1131 ἄπ’

197 1191 205 1200 ,
232 1152 427 1200 Βαίαῑνος
457 1151 752 1204 ἀναθεμένους
798 1151 859 1209 τῷ
889 1152 978 1210 θεῷ
1005 1154 1155 1206 χρυσᾶ
1182 1148 1210 1208 ἢ
1240 1152 1411 1210 ἀργυρᾶ
1441 1152 1574 1212 σκεύη
1603 1154 1773 1213 ἔψεγεν,

270 1221 347 1261 καί
375 1219 427 1262 τὰ
455 1221 538 1262 τῶν
567 1220 801 1276 ἐκκλησιῶν
830 1218 928 1277 ἱεροὶ
957 1222 1211 1263 κοινοῦσθαι
1242 1216 1362 1274 ἄξιον
1391 1223 1685 1282 ἐδογμάτιζεν,
1715 1222 1773 1276 ὥς
1791 1234 1820 1273 1!

270 1287 433 1337 Ἰούδας
460 1285 506 1330 τὸ
540 1288 791 1331 δεσποτικὸν
817 1289 969 1344 μῦρον.
999 1286 1102 1338 τούς
1131 1288 1213 1344 πρὸ
1242 1290 1382 1333 αὑτοῦ
1410 1294 1608 1346 βασιλεῖς
1634 1289 1773 1336 ἅπαν-

271 1372 349 1406 τας
390 1354 449 1405 ὥς
487 1355 806 1413 α’κυβερνήτους
841 1358 1070 1414 ἐμέμφετο,
1107 1355 1296 1400 καθόλου
1319 1355 1395 1415 τήν
1415 1357 1621 1415 πρόνοιαν
1649 1361 1774 1403 α’ναι-

272 1425 388 1480 ρῶν,
419 1425 496 1466 καί
521 1425 687 1480 μηδένα
731 1426 865 1480 λέγων
894 1423 1092 1479 γίνεσθαι
1132 1428 1210 1468 τοῦ
1239 1428 1500 1484 κρατοῦντος
1529 1426 1773 1472 δυνατώτε-

272 1507 360 1549 ρον,
392 1492 432 1534 εἰ
456 1491 656 1547 βούλοιτο
679 1491 702 1534 ὅ
735 1493 905 1548 κρατῶν
933 1494 1142 1549 ἐντρεχῶς
1171 1488 1340 1549 ἄρχειν.
1400 1496 1498 1539 ἀλλ’
1517 1496 1773 1555 ἐματαιώθη

271 1563 317 1604 ἑν
341 1566 430 1611 τοῖς
463 1562 757 1616 διαλογισμοῖς
784 1560 925 1604 αὕτοῦ
956 1559 979 1603 ὁ
1010 1561 1280 1612 θεόκταντος.
1319 1565 1377 1622 τῷ
1407 1565 1456 1608 δὲ
1484 1566 1820 1624 Φεβρουαρίῳαε

271 1630 378 1685 μηνί
404 1630 479 1685 τῆς
512 1629 648 1686 αὐτῆς
669 1627 706 1671 δ’
736 1630 1000 1681 ι’νδικτιῶνος
1028 1631 1084 1689 τῷ
1117 1629 1274 1690 πρώτῳ
1299 1629 1501 1692 σαββάτῳ
1522 1634 1610 1675 τῶν
1637 1631 1772 1689 ἁγίων

375 1765 582 1851 ιῖἶῌαῦτῶἔ
609 1769 638 1803 Α
665 1768 693 1812 f,
719 1766 816 1804 αὖτά
842 1768 941 1815 vulg.
1047 1770 1099 1814 ¹4-
1132 1768 1246 1814 σκεύη
1275 1769 1361 1805 add.
1382 1781 1428 1805 ex
1446 1769 1487 1806 A.
1563 1781 1621 1806 21.
1647 1769 1771 1820 ἁγίων

371 1827 407 1850 αι
449 1843 456 1851 .
486 1828 530 1851 ex
581 1841 588 1850 .

273 1953 339 1986 nio
364 1951 538 1986 Nicolaus
564 1952 724 2000 quidam,
753 1953 927 1988 eremitae
953 1964 1090 1988 nomen
1127 1953 1222 1988 falso
1248 1953 1320 1988 sibi
1346 1964 1530 1999 arrogans,
1558 1958 1596 1989 et
1621 1954 1769 2002 quidam

276 2000 440 2034 eiusdem
472 2001 568 2034 vitae
594 2003 802 2048 participes,
828 2002 999 2036 adversus
1026 2008 1161 2037 rectam
1188 2002 1297 2036 fidem
1323 2008 1361 2038 et
1385 2003 1612 2038 venerandas
1637 2005 1769 2050 imagi-

275 2061 339 2083 nes
364 2047 612 2095 blasphemias
640 2061 807 2085 evomere
832 2051 982 2086 assueti.
1008 2051 1098 2086 istos
1119 2051 1190 2085 sibi
1217 2051 1416 2093 devincire,
1442 2053 1654 2097 pontificem
1681 2065 1769 2087 vero

274 2097 523 2143 Nicephorum
556 2099 792 2146 reliquosque
825 2100 937 2134 vitam
975 2111 1076 2134 suam
1113 2099 1162 2134 ad
1199 2099 1258 2134 ‹lei
1296 2100 1470 2146 placitum
1497 2101 1768 2135 conformantes

274 2146 432 2191 affligere
466 2146 651 2181 studebat.
711 2148 855 2195 saepius
898 2148 996 2182 enim
1030 2149 1087 2182 his
1127 2149 1214 2183 illos
1250 2148 1504 2183 incusantibus
1548 2150 1769 2192 succensuit,

273 2206 356 2229 cum
385 2206 429 2228 ex
448 2194 599 2229 adverso
627 2202 770 2230 mutuas
796 2195 842 2230 ad
867 2196 1023 2230 invicem
1046 2198 1212 2232 foventes
1237 2197 1448 2231 inimicitias
1472 2198 1768 2243 amplecteretur,

275 2249 314 2277 et
343 2243 539 2287 diligentes
569 2243 723 2278 invicem
749 2246 923 2279 conviciis
959 2245 1161 2280 morderet:
1191 2257 1307 2292 usque
1337 2250 1416 2279 erat
1440 2245 1644 2280 divinornm
1663 2258 1769 2280 man-

275 2291 445 2325 datorum
479 2292 673 2326 acerrimus
702 2299 956 2338 oppugnator,
994 2294 1033 2327 in
1066 2294 1105 2328 id
1132 2299 1210 2328 toto
1238 2293 1362 2327 studio
1387 2299 1534 2339 raptus,
1559 2299 1612 2336 ut,
1637 2295 1768 2328 litibus

275 2352 342 2386 per
367 2340 420 2374 fas
447 2346 511 2375 aut
538 2341 641 2374 nefas
668 2341 824 2374 cuilibet
852 2341 1057 2375 Christiano
1086 2343 1124 2376 in
1152 2343 1373 2386 Magnaurae
1401 2342 1614 2377 carnificina
1643 2343 1770 2377 inten-

273 2389 384 2430 tatis,
420 2390 605 2423 neminem
642 2389 893 2435 impietatibus
918 2391 990 2424 suis
1026 2390 1283 2435 dignoscendis
1307 2389 1498 2424 attendere
1525 2391 1767 2438 permitteret.

272 2438 452 2472 militares
497 2449 665 2484 proceres
705 2438 887 2484 episcopis
930 2445 967 2472 et
1006 2439 1147 2472 clericis
1175 2438 1283 2472 herili
1321 2439 1401 2471 iure
1432 2439 1704 2485 episcopatibus
1731 2445 1769 2474 et

273 2486 502 2520 monasteriis
529 2486 710 2529 abductis,
734 2487 771 2520 in
802 2497 986 2520 servorum
1026 2486 1172 2520 modum
1205 2487 1259 2520 uti
1287 2498 1488 2533 eorumque
1527 2488 1635 2522 bonis
1664 2487 1768 2522 abuti

273 2534 391 2568 iussit.
443 2547 504 2569 eos
530 2536 694 2581 insuper,
723 2535 787 2580 qui
816 2533 859 2568 ab
886 2536 1040 2581 antiquo
1067 2547 1176 2568 aurea
1202 2535 1259 2569 vel
1289 2541 1461 2579 argentea
1487 2547 1657 2582 quaeque
1681 2549 1769 2570 vasa

274 2581 344 2615 deo
380 2582 508 2617 devota
551 2589 845 2624 consecrassent,
885 2583 965 2628 ipse
1002 2583 1193 2628 vituperiis
1230 2583 1451 2626 incessebat,
1487 2589 1524 2618 et
1549 2596 1644 2630 quae
1669 2596 1770 2619 nunc

272 2630 482 2676 possideret
505 2632 657 2666 ecclesia
684 2630 933 2665 communibus
964 2631 1090 2664 usibus
1124 2631 1348 2677 deputanda,
1376 2637 1487 2678 prout
1511 2632 1620 2667 Iudas
1649 2632 1768 2667 domi-

273 2680 395 2712 nicum
422 2686 658 2725 unguentum,
683 2679 950 2714 deblaterabat.
1002 2679 1048 2712 ad
1077 2679 1168 2713 haec
1193 2680 1257 2725 qui
1292 2686 1570 2726 praecesserunt
1605 2681 1766 2727 impera-

272 2731 383 2769 tores,
412 2739 479 2762 ceu
506 2740 623 2763 rerum
647 2728 889 2774 gerendarum
915 2728 1118 2773 imperitos,
1142 2728 1370 2762 moderantia
1385 2729 1425 2763 in
1451 2729 1661 2764 universum
1677 2729 1766 2763 sub-

274 2776 360 2817 lata,
389 2777 600 2818 accusabat,
638 2776 818 2811 affirmans
847 2778 1030 2810 neminem
1074 2775 1239 2823 principe
1266 2778 1513 2822 potentiorem
1538 2789 1630 2819 esse,
1653 2777 1764 2812 modo

272 2829 379 2859 caute
405 2830 515 2872 atque
541 2831 691 2862 strenue
715 2827 745 2861 is
769 2826 962 2872 imperium
986 2830 1098 2870 gerat,
1127 2824 1191 2860 sed
1216 2825 1326 2861 homo
1342 2824 1487 2862 divinae
1513 2826 1678 2861 iustitiae
1706 2826 1765 2862 vi-
