1786 3204
263 159 337 216 36
813 161 1156 206 THEOPHANIS

265 279 397 329 av’rdg
426 270 668 320 ἐπανελθών
695 271 739 312 ἐκ
766 268 839 323 τῆς
859 265 1043 319 ε’ξορίας,
1076 262 1150 303 καί
1177 260 1220 301 ἐν
1248 259 1296 316 τῇ
1322 253 1487 313 συνόδῳ
1517 253 1727 311 εὑρεθείς,

224 342 511 398 Οκαταλαβών
540 339 616 396 τήν
643 339 756 382 ἰδίαν
779 334 1001 389 παροικιάν
1018 363 1030 382 ,
1060 328 1255 383 διήρκεσε
1282 324 1361 373 ἕως
1384 323 1618 366 Ἰουλιανοῦ
1646 321 1727 364 τοῦ

263 409 529 466 παραβάτου.
586 404 658 449 καί
676 399 902 456 ἐπειδήπερ
934 398 986 439 ου’
1014 395 1256 451 προφανῶς,
1291 388 1398 433 ἀλλὰ
1428 389 1622 444 κρυπτῶς
1651 385 1725 429 διὰ

263 483 350 523 τῶν
380 475 598 532 ἀρχόντων
630 471 652 514 ὅ
684 467 840 525 μιαρός
880 462 986 520 ἀνὴρ
1027 464 1086 512 εἰς
1121 459 1220 510 τοὺς
1257 452 1546 513 Χριστιανοὺς
1573 453 1726 510 παροί..

265 563 347 601 νει,
376 542 501 587 πάλιν
533 540 553 583 ὅ
583 535 791 594 μακάριος
809 533 1033 587 Δωρόθεος
1062 529 1292 580 κατέλαβεν
1318 521 1765 579 τηνὈδυσσόπολιν,5

266 612 371 655 ἔνθα
399 612 473 652 καί
501 607 729 662 συσχεθείς
757 600 840 645 ὑπὸ
869 601 953 642 τῶν
993 595 1210 652 α’ρχόντων
1240 591 1493 644 ’[ουλιανοῦ,
1523 588 1597 631 καί
1623 592 1726 629 πολ-

264 679 365 728 λοὺς
407 677 636 729 ὑπομείνας
677 666 919 722 αἰκισμούς,
957 667 1001 706 ἑν
1035 659 1265 717 βαθυτάτῳ
1307 658 1425 714 γήρει
1457 654 1530 698 διὰ
1559 653 1638 711 τὴν
1667 655 1729 702 εἰς

264 741 456 801 Χριστόν
485 740 704 796 ὁμολογίαν
739 742 833 785 ταῖς
875 731 1079 788 βασάνοις
1125 729 1386 772 ἐναπέθανεν
1425 720 1591 783 [ἑκατὸν
1619 718 1726 764 ἑπτά

267 809 348 869 ἤδη
377 807 594 865 τυγχάνων
623 805 758 861 ὲτῶν].

58 893 252 936 A.M.5817
382 876 525 933 Τούτῳ
554 874 614 932 τῷ
642 870 724 913 ἔτει
752 865 954 914 Ἰουδαῖοί
973 881 1017 909 τε
1053 862 1128 906 καί
1162 865 1334 918 Πέρσαι
1365 858 1441 902 τὸν
1472 859 1727 914 Χριστιανι-
1746 870 1786 897 lc

222 940 374 1000 1)σμόν
401 943 576 998 ὁρῶντες
605 935 846 993 ἀκμάζοντα
874 931 980 976 κατὰ
1008 930 1083 987 τὴν
1099 931 1298 984 Περσίδα
1333 923 1611 981 διαβάλλουσι
1642 925 1680 966 Σ

264 1011 379 1069 βιόρῃ
411 1009 594 1063 Περσῶν
634 1008 806 1060 βασιλεῖ
828 1002 1035 1054 Συιιιεῶνα
1067 999 1397 1052 άρχιεπίσκοπον
1426 992 1733 1048 Κτησιφῶντος

265 1078 339 1121 καί
364 1076 435 1120 τὸν
462 1075 733 1125 Σελευκείας,
768 1067 824 1119 ὥς
852 1071 1003 1126 φίλους
1029 1067 1106 1108 τοῦ
1143 1065 1354 1119 βασιλέως
1392 1057 1617 1114 Ῥωμαίων
1660 1058 1735 1099 καί

264 1143 453 1201 μηνυτὰς
480 1142 564 1185 τῶν
594 1139 820 1192 Περσικῶν
847 1135 1124 1190 πραγμάτων·
1184 1127 1294 1173 ὥστε
1320 1126 1509 1184 μεγάλου
1543 1124 1734 1181 διωγμοῦ

268 1215 313 1255 ἐν
338 1211 525 1265 Περσίδι
568 1208 800 1262 κινηθέντος
830 1208 1016 1245 πλεῖστοι
1055 1202 1114 1257 τῷ
1144 1199 1250 1254 ὑπὲρ
1283 1196 1483 1253 Χριστοῦ
1508 1194 1733 1252 μαρτυρίαι
1752 1189 1786 1231 1!

162 1295 197 1328 Ρ.
213 1303 256 1325 20
270 1278 665 1332 κατεκοσμήθησαν,
697 1274 740 1315 ἐν
769 1267 830 1321 οἷς
866 1268 939 1312 καί
969 1264 1252 1322 Οὗσθαξάδης
1282 1261 1554 1318 παιδαγωγὸς
1583 1260 1736 1316 Σαβαί-

157 1358 200 1391 V.
219 1356 366 1400 ιδρου,
400 1345 472 1386 καί
502 1338 680 1395 Συμεών
717 1336 738 1381 ὅ
766 1338 1116 1393 α’ρχιεπίσκοπος,
1146 1336 1219 1375 καί
1246 1331 1353 1388 πρὸς
1382 1326 1526 1380 ἄλλοις
1566 1332 1738 1378 πολλοῖς

273 1410 419 1454 ἑκατὸν
456 1407 645 1464 κληρικοί
684 1406 757 1449 καὶ
801 1406 1019 1447 ἐπίσκοποι
1058 1405 1102 1445 ἐν
1129 1401 1266 1457 ἡμέρᾳ
1296 1400 1377 1458 μιᾷ
1405 1395 1737 1453 ἐμαρτύρησαν,

274 1481 346 1521 καί
372 1474 504 1520 πολλοὶ
537 1474 675 1531 πλήθη
703 1473 990 1528 ἀναρίθμητοι.
1063 1471 1109 1511 ἑκ
1140 1471 1188 1511 δὲ
1216 1469 1300 1510 τῶν
1328 1467 1490 1509 πόλεων
1516 1463 1617 1514 τούς
1645 1466 1737 1506 ἐπι-

274 1546 434 1602 σήμους
466 1541 746 1585 ὀκτωκαιδεκα
773 1538 971 1595 χιλιάδας
999 1536 1244 1594 ἠρίθμησαν
1271 1532 1505 1590 μαρτύρων
1532 1529 1736 1588 βασάνοις
1749 1542 1786 1571 2<

1679 939 1731 964 α-

373 1703 406 1725 2.
436 1690 553 1735 ἰδίαν]
580 1690 721 1726 οἰκείαν
743 1699 772 1722 c.
894 1687 963 1727 ἕως
988 1687 1014 1720 Α
1041 1697 1062 1719 a
1088 1686 1125 1727 f,
1149 1685 1260 1732 μέχρι
1285 1684 1381 1729 vulg.
1481 1693 1512 1728 7.
1535 1680 1632 1738 γήρᾳ
1657 1679 1680 1713 b
1706 1690 1738 1713 e.

370 1741 404 1774 8.
431 1739 481 1774 ἐκ.
510 1759 552 1765 —-
582 1737 674 1773 ἐτῶν
699 1748 767 1770 om.
790 1735 819 1769 A
848 1745 868 1767 e
894 1736 918 1768 f.
1045 1744 1096 1767 12.
1120 1734 1270 1780 βασιλεῖ
1292 1744 1359 1766 om.
1389 1742 1408 1764 e
1435 1729 1459 1764 f.
1585 1731 1637 1762 ιδ.
1665 1730 1740 1763 Σε-

369 1788 534 1825 λευκείας
556 1787 604 1826 Α,
630 1786 828 1822 Σελευκίας
866 1783 962 1827 vulg.
1158 1779 1222 1816 τοῦ
1252 1781 1433 1826 βασιλέως
1462 1777 1568 1826 Ῥωμ.
1600 1777 1641 1818 A,
1666 1775 1742 1810 τῶν

366 1834 471 1881 Ῥωμ.
498 1834 681 1880 βασιλέων
707 1831 802 1876 vulg.
956 1829 1007 1863 16.
1036 1828 1332 1871 Οὗσθαδοξάδης
1362 1839 1393 1860 e.
1542 1827 1742 1872 Σαβωρίου

372 1882 468 1927 vulg.
593 1893 644 1927 17.
671 1879 690 1915 ὃ
715 1878 797 1912 add.
823 1889 866 1912 ex
891 1878 932 1911 A.
1062 1889 1114 1921 ¹9·
1142 1876 1307 1922 πόλεων]
1335 1873 1485 1912 πολλῶν
1509 1885 1541 1907 a.

284 2008 452 2042 interfuit
476 2006 634 2051 synodo,
670 2012 707 2040 et
736 2006 903 2052 propriae
943 2005 1129 2039 restitutus
1166 2005 1338 2038 ecclesiae
1377 2004 1425 2038 ad
1449 2001 1747 2050 praevaricatoris

285 2057 418 2090 Iuliani
456 2060 617 2100 tempora
648 2054 848 2100 permansit
884 2054 921 2085 in
945 2053 1045 2086 vivis.
1100 2064 1180 2086 cum
1206 2064 1289 2086 vero
1315 2064 1390 2086 non
1417 2057 1564 2099 aperta,
1595 2050 1659 2084 sed
1685 2061 1749 2082 oc-

288 2104 383 2136 culta
409 2103 440 2136 vi
468 2114 531 2147 per
556 2102 780 2146 magistratus
811 2101 849 2133 in
874 2100 1099 2134 Christianos
1126 2100 1301 2134 scelestus
1338 2101 1403 2134 ille
1438 2098 1750 2138 debaccharetur,

288 2152 416 2184 beatus
443 2149 646 2183 Dorotheus
674 2148 928 2193 Odyssopolim
959 2160 1094 2181 rursum
1130 2149 1316 2194 profectus
1333 2175 1341 2190 ‚
1371 2154 1408 2182 et
1433 2160 1451 2181 a
1477 2147 1610 2181 Iuliani
1634 2146 1751 2190 magi-

291 2198 461 2232 stratibus
496 2196 631 2230 ibidem
670 2196 970 2242 comprehensus,
1002 2197 1108 2229 variis
1136 2202 1307 2230 contusus
1333 2196 1498 2238 iniuriis,
1528 2196 1566 2228 in
1591 2199 1753 2228 extrema

293 2250 495 2286 senectute,
532 2244 578 2278 ob
604 2244 737 2278 Christi
775 2244 1059 2285 confessionem,
1089 2250 1234 2278 centum
1273 2250 1310 2278 et
1337 2250 1477 2290 septem
1501 2244 1598 2278 vitae
1622 2253 1754 2276 nume-

295 2305 375 2328 rans
402 2304 533 2332 annos,
558 2293 595 2325 in
619 2292 805 2325 tormentis
831 2291 1013 2324 occubuit.

108 2352 281 2397 A.C.317
389 2341 466 2374 Hoc
491 2351 584 2372 anuo
622 2339 746 2372 Iudaei
783 2344 819 2372 et
843 2339 988 2379 Persae,
1019 2339 1162 2384 cognito
1190 2339 1275 2372 fidei
1301 2338 1526 2373 Christianae
1551 2349 1617 2384 per
1642 2342 1758 2372 totam

297 2389 451 2423 persiam
471 2392 662 2432 augmento
679 2413 689 2428 ,
717 2387 930 2430 Symeonem
960 2387 1205 2432 Ctesiphontis
1230 2393 1266 2421 et
1301 2387 1455 2420 alterum
1485 2387 1675 2420 Seleuciae
1700 2398 1759 2419 ar-

296 2437 588 2482 chiepiscopum,
615 2446 679 2467 ceu
706 2435 944 2475 Romanorum
971 2434 1224 2479 imperatorum
1252 2436 1404 2476 amicos,
1429 2436 1565 2481 quique
1593 2446 1648 2468 res
1677 2435 1762 2467 Per-

298 2486 388 2518 sicas
428 2484 478 2517 eis
514 2483 737 2522 revelarent,
762 2481 860 2526 apud
886 2481 1054 2515 Saborem
1080 2483 1263 2516 Persarum
1290 2494 1406 2528 regem
1446 2483 1624 2516 criminati
1652 2486 1760 2515 suut:

299 2532 396 2566 unde
424 2530 604 2565 horrenda
632 2530 670 2563 in
697 2529 842 2562 Perside
866 2530 1115 2574 persecutione
1141 2537 1329 2572 commota,
1357 2531 1505 2576 plurimi
1532 2542 1598 2575 pro
1619 2529 1760 2564 Christo

297 2580 455 2624 martyrii
480 2589 612 2613 corona
638 2577 739 2610 fuere
768 2576 946 2610 decorati:
973 2578 1069 2610 inter
1091 2589 1181 2624 quos
1206 2578 1428 2612 Usthaxades
1454 2577 1600 2612 Sabor-is
1626 2576 1765 2623 paeda-

299 2639 433 2672 gogus,
459 2632 496 2660 et
532 2625 688 2670 Symeon
722 2623 1037 2670 archiepiscopus,
1071 2630 1113 2658 et
1140 2631 1285 2670 praeter
1322 2626 1413 2659 alios
1458 2627 1582 2672 plures
1620 2630 1766 2658 centum

301 2675 420 2709 clerici
450 2680 486 2708 et
512 2673 684 2719 episcopi,
711 2678 749 2705 et
777 2672 847 2705 alia
875 2672 1066 2705 innumera
1090 2673 1287 2707 multitudo
1316 2685 1386 2706 una
1411 2674 1469 2708 die
1500 2674 1661 2717 martyrii
1686 2673 1768 2718 pal·

301 2735 394 2757 mam
420 2721 546 2766 adepti
572 2726 667 2755 sunt.
718 2719 763 2752 ab
791 2719 917 2753 eodem
942 2720 1090 2765 insuper
1125 2720 1374 2754 infidelissimo
1401 2721 1536 2756 Sabore
1562 2722 1600 2755 in
1627 2720 1767 2765 praeci-

303 2772 383 2817 puis
413 2770 560 2804 urbibus
585 2767 805 2803 nobilissimi
830 2767 964 2814 quique
991 2767 1038 2801 ad
1071 2767 1194 2803 decem
1231 2774 1268 2803 et
1296 2775 1376 2804 octo
1399 2770 1517 2804 millia
1546 2767 1766 2804 cruciatibus
