1708 3172
188 185 223 224 L
615 182 963 227 TIIEOPHANIS
1002 183 1280 227 OFFICIUM.

188 284 213 327 ὅ
244 285 347 341 νέος,
379 282 488 328 ἀλλὰ
531 286 605 328 καί
641 285 667 340 ἦ
708 287 932 342 οἰκουμένη
970 288 1147 344 γίνεται,
1178 286 1359 342 Εἰρήνης
1387 282 1438 326 τά
1469 285 1662 339 σκῆπτρα

188 353 504 408 διαδεξαμένης.
573 353 667 395 ἐπεί
706 354 754 395 δὲ
792 351 900 395 κατὰ
933 355 1032 396 νοῦν
1058 351 1196 397 πάντα
1233 353 1350 410 αὐτῷ
1379 353 1547 407 γέγονε,
1579 357 1668 400 τοῖς

188 420 349 463 ἐνδεέσι
379 416 454 462 καί
476 424 661 474 πτωχοῖς
688 418 763 475 τήν
805 415 954 462 οὐσίαν
987 420 1127 462 αότοῦ
1154 419 1437 474 διεσκόρπισε,
1467 420 1539 460 καί
1569 418 1668 467 τούς

189 487 368 536 οἰκείους
398 487 625 543 ἐλευθερίᾳ
654 488 869 543 τετίμηκε·
896 489 946 544 τῇ
976 488 1022 530 δὲ
1046 489 1166 546 τιμία
1201 487 1336 530 αὐτοῦ
1365 484 1535 543 συζύγῳ
1560 484 1670 540 χρή-

188 570 306 606 ματα
347 552 481 596 πολλὰ
515 551 861 610 παρασχόμενος,
904 556 948 596 έν
977 556 1030 611 τῇ
1058 556 1131 596 τοῦ
1162 557 1400 609 Πρίγκιπος
1429 554 1538 610 μονῇ
1564 551 1671 595 οἷπέ-

189 636 350 676 κειρεν,
380 618 564 676 Εἰρήνην
610 619 744 675 αυτὴν
777 616 874 662 dvxi
909 618 1142 675 ,Μεγάλους
1169 619 1401 675 ὀνομάσας.
1463 618 1594 669 αὐτὸς
1623 621 1672 662 δὲ

190 690 249 729 τῶ
277 689 409 746 κυρία)
445 684 598 730 ἑαυτὸν
625 690 881 745 προσφέρων
912 686 1130 742 ἱερουργεῖ
1151 690 1196 731 ἐν
1224 691 1277 746 τῇ
1299 690 1345 730 ἐν
1374 689 1432 747 wi
1462 690 1544 730 τῶν
1573 690 1670 741 Σιγ-

189 757 438 810 γριανιαίων
465 770 551 809 ορει
590 757 760 812 κειμένῃ
787 756 910 813 μόνῃ,
942 757 1224 813 Πολυχρονιά
1266 757 1481 813 λεγομένῃ.
1538 770 1671 807 μονα-

186 823 271 876 χοῢ
315 823 362 864 δὲ
399 822 535 864 αὐτοῦ
574 823 822 877 γενομένου,
854 821 946 862 οὐδ’
986 817 1094 870 ὅλως
1121 820 1169 863 τὸ
1206 815 1355 876 ἄρχειν
1388 823 1669 873 κατεδέξατο·

189 890 285 931 ἀλλ’
316 890 361 931 ἐν
393 890 444 945 τῇ
473 891 593 946 κέλλῃ
625 888 918 943 καθεζόμενος,
956 888 1000 939 ἐξ
1032 889 1195 930 οἰκείων
1222 890 1380 943 χειρῶν
1405 887 1480 944 τήν
1506 887 1671 944 τροφήν

189 957 420 1013 ἐπορίζετο,
449 958 752 1012 καλλιγραφῶν
781 953 930 1011 ἑξαετῆ
955 955 1111 1011 χρόνον
1137 957 1336 1011 διηνεκῶς
1365 957 1410 998 ἐν
1439 956 1492 1012 τῇ
1518 959 1670 997 καλου-

189 1025 294 1081 μένῃ
326 1023 435 1082 νήσῳ
480 1025 555 1079 τῆς
590 1023 890 1077 Καλωνύμου,
921 1024 967 1065 ἐν
1005 1017 1035 1080 ᾗ
1061 1020 1348 1077 συνεστήσατο
1371 1022 1507 1071 αυ’τὸς
1535 1024 1666 1079 μονῇ’

191 1090 264 1132 καί
293 1087 422 1133 πάλιν
449 1088 624 1144 ἔρχεται
653 1091 698 1132 ἑν
726 1093 784 1147 τῷ
814 1092 886 1145 τῆς
917 1091 1174 1145 Σιγγριανῆς
1201 1084 1304 1145 ὄρει.
1362 1092 1421 1148 τῷ
1445 1090 1493 1131 δὲ
1522 1105 1670 1145 πεντη-

189 1159 322 1215 κοστῷ
350 1159 424 1212 τῆς
471 1159 583 1213 ζωῆς
611 1157 747 1199 αὐτοῦ
772 1155 942 1215 χρόνῳ,
975 1156 1173 1214 ἀσθενείᾳ
1206 1156 1290 1199 τινί
1318 1157 1614 1213 παραδίδοται,
1644 1154 1668 1212 ἦ

189 1241 252 1275 τις
282 1220 331 1280 ἦν
361 1225 549 1274 λιθιάσις
577 1222 764 1274 κύστεως
792 1226 865 1266 καί
904 1227 1147 1281 νεφριτικῆς
1180 1225 1436 1274 α’κολουθίας
1466 1224 1671 1278 σύμπτω-

190 1309 265 1344 μα.
337 1292 381 1333 ἐκ
422 1290 572 1333 τούτου
611 1290 759 1334 λοιπὸν
789 1294 865 1333 τοῦ
905 1293 1099 1345 χαλεποῦ
1149 1291 1387 1345 νοσήματος
1422 1289 1561 1346 ἔμεινε
1600 1290 1669 1332 διὰ

190 1357 346 1408 παντὸς
374 1360 448 1400 τοῦ
476 1361 573 1412 βίου
604 1360 800 1414 κλινήρης
829 1357 902 1400 καί
931 1359 1135 1413 ἀκίνητος.
1192 1357 1300 1412 μετὰ
1332 1359 1469 1401 ταῦτα
1499 1359 1671 1410 ἐδέξατο

193 1425 245 1468 τά
276 1427 467 1482 σκῆπτρα
498 1429 572 1481 τῆς
601 1429 821 1480 βασιλείας
838 1427 967 1469 Λέων
997 1426 1018 1467 ὁ
1043 1426 1278 1482 Ἀρμένιος.
1319 1428 1412 1468 α’λλ’
1439 1421 1509 1468 οἷα
1539 1428 1669 1483 τούτῳ

193 1496 485 1549 συμβέβηκεν,
523 1492 664 1542 οὖὸεἰς
703 1494 862 1549 α’γνοεῖ.
937 1495 1040 1542 τέως
1067 1495 1114 1535 δὲ
1141 1493 1162 1534 ὁ
1196 1491 1373 1549 α’νόητος
1401 1492 1474 1535 καί
1503 1493 1669 1542 ἀνόσιος

189 1562 344 1613 πέμπει
364 1561 470 1616 πρὸς
499 1559 572 1603 τὸν
590 1563 667 1602 τοῦ
692 1563 799 1602 θεοῦ
826 1556 1068 1616 ἄνθρωπον,
1098 1561 1209 1615 ἐλθέ,
1234 1564 1380 1615 λέγων,
1408 1555 1528 1612 εὖξαι
1558 1560 1666 1614 ὑπὲρ

189 1627 322 1684 ἡμῶν,
357 1625 420 1671 ὅτι
442 1628 547 1671 κατὰ
577 1627 810 1683 βαρβάρων
839 1628 1096 1683 ἀπέρχομαι.
1156 1626 1288 1676 αὐτὸς
1317 1630 1363 1670 δὲ
1392 1626 1463 1670 διὰ
1494 1626 1539 1669 τὸ
1575 1628 1668 1669 α’κί-

188 1710 309 1752 νητος
339 1691 461 1752 εἶναι,
491 1697 536 1738 ἐκ
554 1696 627 1751 τῆς
659 1693 821 1750 ἁμάξης
837 1698 1038 1751 μετετέθη
1060 1696 1119 1744 εἰς
1145 1699 1300 1752 πλοῖον,
1331 1689 1534 1751 καίἦχθη
1563 1692 1668 1750 πρὸς

192 1900 274 1923 cum
303 1890 375 1923 Leo
398 1890 610 1937 imperator,
636 1895 711 1924 tum
731 1890 799 1925 viri
817 1902 919 1925 socer
945 1891 1054 1925 vitam
1070 1894 1306 1932 commutant,
1332 1888 1576 1935 deincepsque
1602 1900 1667 1922 ne-

190 1938 274 1971 dum
305 1939 458 1979 iuvenis,
485 1939 549 1972 sed
577 1944 614 1972 et
640 1939 738 1972 orbis
767 1941 844 1984 ipse
873 1938 965 1972 liber
982 1940 1079 1983 agit,
1108 1940 1212 1972 Irene
1230 1943 1377 1982 augusta
1396 1943 1536 1982 sceptra
1564 1943 1668 1982 post—

187 1986 335 2019 inodum
362 1987 588 2021 moderante.
642 1999 720 2020 cum
752 1988 877 2033 itaque
915 1998 958 2019 ex
985 1992 1071 2020 voto
1098 1992 1228 2019 cuncta
1254 1986 1517 2026 successissent,
1544 1986 1665 2029 egenis

190 2046 231 2067 ac
254 2034 476 2080 pauperibus
504 2035 743 2070 substantiam
769 2034 968 2076 distribuit,
995 2045 1188 2080 servosque
1214 2032 1388 2067 libertate
1413 2009 1585 2066 dormiit?
1598 2045 1666 2066 no-

190 2082 389 2116 bilissimae
416 2088 535 2116 autem
577 2084 719 2128 coniugi
755 2083 926 2126 elargitus
966 2082 1098 2116 multas
1131 2082 1323 2127 pecunias,
1349 2082 1387 2115 in
1412 2081 1587 2126 Principis
1613 2081 1664 2113 ita

189 2129 289 2164 dicto
318 2132 539 2164 monasterio
575 2131 766 2172 detondit,
806 2131 968 2176 Megalus
1002 2130 1147 2163 nomine
1174 2130 1212 2163 in
1248 2131 1379 2162 Irenen
1417 2129 1475 2162 illi
1502 2140 1663 2161 commu-

187 2183 276 2212 tato.
329 2178 359 2211 is
384 2190 466 2212 vero
493 2190 530 2212 se
559 2179 706 2212 domino
722 2190 850 2212 munus
875 2184 1061 2212 consecrat
1085 2178 1124 2210 in
1143 2177 1375 2218 monasterio,
1401 2175 1500 2223 quod
1527 2178 1564 2210 in
1579 2177 1665 2210 Sin-

189 2227 392 2271 grianorum
427 2232 550 2260 monte
590 2228 698 2260 situm
742 2226 971 2270 Polychrouii
1014 2226 1323 2271 nuncupationem
1364 2224 1662 2258 l1abet.factus

187 2273 396 2315 monachus,
426 2286 592 2320 praeesse
616 2276 719 2308 nullo
745 2275 854 2308 modo
881 2275 1073 2315 sustinuit,
1109 2273 1173 2306 sed
1195 2274 1233 2306 in
1259 2272 1392 2306 cellula
1422 2273 1561 2313 sedens,
1586 2284 1663 2306 ma-

188 2333 300 2355 nuum
329 2322 453 2356 labore
482 2324 614 2356 victum
641 2322 802 2369 parabat,
827 2322 1024 2356 scribendis
1042 2320 1223 2355 codicibus
1253 2332 1329 2354 sese
1357 2320 1569 2366 impendens
1596 2333 1660 2353 an-

187 2381 254 2403 nos
284 2381 346 2403 sex
374 2371 566 2404 continuos
591 2372 629 2404 in
656 2372 772 2404 insula
799 2371 896 2404 dicta
926 2370 1156 2414 Calonymm,
1182 2370 1221 2403 in
1248 2380 1291 2402 eo
1317 2369 1537 2402 monasterio
1563 2368 1661 2414 quod

186 2423 428 2451 exstruxerat:
455 2418 660 2464 iterumque
687 2420 878 2452 revertitur
902 2418 947 2451 ad
973 2418 1182 2462 Singrianae
1218 2422 1389 2450 montem.
1442 2417 1571 2450 aetatis
1596 2428 1662 2449 au-

185 2471 259 2499 tem
285 2477 381 2499 auno
411 2467 708 2512 quinquagesimo
733 2466 950 2512 aegritudini
978 2466 1228 2511 corpusculum
1254 2464 1421 2506 traditur,
1445 2476 1575 2510 nempe
1600 2476 1663 2497 ve-

187 2514 259 2547 sica
284 2519 526 2560 petrescente,
550 2526 593 2547 ac
617 2527 742 2549 renum
756 2515 911 2549 molesto
928 2514 984 2547 illi
1012 2513 1150 2547 dolore.
1177 2525 1220 2546 ex
1245 2513 1310 2546 illo
1337 2512 1510 2558 deinceps
1536 2512 1661 2546 morbo

185 2561 313 2595 afflicta
338 2561 562 2602 valetudine,
588 2568 699 2596 totam
726 2564 833 2597 vitam
862 2564 956 2596 lecto
976 2561 1194 2595 decumbens
1221 2560 1307 2605 egit,
1332 2572 1399 2594 nec
1424 2560 1494 2593 sibi
1521 2566 1660 2594 motum

184 2610 362 2655 imperare
392 2610 527 2643 valens.
579 2616 706 2655 postea
732 2611 807 2644 Leo
833 2611 1020 2645 Armenius
1048 2609 1192 2654 imperii
1232 2613 1372 2653 sceptra
1398 2609 1577 2655 capessit:
1599 2620 1662 2641 ve-

186 2669 262 2690 rum
290 2656 380 2703 quid
405 2657 462 2691 illi
489 2658 680 2699 acciderit,
719 2670 825 2692 nemo
862 2659 988 2692 nescit.
1051 2657 1227 2691 hactenus
1253 2667 1338 2690 vero
1376 2655 1485 2690 hoino
1512 2656 1660 2690 demens

186 2705 432 2751 scelestusque
458 2705 505 2740 ad
532 2705 591 2740 dei
619 2707 734 2740 virum
760 2707 885 2747 mittit,
913 2705 1089 2752 iubetque
1126 2705 1260 2745 veniat,
1290 2716 1332 2738 ac
1357 2704 1426 2738 sibi
1454 2715 1661 2750 comprece-

183 2757 255 2793 tur,
283 2752 383 2799 quod
417 2753 588 2791 adversus
625 2754 749 2788 hostes
789 2754 1058 2800 expeditionem
1097 2758 1329 2798 suscepturus
1362 2753 1417 2786 sit.
1468 2753 1532 2786 ille
1560 2752 1659 2798 quod

185 2811 290 2845 aegro
317 2812 466 2848 corpore
490 2813 568 2836 sese
594 2813 737 2837 movere
762 2814 835 2836 non
855 2807 988 2848 posset,
1010 2813 1030 2836 e
1052 2802 1215 2849 plaustro
1239 2800 1278 2834 in
1302 2800 1467 2847 scapham
1486 2800 1658 2835 transser-
