1768 3106
275 166 388 233 564
830 183 1178 226 THEOPHANIS

270 281 490 342 ἄρξασθαι
521 285 569 327 δὲ
598 283 680 326 ἀπὸ
713 285 789 325 τοῦ
825 283 1106 340 πατριάρχου.
1164 281 1367 334 Λεόντιος
1397 285 1444 326 δὲ
1475 281 1497 325 ὅ
1525 285 1743 339 πατρίκιος

270 355 346 396 καί
371 350 605 409 στρατηγὸς
633 351 714 394 τῶν
739 351 1023 395 Ἀνατολικῶν
1040 350 1256 406 γενόμενος
1286 353 1359 393 καί
1374 351 1640 404 ἐνμπολέμοις
1670 350 1742 391 εῦ-

272 417 516 476 δοκιμήσας,
562 420 605 461 ὲν
636 421 808 476 φρουρᾷ
849 434 892 460 τε
933 416 1115 472 χρόνους
1139 424 1252 472 τρεῖς
1291 417 1482 475 ποιήσας,
1512 432 1746 474 κατηγορη-

225 487 364 537 Βθείς
403 486 579 538 ἐξάπινα
620 485 854 541 α’νεκλὴθη,
884 486 958 526 καί
987 484 1220 541 στρατηγὸς
1243 485 1442 535 Ἑλλάδος
1482 484 1742 541 προεβλήθη.

270 556 500 609 ἐκελεύσθη
531 555 576 595 δὲ
605 554 665 602 εἰς
692 557 805 607 τρεῖς
835 554 1102 609 ἐμβληθῆναι
1132 551 1366 610 ὃρόμωνας,
1395 551 1468 596 καὶ
1496 550 1768 608 αὕθημερὸνέ

270 623 522 677 ἀποκινῆσαι
551 622 622 675 τῆς
653 621 826 668 πόλεως.
856 622 904 677 τῇ
937 622 983 662 δὲ
1013 622 1124 677 αὐτῇ
1152 622 1274 663 νυκτί
1313 622 1358 663 ἐν
1382 621 1440 679 τῷ
1464 620 1742 678 Ἰουλιανισίῳ

269 693 406 743 λιμένι
434 692 508 744 τῆς
551 688 714 744 Σοφιάς
747 686 922 743 πλησίον
951 690 1036 730 τῶν
1063 689 1255 743 ,ΖΠαύρου
1297 685 1401 743 πρὸς
1432 686 1481 730 τὸ
1513 688 1744 742 ἐκπλοῆσαι

267 760 340 812 τῆς
373 756 532 805 πόλεως
549 756 896 811 μεθορμίσαντες,
923 754 1199 798 συνετάσσετο
1228 760 1313 804 τοῖς
1333 753 1435 809 πρὸς
1453 753 1582 797 αὐτὸν
1612 753 1743 809 οἷπερ-

265 826 463 880 χομὲνοις
498 823 661 880 φίλοις,
695 824 739 864 ἐν
778 817 840 871 οἷς
870 821 978 878 πρὸς
1005 820 1135 864 αὐτὸν
1163 823 1440 877 παρεγένοντο
1470 823 1544 864 καί
1571 819 1610 863 οἱ
1641 820 1741 875 γνή-

268 908 354 936 σιοι
386 891 519 934 αὐτοῦ
549 891 678 947 φίλοι,
711 893 891 939 Παῦλος
918 889 1106 944 μοναχὸς
1132 892 1212 931 τοῦ
1242 887 1588 945 Καλλιστράτου,
1617 887 1638 930 ὃ
1670 886 1768 933 καί]

267 958 538 1015 ἀστρονόμος,
569 955 802 1013 Γρηγόριος
832 956 856 998 ὅ
879 956 1123 1009 Καππαδὸξ
1154 956 1175 999 ὃ
1205 959 1278 1000 καί
1307 956 1642 1012 κλεισουροίρχης
1671 972 1740 1010 γε-

266 1026 448 1083 νόμενος,
477 1024 621 1068 ἔπειτα
655 1026 701 1066 δὲ
728 1022 918 1079 μοναχὸς
947 1026 1020 1066 καί
1047 1022 1278 1080 ἡγούμενος
1308 1026 1390 1066 τῶν
1422 1023 1627 1079 Φλώρου·
1701 1026 1745 1066 οἳ

264 1109 377 1141 τινες
419 1095 463 1135 ἐν
494 1094 546 1150 τῇ
587 1093 760 1149 φυλακῇ
798 1089 1055 1147 πυκνότερον
1093 1090 1227 1134 αὐτὸν
1270 1090 1624 1149 ἐπισκεπτόμενοι,
1655 1093 1743 1133 διε-

132 1172 252 1208 P.308
265 1163 517 1215 βεβαιοῦντο
558 1157 689 1202 αὐτόν
718 1158 962 1211 βασιλεύειν
995 1161 1078 1202 τῶν
1113 1159 1349 1213 Ῥωμαίων.
1422 1156 1443 1200 ὅ
1473 1161 1520 1201 δὲ
1540 1159 1742 1209 Λεόντιος

265 1228 375 1282 λέγει,
409 1227 512 1281 πρὸς
541 1227 725 1276 αὐτούς·
783 1225 904 1279 ὑμεῖς
944 1224 1311 1280 διεβεβαιώσασθέ
1339 1242 1394 1280 με
1421 1227 1465 1269 ἐν
1493 1228 1543 1285 τῇ
1571 1226 1768 1283 φυλακῇι

263 1296 365 1352 περὶ
390 1295 634 1349 βασιλείας·
706 1292 779 1335 καί
817 1296 893 1336 νῦν
932 1294 958 1349 ἦ
1007 1291 1092 1348 ζωή
1121 1309 1206 1347 μου
1246 1295 1290 1336 ἐν
1330 1300 1472 1345 κακοῖς
1497 1295 1742 1337 τελειοῦται.

266 1360 444 1406 ὄπισθεν
486 1361 565 1417 γάρ
596 1377 681 1414 μου
725 1359 878 1415 ἔσομαι
907 1361 1016 1404 κατὰ
1049 1363 1190 1404 πᾶσαν
1215 1357 1334 1418 ὥραν
1360 1361 1636 1417 ἐκδεχόμενος
1667 1360 1741 1404 τὸν

264 1433 465 1474 θάνατον.
524 1428 562 1472 οἱ
594 1431 640 1472 δὲ
669 1424 786 1470 εἶπον
813 1429 953 1487 αὐτῷ’·
1013 1427 1072 1484 μὴ
1108 1428 1296 1487 ὀκνήσῃς,
1326 1428 1401 1471 καί
1425 1431 1550 1472 τοῦτο
1580 1427 1744 1478 εὐθέως

265 1499 511 1555 πληροῦται.
542 1495 780 1539 ἐπάκουσον
808 1495 910 1552 ἡμῖν
929 1494 1075 1550 μόνον,
1102 1496 1174 1538 καί
1199 1495 1492 1554 α’κολοῦθησον
1521 1496 1638 1552 ἡμῖν.
1667 1497 1743 1539 καί

361 1649 394 1672 2.
421 1640 486 1672 καὶ
509 1643 593 1671 ante
620 1638 662 1673 ἐν
686 1636 769 1671 add.
799 1648 843 1670 ex
867 1637 906 1670 A.
1057 1640 1090 1674 5.
1117 1639 1206 1674 ἒκελ.
1245 1638 1284 1674 δὲ
1315 1638 1362 1681 Α,
1391 1639 1457 1674 καὶ
1487 1638 1538 1674 ἐκ.
1577 1638 1619 1674 δὲ
1644 1639 1740 1684 vulg.

359 1699 392 1733 7.
413 1687 650 1733 ἐκπορθήσαι
677 1686 716 1727 Α,
743 1687 944 1733 ἐκπορίσαι
969 1685 994 1719 f.
1093 1688 1126 1720 8.
1151 1686 1470 1735 μεθορμὴσαντος
1489 1688 1529 1729 A,
1555 1690 1741 1735 μεθορμὶ·

358 1744 480 1769 σαντα
506 1747 536 1767 a.
632 1747 684 1769 ιι.
711 1733 1006 1780 κλεισουράρχης
1023 1734 1390 1782 Α,κλευσουριάρχης
1415 1736 1510 1780 vulg.
1592 1737 1642 1770 13.
1671 1748 1742 1770 πυ-

356 1783 537 1828 κνόῒδρον
551 1781 590 1822 Α,
615 1785 855 1828 πυκνοϊέρως
884 1783 982 1826 vulg.
1083 1785 1397 1831 ἐπισκεπτόμενοι
1421 1783 1462 1824 Α,
1491 1793 1617 1818 σκεπτ.
1643 1783 1738 1828 vulg.

362 1835 415 1874 ¹4·
443 1829 654 1875 βασιλεύειν
682 1830 723 1869 A,
749 1829 988 1874 βασιλεύσειν
1012 1832 1108 1876 vulg.
1199 1843 1266 1879 .¹7·
1291 1825 1357 1869 τὸν,
1383 1831 1467 1865 add.
1492 1842 1537 1864 ex
1560 1830 1602 1864 A.
1690 1833 1739 1866 18.

360 1878 520 1926 ὀκνήσῃς
545 1879 587 1920 A,
619 1876 799 1925 ὀκιέύσῃς
828 1877 923 1922 vulg.

265 1994 320 2029 sio
346 1993 391 2027 ab
415 1994 495 2038 ipso
521 1992 724 2039 patriarcha
751 1992 899 2027 duceret
923 1992 1125 2027 exordium.
1184 2006 1294 2040 porro
1308 1994 1483 2029 Leontius
1507 1995 1680 2040 patricius
1705 1999 1743 2027 et

266 2042 499 2075 orientalium
525 2042 708 2087 copiarum
739 2041 926 2088 quondam
951 2040 1046 2082 (lux,
1087 2042 1142 2075 vir
1165 2041 1255 2075 belli
1283 2043 1396 2087 gloria
1423 2043 1652 2088 conspicuus,
1678 2042 1742 2087 qui

267 2100 382 2123 annos
409 2090 480 2122 iam
505 2095 578 2123 tres
603 2088 765 2122 custodia
793 2089 962 2122 detentus
978 2095 1157 2134 exegerat,
1183 2101 1226 2123 ex
1251 2091 1445 2135 improviso
1473 2090 1625 2124 vinculis
1652 2089 1743 2124 edu-

268 2144 346 2172 ctus
374 2137 456 2178 fuit,
485 2143 522 2170 et
547 2148 612 2182 per
639 2137 826 2171 Graeciam
852 2137 1007 2171 militiae
1033 2137 1108 2171 dux
1133 2138 1335 2171 institutus.
1364 2139 1401 2171 in
1430 2144 1502 2171 tres
1528 2144 1649 2172 autem
1680 2149 1742 2171 ce-

267 2185 366 2219 loces
389 2196 470 2217 cum
497 2185 672 2218 comitatu
713 2184 947 2230 deportatus,
985 2184 1114 2218 eodem
1156 2185 1215 2218 die
1242 2185 1331 2218 urbe
1361 2186 1500 2219 solvere
1526 2186 1644 2219 iussus
1674 2191 1741 2219 est.

266 2232 475 2278 insequenti
509 2232 620 2276 igitur
655 2237 763 2265 nocte
789 2232 836 2265 ad
862 2233 1090 2266 lulianisium
1113 2233 1274 2278 Sophiae
1299 2239 1457 2278 portum,
1498 2234 1545 2266 ad
1569 2245 1659 2274 eam,
1685 2233 1743 2266 cui

267 2280 387 2314 Mauri
414 2291 561 2319 nomen,
585 2280 741 2325 plagam,
769 2281 1010 2325 navigationis
1037 2281 1081 2314 ab
1108 2280 1197 2313 urbe
1225 2281 1478 2326 suscipiendae
1493 2293 1611 2323 causa,
1638 2281 1743 2315 traii-

269 2328 382 2368 ciens,
408 2328 573 2360 ultimam
591 2326 744 2360 salutem
769 2328 891 2361 amicis
917 2327 963 2360 ad
987 2339 1024 2362 se
1051 2327 1318 2362 confluentibus
1348 2329 1574 2374 precabatur,
1601 2334 1638 2363 et
1662 2329 1743 2362 vale

270 2375 435 2410 dicebat:
459 2375 555 2408 inter
578 2385 639 2407 eos
667 2375 852 2420 praecipui
875 2381 1104 2409 accesserunt
1142 2376 1248 2408 amici
1274 2377 1403 2410 Paulus
1431 2378 1632 2411 Callistrati
1664 2388 1744 2410 mo-

269 2423 422 2458 nasterii
463 2421 683 2463 coenobita,
723 2423 938 2467 astrologiae
968 2425 1125 2468 peritus,
1153 2423 1348 2468 Gregorius
1393 2425 1619 2470 Cappadox,
1657 2425 1746 2458 olim

271 2472 436 2507 clusurae
463 2476 597 2511 custos,
625 2481 723 2503 nunc
750 2482 834 2503 vero
861 2470 1070 2512 monachus,
1108 2476 1145 2504 et
1168 2471 1266 2504 Flori
1302 2473 1471 2506 coenobii
1496 2473 1746 2518 praepositus,

272 2521 335 2566 qui
365 2530 447 2552 eum
478 2517 596 2551 adhuc
629 2528 768 2551 carcere
794 2517 984 2551 detentum
1022 2519 1216 2552 invisentes
1244 2520 1354 2554 solito
1381 2520 1541 2555 crebrius
1567 2521 1747 2554 Romano-

272 2580 350 2601 rum
376 2569 629 2612 imperatorem
658 2565 755 2598 brevi
784 2566 943 2598 futurum
979 2567 1337 2610 praenunciaverunt.
1386 2567 1433 2601 ad
1458 2579 1519 2602 eos
1546 2569 1745 2608 Leontius,

270 2627 346 2656 vos,
370 2615 504 2661 inquit,
530 2614 570 2647 in
594 2623 734 2647 carcere
758 2612 878 2646 adhuc
901 2614 1060 2659 positum
1081 2613 1126 2647 de
1151 2615 1304 2659 imperio
1330 2615 1587 2662 consequendo
1613 2616 1746 2649 certio·

272 2674 345 2696 rem
371 2674 427 2696 me
453 2673 595 2706 semper
619 2660 775 2701 fecistis,
801 2672 899 2694 nunc
924 2666 1044 2694 autem
1069 2662 1164 2695 inter
1189 2674 1442 2698 aerumnarum
1466 2664 1647 2708 angustias
1670 2663 1745 2696 vita

210 2739 217 2747 .
272 2710 363 2745 mihi
402 2710 627 2754 transigitur-3
671 2714 766 2742 retro
798 2710 935 2754 quippe
975 2709 1229 2754 insequentem
1266 2723 1322 2745 me
1346 2716 1499 2744 mortem
1534 2710 1745 2756 propediem

274 2763 439 2802 expecto.
490 2757 547 2791 cui
574 2756 654 2789 illi:
684 2767 730 2789 ne
762 2755 990 2801 despondeas
1016 2758 1151 2798 animo,
1177 2759 1294 2800 aiunt,
1335 2758 1437 2793 brevi
1462 2764 1546 2804 post
1570 2759 1745 2803 promissa

273 2806 480 2840 succedent.
544 2804 651 2838 dictis
687 2809 831 2839 tantum
869 2804 1042 2847 attende,
1070 2811 1107 2840 et
1134 2817 1286 2853 sequere
1313 2818 1390 2841 nos.
1453 2806 1594 2840 eductis
1617 2807 1745 2852 itaque
