1786 3204
256 150 273 184 1
296 150 313 183 1
332 147 358 181 2
760 174 765 180 .
791 138 1143 182 TIIEOPHANIS

250 247 445 303 ξανὸρεία
479 243 698 295 λυομένου,
741 239 1017 298 ἱερογλυφικὰ
1056 239 1287 295 γράμματα
1317 236 1558 293 εὑρέθησαν
1587 254 1719 281 σταυ-

249 315 326 369 ροῦ
355 311 485 355 τύπον
523 308 687 364 ἔχοντα,
731 303 832 364 ὅπερ
864 307 902 350 οἱ
932 310 976 359 ἐξ
997 306 1205 362 Ἑλλήνων
1232 305 1532 355 πιστεύσαντες
1558 305 1720 349 θεασά-

246 396 378 435 μενοι·
400 375 527 431 εἷπον,
561 377 778 430 σημαίνειν
803 374 877 418 τὸν
903 372 1092 430 σταυρὸν
1121 372 1228 415 κατά
1257 369 1331 427 τήν
1361 373 1445 414 τῶν
1475 370 1720 430 ἱερογλυφι-

210 449 331 493 Οκῶν
359 441 622 502 γραμμάτων
647 441 808 485 ἔννοιαν
838 442 946 498 ζωην
977 443 1272 495 ἐπερχομένην.

38 530 234 565 A.M.5883
367 515 509 570 Τούτῳ
540 513 598 568 τῷ
622 508 706 552 ἔτει
723 508 977 564 ΖΠάρκελλος
1007 508 1031 549 ὅ
1062 509 1297 560 Ἀπαμείας
1328 508 1402 562 τῆς
1433 505 1594 562 Συρίας
1629 508 1758 553 ἐπί-5

249 598 400 631 σκοπος
430 577 538 636 ζήλῳ
571 580 672 635 θείῳ
699 575 942 629 κινούμενος
972 574 1024 619 τοὶ
1055 573 1149 630 ἱεροὶ
1173 577 1256 617 ταῖν
1279 572 1487 629 Ἑλλήνων
1515 576 1561 617 ἐν
1589 576 1720 618 Ἀπα-

248 653 348 707 μείᾳ,
376 649 667 699 κατέστρεψεν,
695 645 768 686 καί
800 643 870 685 διὰ
901 645 1024 686 τοῦτο
1061 643 1250 701 ἀνῃρέθη
1281 641 1361 684 ὑπὸ
1394 644 1478 684 τῶν
1501 641 1720 699 Ἑλλήνων,

251 714 483 768 Νεκταριος
525 715 570 754 δὲ
603 711 622 754 ὃ
657 710 1145 760 Κωνσταντινουπόλεως
1189 709 1377 752 ἐκώλυσε
1414 708 1488 752 τὸν
1534 711 1606 752 ἐπὶ
1648 713 1723 765 τῆς

250 784 473 838 μετανοίας
519 777 801 833 πρεσβύτερον
846 777 915 820 δια
956 776 1002 820 τὸ
1037 776 1205 833 γεγονὸς
1241 778 1472 833 ἁμάρτημα
1502 779 1548 820 ἐν
1572 780 1626 835 τῇ
1654 779 1722 820 ἐκ·

251 852 400 907 κλησίᾳ
419 844 498 890 ὑπό
520 862 629 895 τινος
661 843 854 888 διακόνου
875 847 934 894 εἰς
962 843 1036 900 την
1057 851 1236 900 γυναῖκα
1255 843 1328 900 τὴν
1349 846 1420 887 ε’πί
1445 847 1496 902 τῇ
1523 846 1723 903 μετανοίᾳ
1740 864 1786 890 lu

252 915 556 973 σχολάζουσαν.
631 914 675 956 ἐν
707 915 752 956 δὲ
781 915 833 971 τῇ
858 912 998 970 Ῥώμῃ
1036 911 1111 954 καί
1136 912 1251 971 πάσῃ
1281 913 1334 970 τῇ
1363 911 1483 955 δύσει
1513 914 1724 967 ἐπιμελῶς

207 983 506 1042 Βφυλοὲττεται
537 983 615 1030 ἕως
641 983 717 1023 τοῦ
744 984 832 1034 νῦν,
863 982 934 1022 καί
959 979 1082 1030 τόπος
1111 979 1356 1036 ἦφώρισται
1385 985 1472 1029 τοῖς
1491 982 1725 1034 μετανοοῦ-

251 1068 332 1097 σιν.
402 1047 629 1099 Θεοδόσιος
668 1050 714 1091 δὲ
755 1047 778 1088 ὅ
818 1048 1021 1101 βασιλεὺς
1058 1045 1186 1101 νόμον
1230 1045 1417 1102 ἔγραψεν
1451 1053 1634 1102 γυναῖκα
1663 1050 1724 1097 εἷς

205 1124 211 1129 ”
251 1115 520 1159 διακόνισσαν
559 1114 616 1172 μὴ
656 1117 918 1171 προβαίνειν,
962 1117 1001 1158 εἰ
1034 1114 1093 1171 μὴ
1140 1115 1306 1172 ὑπερβῇ
1338 1113 1389 1157 τά
1423 1111 1623 1170 ἑξήκοντα
1651 1112 1722 1171 ἔτη

250 1183 356 1226 κατα
397 1183 468 1226 τὸν
497 1184 743 1226 ἀπόστολον.
822 1183 1036 1237 Ευ’νόμιον
1085 1185 1132 1226 δὲ
1174 1183 1373 1238 ἐξώρισεν
1412 1183 1786 1238 παρασυναγω-ῐό

250 1252 329 1307 γοὶς
372 1253 569 1294 ποιοῦντα
611 1250 685 1293 καί
729 1248 857 1301 λαούς
902 1251 1155 1305 α’πατῶντα,
1186 1250 1259 1293 καί
1291 1254 1336 1294 ἐν
1369 1253 1420 1309 τῇ
1448 1253 1589 1309 ἐξορία
1620 1253 1723 1294 οἶπέ-

192 1327 198 1333 “
251 1323 392 1361 θανεν.

368 1388 433 1443 Τῷ
463 1387 503 1427 δ’
535 1386 649 1444 αὐτῷ
680 1383 762 1427 ἔτει
778 1389 1006 1428 Πλακίλλα
1037 1384 1242 1442 ἧγαμετή
1265 1387 1495 1429 Θεοδοσίου
1513 1384 1724 1444 ἐκοιμήθη

253 1453 431 1509 εὗσεβης
469 1449 575 1496 οὖσα
615 1453 689 1496 καί
716 1451 986 1510 φιλόπτωχος
1026 1453 1198 1502 οἰκείαις
1223 1455 1351 1509 χερσί
1377 1457 1527 1508 λωβοῖς
1561 1456 1725 1515 καί-νο-

255 1523 402 1564 σοῦσιν
429 1520 712 1577 ὑπηρετοῦσα.
784 1518 942 1577 ταύτης
979 1517 1212 1576 ἀνδριάντα
1260 1523 1465 1572 κατέαξαν
1497 1520 1536 1564 οἱ
1561 1522 1722 1565 Ἀντιο-
1739 1536 1786 1563 2ss

357 1671 384 1693 ι.
414 1658 590 1705 σταυρῶν
615 1659 753 1700 τύπους
775 1659 810 1693 b.
935 1671 967 1694 2.
997 1660 1127 1706 ἔχοντα
1155 1671 1223 1692 om.
1255 1661 1292 1694 Α.
1432 1661 1464 1694 3.
1489 1660 1565 1698 τῶν
1588 1672 1658 1694 om.
1685 1661 1725 1694 A.

353 1709 404 1742 13.
436 1707 474 1741 δὲ
496 1719 564 1740 om.
589 1708 627 1742 A.
786 1710 838 1748 εἰς
864 1708 1062 1745 διακονίαν
1083 1702 1136 1756 μὴ
1164 1710 1373 1754 ἐπιβαίνειν
1399 1707 1435 1741 b.
1583 1719 1635 1753 ¹9·
1662 1721 1726 1745 νο-

349 1767 510 1793 σουντας
536 1767 566 1790 e.

253 1870 425 1917 idolaque
452 1871 612 1913 conflari,
639 1877 675 1905 et
699 1872 738 1906 in
762 1884 961 1918 pauperum
986 1874 1219 1908 necessitates
1255 1873 1394 1919 erogari
1417 1872 1612 1907 mandavit.
1665 1873 1727 1906 di-

254 1925 334 1952 ruto
362 1931 468 1965 porro
495 1919 733 1953 Alexandriae
755 1921 936 1966 SerapIdis
963 1923 1123 1967 templo,
1151 1928 1319 1968 repertae
1347 1927 1433 1956 sunt
1459 1932 1581 1954 sacrae
1606 1920 1727 1965 Aegy-

253 1967 413 2012 ptiorum
443 1967 594 2001 eruditis
626 1968 743 2002 dietae
770 1969 914 2002 litterae
939 1971 1052 2003 crucis
1078 1971 1227 2003 formam
1253 1971 1471 2004 referentes:
1501 1980 1590 2015 quas
1617 1981 1726 2016 quum

256 2025 299 2047 ex
326 2015 521 2059 gentilibus
550 2015 675 2049 fideles
705 2017 1015 2062 conspicarentur,
1042 2018 1222 2060 dixerunt,
1253 2030 1393 2052 crucem
1418 2020 1518 2052 iuxta
1547 2029 1726 2051 sacrarum

254 2062 455 2096 litterarum
482 2063 821 2107 interpretationem
848 2066 1047 2109 significare
1074 2067 1184 2100 vitam
1211 2066 1457 2101 adventuram.

67 2114 108 2148 A,
124 2114 162 2148 C,
175 2115 240 2150 383
350 2110 427 2143 Hoc
451 2122 545 2144 anno
572 2111 763 2145 Marcellus
785 2112 961 2157 Apameae
987 2115 1026 2147 in
1054 2115 1154 2159 Syria
1190 2116 1395 2162 episcopus,
1422 2115 1544 2150 divino
1579 2115 1728 2161 religio-

254 2158 311 2191 nis
346 2159 422 2191 zelo
464 2165 604 2198 motus,
652 2160 839 2204 gentilium
878 2162 960 2194 fana
1003 2164 1184 2208 Apameae
1216 2166 1366 2198 evertit:
1405 2164 1506 2210 quod
1532 2163 1566 2197 ei
1591 2164 1728 2198 factum

254 2211 407 2239 mortem
432 2217 451 2238 a
478 2206 675 2250 gentilibus
713 2209 922 2252 promeruit.
982 2210 1172 2244 Nectarius
1196 2218 1317 2245 autem
1345 2212 1556 2258 Cpolitanus
1581 2212 1728 2258 praesul

255 2252 507 2299 presbyterum
534 2266 641 2299 super
664 2256 893 2301 poenitentia
920 2259 1154 2293 constitutum
1183 2261 1348 2302 removit,
1378 2266 1528 2306 propter
1550 2260 1729 2306 flagitium

255 2302 295 2335 in
320 2301 507 2335 mulierem
530 2303 781 2347 poenitentiae
809 2311 996 2339 vacantem
1022 2308 1062 2340 in
1089 2308 1241 2341 ecclesia
1263 2320 1281 2341 a
1297 2307 1455 2354 quodam
1480 2309 1634 2342 diacono
1661 2309 1728 2342 ad-

254 2349 413 2383 missum.
443 2351 577 2383 Romae
590 2362 674 2385 vero
703 2352 1003 2397 quemadmodum
1029 2356 1068 2389 in
1093 2361 1169 2390 toto
1196 2356 1386 2390 occidente
1412 2369 1490 2391 mos
1516 2357 1585 2391 iste
1612 2367 1728 2402 usque

254 2398 295 2431 in
321 2396 415 2431 hanc
444 2397 571 2431 horam
601 2398 810 2433 observatur
834 2401 975 2444 sedulo,
1002 2402 1066 2436 ubi
1095 2404 1204 2437 etiam
1233 2405 1380 2438 seorsim
1408 2405 1509 2438 locus
1533 2405 1731 2451 poeniten-

255 2444 354 2478 tibus
401 2446 610 2491 assignatur.
674 2447 901 2482 Theodosius
951 2462 1058 2496 porro
1108 2453 1307 2498 imperator
1358 2453 1473 2499 legem
1522 2453 1634 2495 tulit,
1682 2464 1729 2486 ne

255 2494 388 2527 mulier
421 2494 460 2526 in
500 2493 740 2529 diaconissam
767 2503 1057 2541 promoveretur,
1091 2501 1162 2533 nisi
1187 2501 1286 2535 iuxta
1317 2501 1452 2535 dictum
1479 2502 1637 2547 apostoli
1662 2512 1729 2533 an-

256 2553 341 2574 num
382 2543 642 2586 sexagesimum
674 2542 870 2589 superaret.
927 2546 1144 2581 Eunomium
1172 2561 1330 2595 quoque,
1360 2550 1575 2595 illegitimos
1600 2554 1728 2583 coetus

257 2595 536 2634 congregantem
569 2596 605 2624 et
629 2592 772 2637 populis
800 2588 993 2627 facientem
1018 2595 1159 2637 fucum,
1196 2598 1234 2629 in
1261 2598 1433 2639 exilium,
1461 2609 1535 2644 quo
1564 2603 1727 2631 mortuus

258 2643 324 2678 est,
348 2638 465 2671 eiecit.

352 2685 430 2719 Hoc
456 2685 585 2720 eodem
611 2698 706 2720 anno
726 2687 877 2722 placilla
902 2689 1129 2735 imperatoris
1157 2693 1289 2726 coniux
1320 2692 1554 2734 obdormivit,
1580 2693 1641 2738 pie
1668 2703 1730 2726 us-

257 2743 475 2779 quequaque
510 2733 659 2775 habita,
693 2746 886 2780 egenorum
915 2739 1086 2781 amatrix,
1113 2745 1150 2774 et
1175 2752 1269 2786 quae
1297 2742 1452 2787 propriis
1478 2740 1645 2775 manibus
1669 2752 1731 2773 ae·-

258 2781 368 2824 grotis
394 2792 436 2815 ac
455 2781 608 2828 leprosis
628 2783 833 2818 ministrare
862 2785 1007 2821 soleret.
1033 2786 1140 2821 huius
1166 2794 1320 2822 statuam
1345 2789 1480 2824 irritati
1504 2787 1731 2824 Antiochen-
