1708 3172
189 190 354 229 xhvm
593 188 937 230 THEOPHAle
979 189 1253 232 OFFICIUM.

689 292 942 334 Κοντάκιον.
973 285 1076 346 ἦχος
1103 290 1154 344 β’.

740 380 800 424 Τὰ
831 377 918 424 ἄνω
961 384 983 433 ζ
988 383 1071 437 ητῶ
1075 398 1107 424 ν.

294 499 355 548 Ἐξ
383 492 522 552 ὕψους
552 495 695 550 λαβών
721 493 796 550 τήν
825 496 948 536 &slav
991 489 1264 548 ἀποκάλυψιν
1295 495 1465 549 ἐξῆλθες
1493 495 1659 550 σπουδῇ

189 566 233 607 ἐκ
265 568 405 619 μέσων
433 566 514 607 τῶν
532 562 745 618 θορύβων,
772 564 844 603 καί
872 560 1076 614 μονάσας,
1104 558 1206 617 ὅσιε,
1237 559 1418 618 εἴληφας
1446 561 1660 615 ἐνεργείας

188 632 261 674 καί
283 633 545 689 προφητείας
575 627 768 686 ἀξίωμα,
803 630 988 684 συμβίου
1025 629 1098 670 καί
1127 627 1309 670 πλούτου
1337 626 1630 684 στερούμενος.

809 740 859 783 Ὁ
899 736 1023 790 οἶκος.

290 842 384 886 Ἐπὶ
410 846 484 899 τῆς
510 845 588 898 γῆς
604 844 737 899 μηδὲν
766 841 1061 898 προθυμῆσας,
1092 840 1386 898 ἦκολούθησας
1411 843 1576 896 χαίρων
1605 843 1660 898 τῷ

187 910 390 955 καλοῦντί
410 927 459 953 σε
495 913 692 968 Χριστῷ,
723 909 796 952 καί
829 909 911 952 τὸν.
936 908 1062 964 ζυγὸν
1105 911 1240 953 αυ’τοῦ
1282 907 1432 963 ἔλαβες
1473 906 1546 950 ἐπὶ
1580 911 1659 950 τῶν

186 975 314 1033 α’)’μων
341 979 423 1021 τῶν
450 979 538 1021 σαῗν
565 977 810 1033 προθύμως,
844 978 917 1018 καί
943 976 1186 1018 ἀνάπαυσιν
1203 970 1325 1031 εὗρες
1352 977 1403 1033 τῇ
1424 977 1547 1032 ψυχῇ
1566 991 1657 1017 σου.

187 1043 237 1100 ἦν
267 1063 344 1101 περ
373 1046 505 1103 κᾷμοί
530 1047 586 1102 τῷ
607 1045 764 1102 πτωχῷ
782 1046 856 1086 καί
874 1042 1057 1101 ῥᾳθύμῳ
1075 1042 1366 1099 κατάπεμψον,
1394 1045 1454 1100 τῷ
1482 1045 1658 1097 λέγοντι,

187 1116 258 1157 καί
295 1115 398 1170 μηδ’
438 1109 545 1163 ὅλως
582 1114 842 1167 ἑκποιοῦντι,
880 1112 972 1154 ἀλλ’
1010 1109 1071 1153 ἔτι
1109 1110 1357 1166 σχολάζοντι
1387 1112 1432 1154 ἐν
1463 1117 1551 1160 τοῖς
1580 1114 1659 1152 τοῦ

185 1181 282 1236 βίον
311 1179 552 1238 πράγμασι,
581 1179 655 1222 καί
681 1179 947 1233 θαυμάζοντι
975 1179 1063 1228 πῶς
1100 1176 1236 1221 πάντα
1273 1176 1442 1236 ἔφυγες,
1471 1181 1656 1233 συμβίωυ

186 1252 260 1293 καί
286 1249 474 1292 πλούτου
495 1246 781 1304 στερούμενος.

187 1383 356 1439 Μνήμη
384 1385 461 1427 τοῦ
491 1382 610 1426 ὄσιόυ
644 1380 806 1438 πατρὸς
837 1382 958 1438 ἡμῶν
991 1379 1240 1438 Θεοφάνους
1268 1382 1345 1424 τοῦ
1388 1379 1657 1436 ὅμολογητοῧ,

262 1464 341 1505 τοῦ
372 1464 446 1518 τῆς
479 1462 744 1518 Σιγγριανῆς,
768 1462 845 1504 τοῦ
872 1463 918 1504 ἐν
947 1462 1005 1519 τῷ
1033 1457 1202 1518 μεγάλῳ
1232 1460 1347 1518 ἀγρῷ
1372 1461 1584 1514 κειμένου.

299 1580 435 1635 Οὗτος
484 1583 638 1642 πατρὸς
679 1587 757 1639 μὲν
795 1583 879 1643 ἔφυ
918 1585 1085 1642 Ἰσαάκ,
1132 1583 1295 1641 μητρὸς
1336 1586 1382 1627 δὲ
1430 1582 1654 1639 Θεοδότης.

183 1653 257 1695 τοῦ
288 1654 333 1696 δὲ
363 1650 526 1710 πατρὸς
553 1651 874 1709 τελευτήσαντος
902 1654 947 1695 ἐν
978 1656 1032 1710 τῇ
1062 1652 1287 1695 ὑπἀὐτοῦ
1318 1653 1541 1709 διεπομένῃ
1573 1653 1657 1692 τῶν

710 1829 936 1864 Contacium.
979 1834 1086 1864 tonus
1104 1840 1136 1863 2.

729 1911 892 1958 Superna
920 1922 1110 1958 quaerens.

276 2004 408 2038 Divina
435 2013 454 2036 e
479 2003 576 2037 celso
616 2003 838 2037 revelatione
865 2008 1036 2048 accepta,
1064 2014 1083 2036 e
1108 2002 1236 2037 mediis
1262 2003 1379 2037 turbis
1406 2004 1560 2038 festinus
1590 2016 1654 2037 ex-

183 2052 345 2092 cessisti,
369 2050 612 2097 monachique
648 2052 836 2096 amplexus
862 2051 1092 2093 institutum,
1119 2052 1173 2085 vir
1197 2056 1318 2084 sancte
1334 2077 1344 2093 ,
1368 2053 1590 2098 operationis
1615 2063 1655 2085 ac

183 2098 400 2146 prophetiae
423 2110 553 2133 munus
580 2100 764 2146 accepisti,
794 2110 904 2133 uxore
933 2110 1053 2135 carens
1077 2104 1186 2146 atque
1212 2099 1361 2133 divitiis.

836 2204 984 2238 Domus.

272 2283 362 2317 Cum
387 2284 426 2317 in
450 2289 546 2318 terra
571 2285 663 2318 nihil
701 2296 868 2332 cuperes,
899 2291 1088 2319 vocantem
1122 2283 1302 2318 Christum
1329 2284 1488 2329 gaudens
1512 2288 1655 2317 secutus

183 2342 232 2371 es,
260 2332 411 2377 eiusque
435 2332 558 2376 iugum
576 2334 616 2366 in
640 2333 808 2368 humeros
833 2339 915 2367 tuos
942 2333 1052 2367 alacri
1079 2333 1198 2366 animo
1219 2332 1408 2373 sustulisti,
1435 2342 1475 2364 ac
1494 2332 1654 2376 requiem

182 2379 323 2413 animae
347 2385 430 2413 tuae
459 2380 643 2414 invenisti.
701 2381 795 2415 hanc
823 2382 913 2415 mihi
949 2392 1096 2428 quoque
1133 2381 1283 2427 pauperi
1320 2380 1494 2426 segnique
1523 2380 1654 2418 mitte,

182 2427 245 2472 qui
272 2426 401 2468 dicam,
427 2439 495 2460 nec
513 2440 657 2474 prorsus
696 2430 840 2463 efficiam
857 2455 866 2471 ‚
897 2429 961 2463 sed
985 2440 1106 2463 vacem
1145 2427 1262 2461 adhuc
1288 2428 1423 2461 saeculi
1447 2428 1563 2470 curis;
1585 2427 1654 2459 mi-

182 2486 323 2521 rerque,
349 2481 390 2509 ut
414 2482 543 2510 cuncta
569 2478 748 2522 effugeris,
777 2479 930 2523 coniuge
955 2489 1078 2511 carens
1104 2481 1213 2523 atque
1238 2475 1387 2510 divitiis.

180 2580 385 2621 Memoria
409 2581 541 2621 sancti
566 2583 697 2636 patris
729 2584 863 2625 nostri
893 2582 1159 2639 Theophanis
1190 2580 1435 2623 confessoris
1465 2578 1654 2634 Singria-

401 2674 478 2701 nae
508 2661 727 2713 monachi,
759 2663 831 2718 qui
861 2663 902 2703 in
935 2678 1084 2719 magno
1117 2677 1219 2718 agro
1250 2660 1435 2717 quiescit.

273 2760 340 2794 Hic
363 2761 497 2794 Isaacio
525 2767 627 2807 patre
654 2768 760 2796 natus
787 2769 850 2804 est,
883 2770 994 2798 matre
1021 2769 1142 2797 autem
1171 2762 1373 2797 Theodota.
1429 2765 1529 2806 patre
1556 2769 1651 2792 mor-

182 2812 259 2848 tuo,
288 2808 374 2842 (¹1¹1ss
402 2809 761 2856 Aegeopelagitarum
786 2812 1049 2858 praefecturam
1072 2812 1174 2857 gerit,
1200 2811 1264 2845 sub
1285 2810 1407 2849 matris
1436 2820 1518 2848 §nra
1548 2807 1653 2840 insti-
