1768 3106
217 125 332 198 694
712 178 715 180 .
775 139 1123 184 T11E0P11AN1s

213 245 408 303 α’σβέστῳ
429 243 687 300 παρεδόθην,
707 245 785 299 τήν
799 259 844 286 τε
862 242 987 299 ἁγίαν
1013 243 1227 298 παρθένον
1246 240 1318 285 καί
1337 239 1533 285 θεοτόκον
1549 243 1695 296 ὑμνεῖ-

211 315 318 353 σθαι
338 311 516 361 ἐξαιτῶν
536 310 557 353 ὅ
578 305 787 359 ἄσπονδος
806 311 941 367 αὐτῆς
959 309 1129 366 ἐχθρός.
1152 310 1402 365 ἐβασίλευσε
1419 310 1467 352 δὲ
1486 308 1696 365 αὐτοκρά-

210 395 296 435 τωρ
331 377 436 433 μετά
467 376 547 435 τὴν
574 381 652 420 τοῦ
678 377 838 435 πατρὸς
869 379 1004 420 αὕτοῧ
1031 375 1230 433 τελευτὴν
1261 375 1332 434 ἔτη
1367 377 1443 432 λὸ,
1475 379 1614 433 μῆνας
1641 374 1694 431 β’,

209 444 376 501 ἡμέρας
404 443 480 496 κς’.
508 448 584 487 καί
611 443 745 496 οὕτως
776 447 978 487 κατέλυσε
1006 445 1079 488 τὸν
1098 449 1193 499 βιόν
1221 444 1376 498 αἵμασι
1394 448 1564 493 πολλοῖς
1582 447 1693 500 Χρι-

172 514 396 557 Βστιανῶν
423 515 756 569 μεμολυσμένος,
785 515 861 556 καί
891 512 1104 567 δαιμόνων
1132 511 1376 568 ἐπικλήσεσι
1402 514 1477 555 καί
1504 514 1731 568 &vniam-‚5

210 583 414 636 διωγμοῖς
443 597 490 624 τε
515 581 598 623 τῶν
625 577 756 635 ἇγίων
785 581 1015 638 ἐκκλησιῶν
1041 582 1115 624 καί
1141 582 1216 637 τῆς
1247 579 1383 637 ὄρθῆς
1407 595 1452 624 τε
1470 582 1546 623 καί
1573 581 1694 635 α’μω-

206 647 345 705 μῆτου
378 650 580 703 πίστεως,
610 645 675 691 ἔτι
698 664 743 691 τε
771 651 975 704 μοναχῶν
1016 650 1260 703 ἀναιρέσεσι
1296 646 1372 691 καί
1397 644 1587 690 κοινώσει
1615 663 1695 701 ,ιιο-

206 719 458 774 ναστηρίων,
490 716 565 758 καί
591 718 808 767 παντοίοις
837 714 1148 774 ὖπερακμοὶσας
1176 721 1322 767 κακοῖς
1341 716 1423 771 οιῖχ
1452 710 1579 772 ἦττον
1590 719 1694 759 Λιο-

207 786 434 840 κλητιανοῦ
474 787 549 827 καί
596 786 681 828 τῶν
724 784 860 827 πάλαι
899 784 1132 841 τυράννων.
1203 785 1249 827 ἐν
1278 785 1326 827 δὲ
1361 785 1421 842 τῷ
1447 784 1565 841 αὐτῷ
1592 785 1697 839 μηνί

205 853 383 908 θνήσκει
413 848 437 893 ὅ
463 852 698 907 Ἀβδελλιῖς
724 849 748 893 ὅ
775 853 861 895 τῶν
893 850 1096 908 Ἀράβων
1136 850 1337 908 ἀρχηγός.
1394 846 1515 894 οὗτοι
1544 849 1583 894 οἱ
1615 850 1694 893 δύο
1714 863 1761 889 ιο

209 919 436 963 δεινότατοι
471 922 606 977 θῆρες
645 922 831 976 χρονίως
876 919 950 963 καὶ
975 919 1079 964 κατὰ
1119 919 1166 964 τὸ
1208 919 1310 963 αὐτὰ
1345 917 1392 963 τὸ
1424 918 1695 974 α’νθροόπινον

209 990 344 1045 φῦλον
371 987 708 1043 κατανεμόμενοι
733 987 966 1045 τεθνήκασι
1004 990 1112 1031 θεοῦ
1142 990 1330 1046 προνοίᾳ.
1387 989 1462 1030 καί
1486 989 1697 1044 κρατοῦσι

207 1059 338 1102 Λέων
367 1054 443 1098 καὶ
468 1055 601 1099 Mada*
626 1055 667 1099 οἱ
696 1054 787 1098 υἱοὶ
826 1058 977 1098 αὐτῶν.
1034 1059 1094 1115 τῷ
1124 1057 1163 1097 δ’
1203 1057 1320 1113 αύτῷ
1347 1053 1428 1099 ἔτει
1469 1057 1543 1098 καί
1567 1054 1591 1098 ὅ
1615 1057 1698 1098 τῶν

169 1122 520 1180 ΟΛογγιβὰρδων
543 1124 623 1180 ρἤ
638 1124 841 1175 Θεόδοτος
865 1126 911 1167 ἐν
930 1127 982 1183 τῇ
997 1124 1288 1182 βασιλευούσῃ
1312 1124 1535 1180 ἐληλυθώς
1562 1124 1698 1178 πόλει,

210 1195 270 1251 τῷ
296 1196 474 1247 βασιλεῖ
496 1193 779 1250 προσέφυγεν.
1714 1186 1763 1227 15

0 1277 201 1314 A,M,6263
318 1259 544 1314 Ῥωμαίων
592 1261 806 1315 βασιλέως
843 1262 1041 1317 Λέωνος,
1078 1258 1278 1318 Ἀράβων
1323 1256 1518 1317 ἀρχηγοῦ
1565 1260 1699 1304 Made

211 1325 306 1378 ἔτος
334 1325 388 1370 α’.

74 1405 194 1441 V.301
329 1394 474 1454 Τούτῳ
511 1397 569 1455 τῷ
606 1393 691 1438 ἔτει
728 1390 986 1446 ἀποστείλας
1025 1397 1157 1439 Made
1194 1396 1271 1440 τὸν
1301 1394 1547 1451 Ἀβασβαλῆ
1589 1395 1695 1438 κατὰ

206 1463 448 1517 Ῥωμανιάς
481 1461 590 1517 μετὰ
631 1460 856 1517 δυνάμεως
892 1466 1071 1520 πολλῆς,
1111 1459 1274 1520 ἤνοιξεν
1311 1463 1358 1508 τὸ
1403 1464 1612 1521 σπήλαιον
1649 1463 1694 1507 τό

170 1531 507 1587 Βὲπιλεγόμενον
536 1532 712 1575 Καῦσιν
742 1530 827 1573 α’πὸ
864 1534 1054 1589 καπνοῦ,
1094 1531 1171 1574 καί
1205 1530 1351 1587 λαβών
1379 1530 1478 1583 τούς
1507 1533 1553 1576 ἐν
1580 1532 1763 1591 ‹225113320

309 1666 343 1689 2.
369 1653 576 1699 ἀσπόνδως
600 1656 642 1691 Α.
760 1656 814 1690 13.
837 1658 903 1690 καὶ
927 1656 1038 1692 ,Made
1061 1657 1104 1699 A,
1129 1658 1193 1693 καὶ
1219 1655 1240 1692 ὅ
1267 1660 1322 1692 Μ.
1351 1657 1448 1702 vulg.
1553 1657 1604 1703 14.
1629 1661 1697 1705 βομ-

310 1704 429 1739 σιλίδι
454 1705 494 1738 Α.
621 1706 673 1740 18.
699 1701 917 1740 ἀποστέλλει
943 1706 973 1739 Α
1009 1716 1041 1739 e.
1164 1702 1232 1742 ἰὀν
1256 1706 1429 1752 Βασβαλὶ
1451 1705 1494 1739 Α.

216 1820 354 1854 decima
372 1825 512 1866 quarta,
541 1832 632 1854 nave
658 1832 866 1861 conscensa,
893 1820 940 1855 ad
967 1823 1157 1856 castellum
1177 1823 1408 1867 Strongylum
1439 1822 1612 1857 devectus
1641 1823 1698 1857 in-

216 1868 362 1901 felicem
389 1869 427 1902 in
450 1868 595 1914 navigio
614 1875 767 1902 mortem
784 1869 880 1903 obiit
897 1871 1099 1904 vociferans
1121 1883 1162 1904 ac
1189 1871 1332 1905 dicens:
1361 1871 1470 1905 etiam
1496 1872 1598 1906 vivus
1622 1871 1698 1916 igni

215 1927 393 1961 nusquam
416 1916 662 1961 extinguendo
677 1917 847 1951 addictus
867 1930 958 1952 sum.
972 1924 1133 1953 sanctam
1152 1919 1382 1966 postmodum
1396 1920 1572 1964 virginem
1586 1925 1624 1953 et
1639 1920 1700 1954 dei

216 1965 428 2009 genitricem
446 1964 588 2009 hymnis
612 1970 649 1999 et
666 1965 839 1999 laudibus
858 1966 1048 2009 celebrari,
1077 1968 1141 2014 qui
1166 1968 1305 2002 vixerat
1331 1967 1448 2002 hostis
1471 1968 1548 2001 eius
1574 1968 1700 2001 insen-

218 2013 390 2053 sissimus,
415 2013 626 2058 postulavit.
653 2014 751 2047 solus
776 2020 860 2060 post
886 2016 998 2060 patris
1027 2015 1167 2050 obitum
1192 2016 1385 2062 imperavit
1410 2028 1523 2049 annos
1550 2016 1699 2060 triginta

218 2066 399 2106 quatuor,
425 2072 567 2095 menses
606 2061 710 2103 duos,
735 2061 813 2095 dies
839 2063 968 2107 viginti
997 2075 1071 2105 sex,
1107 2070 1218 2110 atque
1246 2065 1298 2098 ita
1330 2065 1442 2098 vitam
1469 2064 1564 2097 finiit
1587 2063 1698 2097 homo

217 2107 507 2142 Christianorum
536 2110 721 2151 caedibus,
751 2109 968 2144 daemonum
999 2112 1294 2147 invocationibus
1327 2118 1365 2146 et
1387 2112 1582 2153 sacrificiis,
1611 2123 1698 2145 san-

216 2161 352 2190 ctas-um
367 2156 599 2190 ecclesiarum
612 2164 650 2191 et
664 2163 781 2192 rectae
799 2158 1082 2206 inculpataeque
1099 2161 1186 2194 fidei
1201 2159 1531 2207 persecutionibus,
1545 2159 1699 2193 adhaec

216 2215 363 2249 quoque
381 2204 641 2238 monachorum
675 2218 776 2246 nece,
803 2213 840 2240 et
856 2209 1155 2242 monasteriorum
1187 2208 1442 2254 profanatione
1462 2208 1500 2240 in
1515 2209 1698 2254 quinatis-

216 2253 339 2294 simus,
364 2251 608 2298 omnibusque
635 2253 834 2288 sceleribus
859 2255 919 2289 vel
951 2268 1057 2302 supra
1082 2257 1355 2291 Diocletianum
1379 2261 1614 2303 caeterosque
1640 2262 1698 2300 ty-

215 2311 348 2334 rannos
387 2300 508 2334 surore
545 2306 692 2346 praeter
731 2302 945 2346 opinionem
984 2316 1127 2338 omnem
1160 2304 1357 2339 insaniens.
1419 2304 1547 2338 eodem
1585 2305 1697 2338 etiam

214 2360 338 2381 mense
363 2347 536 2383 Abdellas
564 2349 722 2383 Arabum
764 2349 838 2383 dux
864 2352 1045 2386 extinctus
1073 2358 1138 2387 est.
1198 2353 1291 2386 istae
1319 2353 1415 2386 duae
1442 2353 1539 2386 ferae
1565 2352 1696 2386 crude-

215 2397 372 2429 lissimae
398 2408 477 2429 cum
505 2395 568 2429 diu
593 2396 702 2430 simul
728 2407 839 2440 genus
865 2398 1061 2433 humanum
1086 2400 1336 2441 dilaniassent,
1363 2412 1459 2447 quae
1486 2400 1547 2435 dei
1575 2401 1697 2446 provi-

215 2443 342 2477 dentia
369 2444 449 2486 fuit,
475 2444 601 2478 ambae
620 2445 729 2478 simul
749 2445 917 2479 sublatae
940 2453 1037 2489 sunt,
1064 2449 1103 2482 in
1127 2460 1281 2494 quorum
1309 2449 1429 2482 locum
1445 2450 1519 2483 Leo
1548 2455 1585 2482 et
1599 2449 1697 2482 Madi

217 2503 342 2525 eorum
373 2493 438 2525 filii
481 2505 594 2526 rerum
629 2505 805 2526 summam
837 2493 1144 2529 administravere.
1194 2497 1264 2530 hoc
1289 2497 1400 2530 etiam
1430 2509 1526 2530 anno
1555 2498 1699 2541 Lougo-

216 2539 410 2573 bardorum
439 2552 501 2574 rex
524 2540 739 2575 Theodotus
765 2542 806 2575 in
834 2542 960 2576 urbem
985 2544 1251 2590 imperatricem
1289 2546 1439 2579 veniens
1465 2545 1514 2578 ad
1537 2545 1697 2591 impera-

217 2593 332 2625 torem
357 2588 534 2633 confugit.

30 2639 203 2688 A.C.768
314 2637 546 2681 Imperatoris
571 2637 723 2670 Romani
748 2637 896 2679 Leonis,
923 2638 1083 2672 Arabum
1114 2639 1218 2673 ducis
1235 2640 1353 2674 Madis
1380 2653 1496 2676 annus
1522 2642 1672 2687 primus.

309 2684 386 2717 Hoc
411 2696 506 2719 anno
533 2685 631 2718 Madi
648 2711 658 2726 ,
690 2684 871 2718 Abashale
898 2697 978 2720 cum
1015 2699 1209 2722 numeroso
1236 2690 1398 2724 exercitu
1426 2690 1465 2723 in
1486 2689 1698 2723 Romaniam

213 2732 335 2773 misso,
362 2733 572 2777 speluncam
599 2733 740 2767 Causim
767 2745 788 2766 a
806 2733 905 2768 sumo
931 2735 1156 2769 nominatam
1182 2738 1338 2782 aperuit,
1380 2742 1418 2771 et
1440 2738 1607 2783 captivis,
1634 2737 1696 2782 qui

213 2779 252 2817 iu
279 2792 321 2817 ca
345 2779 616 2823 detinebantur,
642 2793 763 2818 secum
792 2781 959 2820 abductis
990 2794 1151 2820 reversus
1176 2791 1240 2822 cst.
1269 2786 1467 2835 imperator
1492 2798 1599 2834 porro
1622 2785 1694 2823 Leo
