1768 3106
254 160 368 229 642
780 146 1131 227 THEOPHAuls

253 284 696 338 πεπληροφορεῖσθαι.
765 284 920 327 τούτου
962 283 1150 342 ζηλωτής
1196 287 1272 328 καί
1297 283 1525 342 ὁμώνυμος
1552 288 1739 342 Πέτρος,

252 348 276 390 ὅ
305 347 416 392 κατὰ
445 347 518 392 τόν
533 352 776 404 Μαὶόυμᾶν
804 352 849 394 ἐν
876 358 964 401 τοῖς
990 353 1136 402 αὐτοῖς
1164 354 1396 411 α’νεδείχθη
1415 355 1602 410 χρόνοις,
1625 354 1738 411 μάρ-

250 432 326 467 τυς
362 417 471 472 ὑπὲρ
504 419 701 470 Χριστοῦ
734 417 994 472 αότομόλως.
1053 418 1161 479 νόσω
1202 418 1285 477 γάρ
1313 422 1552 478 συσχεθείς,
1581 438 1737 478 προσε-

249 485 460 527 καλέσατο
501 482 604 534 τούς
642 486 728 528 τῶν
763 483 966 540 Ἀράβων
1010 481 1252 543 ἄρχοντας,
1289 483 1363 531 ἅτε
1392 487 1592 544 συνήθεις
1621 489 1739 547 avve&

248 546 395 607 όντας,
425 551 731 611 χαρτουλαρίω
754 555 948 596 τελοῦντι
977 556 1062 597 τῶν
1086 555 1302 610 δημοσίων
1331 552 1500 612 φόρων,
1527 559 1607 598 καί
1628 559 1768 613 φησιᾶ

247 617 356 676 πρὸς
399 615 584 669 αυτούς·
655 619 728 663 τὸν
767 622 848 675 μὲν
882 620 990 678 ὑπὲρ
1035 624 1111 678 τῆς
1138 624 1401 678 ἐπισκέψεως
1429 621 1590 677 μισθὸν
1619 621 1736 679 παρὰ

113 700 149 734 P.
166 697 235 732 350
248 690 357 730 θεοῦ
384 684 563 745 λάβοιτε,
591 683 672 731 κάν
701 704 875 731 απιστοι
903 691 1141 746 τυγχάνητε
1161 690 1292 748 φίλοι.
1349 691 1426 747 τῆς
1447 688 1659 748 διαθήκης
1689 693 1739 734 δέ

248 771 335 812 μου
363 752 591 812 μάρτυρας
632 755 749 811 υμᾶς
777 752 888 800 εἶναι
917 756 1129 813 βούλομαι
1172 756 1377 814 τοιαύτης
1407 753 1689 815 ovum-7159·
1714 758 1738 801 ὅ

243 824 305 880 μή
351 822 565 867 πιστεύων
601 825 663 874 εἷς
701 827 867 880 πατέρα
907 843 979 868 και
1026 824 1123 869 υἱὸν
1171 842 1244 868 και
1284 828 1453 881 πνεῦμα
1492 842 1631 883 αγιον,
1660 826 1737 882 τὴν

243 889 470 947 ὁμοούσιον
509 893 586 935 καί
626 890 871 949 ζωαρχικήν
911 894 957 936 ἐν
984 891 1142 948 μονάδι
1180 891 1352 951 τριάδα,
1383 891 1632 951 πεπήρωται
1659 892 1766 950 τήνι

239 959 401 1016 ψυχήν,
430 958 505 1002 καί
532 960 609 1014 τῆς
637 960 813 1002 αἰωνίου
843 959 1056 1012 κολάσεαὶς
1078 962 1192 1004 ἐστιν
1220 954 1348 1012 ἄξιος.
1404 961 1596 1012 τοιοῦτός
1622 962 1736 1004 ἐστιν

239 1027 314 1070 καί
340 1027 361 1070 ὁ
391 1028 613 1082 Μουοιμὲδ
643 1026 667 1069 ὅ
699 1029 1064 1086 ψευδοπροφήτης
1092 1026 1214 1083 ὑμῶν
1240 1027 1315 1071 καί
1337 1028 1414 1071 τοῦ
1436 1028 1734 1085 Ἀντιχρίστου

240 1093 507 1152 πρόδρομος·
578 1092 791 1151 ἀπόστητε
831 1091 932 1154 οὖν,
978 1098 1019 1139 εἰ
1043 1097 1143 1150 ε’μοί
1183 1099 1389 1140 πείθεσθε
1417 1098 1733 1155 μαρτυρομένῳ

239 1160 428 1221 σήμερον
454 1162 559 1217 ’ὑμῖν
587 1161 663 1206 τόν
696 1161 883 1219 οὐρανὸν
912 1165 986 1206 καί
1017 1161 1096 1220 τήν
1124 1165 1215 1220 γῆν,
1245 1165 1319 1219 τῆς
1348 1166 1513 1207 ἐκείνου
1546 1167 1735 1219 μυθολο-

239 1230 350 1286 γίας.
406 1226 546 1274 ahod
571 1230 654 1288 γὰρ
686 1231 788 1285 ὑμῖν
816 1231 1014 1288 σήμερον,
1050 1233 1121 1274 ἵνα
1149 1230 1207 1289 μή
1235 1230 1315 1275 σὺν
1343 1233 1486 1292 ἐκείνῳ
1507 1233 1731 1288 κολασθῆ-
1750 1251 1763 1277 1

198 1314 299 1349 Βτε.
359 1299 500 1342 ταῦτα
531 1299 607 1341 καί
638 1294 749 1342 ἄλλα
781 1303 960 1342 πλεῖστα
989 1301 1287 1355 θεολογοῦντος
1316 1299 1451 1342 αὐτοῦ
1480 1295 1734 1349 ἀκούσαντες

235 1366 401 1421 θάμβει
431 1381 476 1408 τε
507 1367 582 1409 καί
607 1369 742 1426 μανία
762 1369 1062 1422 συσχεθέντες,
1089 1370 1387 1423 μακροθυμεῖν
1407 1365 1569 1422 ἔδοξαν,
1598 1367 1655 1416 ὥς
1685 1369 1731 1409 ἐκ

238 1436 312 1491 τῆς
346 1434 470 1477 νόσου
498 1437 865 1491 παραφρονοῦντα
902 1436 1049 1478 τοῦτον
1078 1434 1282 1489 οἰόμενοι·
1340 1434 1450 1490 μετὰ
1481 1437 1528 1479 δὲ
1556 1434 1603 1478 τὸ
1637 1436 1733 1477 δια-

238 1504 441 1557 γενέσθαι
472 1499 605 1546 αὐτόν
645 1503 692 1545 ἐκ
719 1504 797 1559 τῆς
825 1501 966 1560 νόσου,
1006 1500 1166 1559 ἤρξατο
1192 1500 1600 1561 μεγαλοφωνότερον
1630 1503 1733 1546 ἀνα-

339 1651 368 1674 1.
394 1641 460 1675 καὶ
488 1638 538 1688 ὃμ
541 1639 605 1678 ὠν.
628 1641 671 1684 A,
700 1642 766 1676 καὶ
791 1639 810 1676 ὃ
839 1640 900 1690 ὃιι.
926 1641 1022 1686 vulg.
1124 1652 1157 1675 2.
1186 1640 1328 1690 αὐτοῖς]
1360 1640 1497 1677 αὗτόθι
1520 1641 1550 1675 Α
1577 1641 1600 1675 f.
1697 1642 1731 1675 3.

333 1653 544 1736 αὐτόμολος
567 1690 609 1723 A.
746 1692 779 1724 5.
808 1691 1073 1737 χαρτουλαρίῳ
1099 1691 1169 1725 τελ.
1195 1691 1250 1734 A,
1273 1689 1558 1747 χαρτουλάριόν
1593 1699 1632 1724 τε
1658 1691 1729 1724 τελ.

332 1737 431 1782 vulg.
579 1749 611 1782 7.
639 1738 674 1773 εἰ
705 1739 770 1773 καὶ
797 1759 844 1764 -
870 1750 1074 1796 τυγχανετε
1098 1739 1139 1772 A.
1261 1738 1324 1782 τῆς
1348 1737 1431 1771 add.
1461 1750 1504 1772 ex
1533 1739 1573 1772 A.
1678 1748 1729 1771 12.

332 1787 398 1819 καὶ
424 1786 529 1831 prius
550 1785 634 1818 add.
661 1787 762 1820 exA.
888 1788 941 1830 14.
973 1785 1061 1833 σήμ.
1090 1785 1245 1834 ὑμῖνΑ,
1268 1785 1332 1835 ὑα.
1362 1785 1447 1833 σήμ.
1479 1786 1575 1831 vulg.
1678 1786 1730 1819 18.

331 1833 668 1914 παραφριίνοῦντα
687 1855 736 1861 -
757 1854 806 1861 -
830 1855 878 1861 -
905 1832 1025 1872 νόσου
1053 1846 1122 1869 om.
1150 1836 1191 1868 A.
1294 1845 1346 1879 19.
1371 1835 1563 1882 μεγαλοφ.
1594 1834 1634 1876 A,
1661 1844 1731 1881 με·

335 1893 435 1929 γαφ·
464 1893 510 1916 W
529 1891 550 1927 g

240 2002 397 2035 nominis
426 2013 573 2036 consors
599 2003 725 2037 Petrus
754 2002 852 2049 apud
865 1979 1059 2038 Maiumam
1084 2004 1226 2050 insigne
1255 2015 1321 2049 pro
1347 2003 1493 2037 Christo
1520 2002 1731 2046 martyrium

241 2049 309 2083 sub
335 2050 425 2083 haec
450 2056 614 2096 tempora
639 2056 771 2097 sponte
795 2052 893 2086 tulit.
920 2054 1049 2086 morbo
1079 2054 1218 2099 quippe
1247 2052 1430 2092 detentus,
1456 2050 1613 2085 Arabum
1642 2062 1732 2095 pro-

240 2109 365 2139 ceres,
395 2109 460 2131 ceu
490 2110 534 2132 ex
563 2099 773 2133 chartularii
798 2099 1031 2144 publicorum
1068 2101 1300 2145 vectigalium
1326 2110 1472 2132 munere
1498 2099 1586 2144 ipsis
1610 2104 1732 2140 notus,

243 2145 316 2178 sibi
347 2145 543 2180 familiares
577 2147 622 2180 ad
660 2147 843 2193 privatum
885 2148 1113 2194 colloquium
1151 2149 1333 2182 invitavit.
1397 2152 1474 2180 tum
1499 2146 1530 2179 is
1557 2145 1604 2179 ad
1631 2146 1731 2187 illos,

241 2198 384 2228 vestrae
412 2193 532 2236 huius,
559 2195 692 2241 inquit,
720 2195 768 2228 ad
785 2207 842 2228 me
866 2196 1087 2230 visitandum
1112 2196 1357 2252 profectionis
1378 2193 1582 2228 mercedem
1614 2206 1634 2227 a
1659 2194 1731 2227 deo

243 2241 428 2286 recipiatis
458 2243 724 2288 precor31icet
744 2244 838 2277 enim
866 2244 952 2277 fidei
979 2245 1060 2278 luce
1087 2245 1229 2290 privati,
1255 2243 1359 2276 amici
1387 2248 1509 2276 tamen
1537 2243 1622 2276 estis
1646 2254 1733 2275 cen-

244 2289 362 2322 sendi.
413 2291 624 2323 testamenti
648 2291 773 2336 itaque
797 2292 881 2332 mei,
908 2292 1008 2338 quod
1033 2291 1243 2325 huiusmodi
1278 2297 1344 2332 est,
1368 2291 1453 2324 volo
1478 2302 1542 2324 vos
1569 2302 1646 2324 esse
1674 2296 1730 2323 te-

245 2342 340 2371 stes·
368 2337 433 2383 qui
458 2349 534 2371 non
565 2337 679 2371 credit
703 2339 743 2371 in
761 2345 926 2384 patrem,
952 2341 1069 2372 filium
1095 2345 1132 2372 et
1170 2340 1335 2384 spiritum
1365 2345 1541 2379 sanctum,
1569 2337 1731 2371 consub-

246 2385 457 2419 stantialem
483 2391 521 2419 et
557 2385 737 2419 vivificam
774 2387 813 2419 in
854 2388 996 2421 unitate
1021 2393 1174 2421 naturae
1200 2398 1436 2432 personarum
1460 2387 1674 2426 trinit·,1tem
1700 2386 1731 2418 is

246 2435 390 2467 animae
415 2433 530 2467 oculis
566 2439 776 2467 occaecatus
809 2440 875 2475 est,
905 2441 942 2469 et
966 2441 1115 2469 aeterno
1151 2435 1331 2480 supplicio
1366 2434 1505 2480 diguus
1557 2433 1732 2468 Muamed

246 2481 361 2515 falsus
387 2487 506 2516 vester
529 2486 629 2514 vates
657 2486 695 2514 et
725 2481 938 2516 Antichristi
970 2494 1182 2528 praecursor
1215 2482 1393 2516 eiusmodi
1419 2482 1553 2516 exsitit.
1604 2493 1735 2527 quam-

247 2529 372 2562 obrem
399 2529 426 2562 si
452 2529 542 2562 mihi
568 2540 666 2562 nunc
694 2530 833 2562 caelum
861 2536 898 2563 et
921 2536 1051 2564 terram
1079 2541 1198 2563 coram
1225 2531 1331 2564 vobis
1360 2530 1559 2564 obtestanti
1588 2530 1744 2575 aliqum,

246 2582 355 2611 tenus
379 2577 488 2611 fidem
526 2575 737 2618 adhibetis,
772 2577 977 2611 fabulosam
1006 2584 1043 2612 et
1071 2578 1222 2612 deliram
1249 2579 1326 2612 eius
1352 2578 1552 2612 doctrinam
1581 2578 1735 2611 eiurate.

247 2624 317 2659 hoe
340 2625 623 2659 necessitudinis
660 2636 743 2670 erga
779 2637 843 2659 vos
874 2636 978 2659 meae
1015 2638 1187 2675 praesens
1226 2632 1476 2672 argumentum
1511 2625 1736 2659 benevolum

246 2672 318 2706 hoc
345 2672 527 2707 admittite
562 2673 771 2715 consilium,
811 2684 857 2706 ne
897 2685 1019 2719 parem
1061 2686 1141 2707 cum
1184 2686 1227 2708 eo
1265 2675 1463 2708 cruciatum
1511 2674 1733 2707 sustineatis.

245 2720 384 2755 Arabes
413 2733 530 2755 sacros
556 2720 643 2754 istos
670 2726 708 2754 et
726 2732 830 2767 pares
856 2721 950 2756 alios
977 2733 1160 2756 sermones
1190 2723 1435 2768 explicantem
1464 2721 1668 2762 audientes,
1698 2726 1737 2755 et

246 2781 319 2801 una
347 2769 455 2803 simul
495 2775 646 2814 stupore
680 2774 717 2803 et
743 2770 885 2802 insania
925 2771 1095 2816 correpti,
1129 2772 1245 2804 virum
1271 2770 1365 2804 bene
1391 2770 1512 2804 valere
1537 2769 1734 2810 iusserunt,

247 2821 421 2863 tanquam
463 2817 503 2852 in
542 2816 676 2851 mentis
714 2816 884 2852 delirium
920 2830 1001 2853 eum
1030 2819 1171 2867 lapsum
1198 2819 1376 2854 arbitrati.
1426 2820 1457 2852 is
1486 2817 1550 2852 ubi
1574 2817 1667 2855 vires
1690 2827 1734 2850 ex
