1768 3106
248 122 364 194 406
813 143 1162 185 THEOPHAle

248 244 358 286 κατὰ
387 245 474 286 τῶν
502 243 847 301 στρατευμάτων,
876 244 934 294 ὥς
965 242 1046 286 ὑπὸ
1071 239 1304 296 ζΡωμαίων
1324 240 1596 297 ἡττηθέντων.
1623 241 1718 282 ἐπε-

208 314 436 364 Βὸξίκνυεν
467 312 514 352 δὲ
546 313 619 353 καί
647 310 884 354 ἐπίπλαστα
913 309 1145 365 γράμματα
1163 308 1221 358 ὥς
1253 305 1334 350 α’πὸ
1361 307 1582 363 Ὁρμίσδα,
1611 306 1718 361 πρὸς

245 378 292 420 τό
327 379 592 431 ὖπομειῶσαι
622 377 698 426 τάς
725 380 806 420 τῶν
821 379 1091 432 στρατιωτῶν
1117 375 1254 432 ῥὸγας,
1279 374 1611 430 ὑπομιμνήσκων
1640 363 1720 416 aas·

244 443 347 496 τούς
374 443 419 488 τό
452 461 495 487 τε
525 445 679 501 ἀπηνὲς
710 446 785 487 τοῦ
818 445 1029 498 Ὁρμίσδα
1073 445 1146 486 καί
1170 441 1397 499 ω’μότατον,
1426 439 1474 483 τὸ
1510 438 1720 498 φιλάργυ-

243 511 317 568 ρόν
347 528 393 555 τε
422 511 495 554 καί
519 512 685 566 βίαιον·
756 513 831 553 καί
856 508 969 561 ὅπως
1007 509 1154 568 φόνοις
1178 513 1257 566 μὲν
1285 510 1575 566 ἀρεσκόμενος,
1603 509 1758 564 εἰρή-5

105 586 146 619 V.
167 594 227 632 ¹77
243 596 317 636 νης
346 581 393 623 δὲ
421 579 697 634 α’πεχόμενος,
742 579 817 621 καί
854 581 944 628 πῶς
971 577 1070 628 τούς
1095 579 1355 633 μεγιστᾶνας
1381 578 1551 630 δεσμοῖς
1579 578 1719 618 καθυ-

241 649 450 701 πέβαλεν·
517 646 592 687 καί
627 643 728 695 τούς
771 646 850 700 μὲν
879 645 995 703 ξίφει
1036 647 1252 702 α’πέτεμεν,
1289 642 1390 694 τούς
1419 645 1466 686 δὲ
1497 643 1720 694 ἀπέπνιξεν

241 714 287 756 ἐν
317 715 374 771 τῷ
415 713 602 768 Τίγριδι·
671 710 746 754 καί
785 714 874 762 πῶς
905 712 1215 769 κατηνάγκαζεν
1243 715 1423 767 Πέρσας
1448 712 1494 754 ἐν
1520 707 1721 765 μεγάλοις

245 783 444 834 πολέμοις
468 784 638 836 χωρεῖν,
678 776 792 831 ὅπως
821 781 1110 837 διαφθαρῶσι,
1149 782 1223 823 καί
1243 777 1302 835 μή
1331 783 1422 822 κατ’
1453 777 1591 821 adro&
1618 794 1720 820 στα-

240 845 465 890 σιάσωσιν.
524 844 728 897 τοιούτοις
757 849 804 890 δὲ
831 845 968 902 λόγοις
1001 845 1234 902 συμβαλών
1262 845 1284 888 ὅ
1316 843 1476 902 Βαρὰμ
1504 843 1556 889 τὰ
1588 861 1718 899 στρα-
1737 858 1768 885 11

1609 907 1668 926 ἵζ’

201 913 447 971 Οτεύματα,
476 915 706 969 τυραννίδα
734 913 917 971 μεγάλην
945 912 1051 957 κατὰ
1082 914 1290 969 Ὁρμίσδα
1308 914 1486 971 ἑξῆψεν·
1544 929 1614 955 και
1644 928 1718 967 ορ-

240 997 329 1030 κοις
357 980 433 1024 τὸν
463 980 625 1037 Βαράμ
647 979 957 1063 ςθ’χυρωσοιντες
992 982 1295 1036 δογματίζουσι
1334 996 1489 1030 παντες
1523 982 1719 1022 καθελεῖν

238 1047 310 1091 τὸν
332 1049 580 1103 Ὁρμί.σὸ“αν
639 1048 661 1091 ὃ
690 1051 737 1092 δὲ
759 1048 994 1103 (Ὀρμισδας
1028 1046 1275 1104 Φερογάνην
1302 1047 1377 1091 τὸν
1404 1048 1610 1103 μάγειρον
1639 1048 1718 1090 αὖ·

239 1117 318 1158 τοῦ
347 1118 623 1172 καθοπλίσας,
650 1113 761 1170 μετὰ
792 1113 1015 1169 δυνάμεως
1047 1117 1292 1159 ἀπέστειλεν
1318 1114 1425 1158 κατὰ
1461 1115 1637 1195 Βαράμ.
1696 1106 1718 1156 ὅ

240 1184 287 1224 δὲ
315 1182 478 1238 Βαρὰμ
505 1181 659 1238 εδήλου
690 1186 747 1242 τῶ
778 1182 995 1241 Φερογανῃ
1025 1201 1096 1226 και
1126 1190 1212 1232 τοῖς
1239 1182 1545 1239 στρατεύμασι,
1575 1179 1636 1225 ὅτι
1667 1181 1717 1224 οὐ
1737 1176 1768 1218 1!

241 1251 312 1292 δεῖ
334 1246 443 1293 ὅπλα
474 1248 578 1293 κατὰ
610 1253 798 1308 Περσῶν
825 1251 1108 1307 ἐπιφέρεσθαι
1146 1252 1350 1306 Πέρσας·
1383 1252 1455 1292 καί
1482 1250 1720 1307 ὑπεμιμνη-

241 1334 338 1360 σκεν
373 1316 534 1368 αὐτοὺς
561 1317 640 1374 τήν
666 1321 745 1361 τοῦ
766 1315 976 1375 Ὁρμίσδα
1003 1318 1265 1375 τραχύτητα,
1296 1316 1343 1360 τὸ
1380 1313 1539 1373 ἄδικον,
1569 1316 1615 1360 τὸ
1649 1316 1720 1360 αἱ..
1751 1330 1761 1333 ··

239 1387 450 1441 μοχαρές,
489 1384 562 1427 καί
601 1385 859 1442 φιλόφονον,
899 1384 947 1428 τό
985 1380 1161 1428 ἄπιστον
1201 1388 1273 1429 καί
1301 1385 1552 1438 α’λαζονικόν
1576 1401 1621 1428 τε
1650 1384 1744 1428 καῖ’

238 1453 395 1507 βίαιον.
453 1455 612 1513 τούτων
658 1452 911 1507 αἰσθόμενοι
954 1454 1125 1510 ἀληθῶς
1164 1453 1396 1510 εἰρημένων
1441 1451 1481 1496 οἱ
1520 1452 1621 1509 περὶ
1647 1451 1720 1496 τὸν

344 1623 372 1645 1.
398 1610 636 1647 ἐπεδείκνυεν
660 1612 702 1654 A,
727 1611 970 1649 ὑπεδείκνυεν
993 1612 1089 1670 vulg
1212 1612 1244 1645 3.
1273 1625 1342 1651 τας
1365 1611 1449 1646 add.
1474 1623 1519 1646 ex
1543 1613 1585 1646 A.
1682 1614 1717 1647 6.

335 1652 423 1699 τοὺς
441 1660 681 1718 μεγιστᾶνας
701 1660 743 1703 A,
767 1658 852 1700 τοὺς
875 1659 1130 1708 μεγιστάνους
1165 1671 1198 1702 a,
1229 1667 1305 1700 τοῖς
1330 1660 1582 1741 μεγιστάινοις
1605 1660 1631 1703 s,
1652 1672 1720 1708 με·

336 1718 521 1754 γιστανας
548 1708 646 1753 vulg
789 1710 1048 1755 καθυπέβαλεν
1074 1708 1116 1751 A,
1121 1710 1419 1767 καθυπεβαλλεν
1444 1708 1537 1754 vulg.
1665 1720 1717 1742 10.

336 1755 520 1795 τοιούτοις
543 1756 585 1797 A,
610 1755 757 1797 τούτοις
788 1757 882 1802 vulg.
1033 1756 1085 1790 13.
1114 1754 1133 1791 ὅ
1167 1756 1206 1791 δὲ
1225 1755 1327 1804 Οομ.
1367 1758 1406 1799 A,
1429 1755 1530 1804 Ὁρμ.
1558 1756 1598 1792 δὲ
1621 1757 1717 1801 vulg.

338 1798 404 1839 τὸν
427 1803 648 1864 μάγιστρον
681 1805 706 1838 A
740 1816 759 1837 e
795 1806 820 1838 f.
972 1805 1024 1839 18.
1065 1789 1293 1860 ᾳξιλόφονον
1317 1805 1358 1847 A,
1386 1805 1598 1852 φιλόπονον
1621 1805 1718 1849 vulg

339 1851 501 1887 ἄπιστον
531 1855 598 1886 καὶ
623 1851 762 1894 ἄλαζον
782 1853 823 1895 A,
853 1851 1030 1894 ἄπιστον,
1057 1849 1099 1888 τὸ
1127 1852 1183 1887 οἷλ.
1208 1854 1306 1900 vulg.
1416 1864 1468 1898 ¹9·
1494 1854 1719 1902 εἰρημένων]

339 1911 558 1948 φερομενον
584 1901 680 1946 vulg.

246 2037 359 2070 ravit:
389 2038 490 2072 fictas
515 2049 664 2085 quoque
690 2039 832 2072 litteras
859 2044 1030 2094 tauquam
1058 2038 1103 2072 ab
1115 2038 1306 2072 Hormisda
1326 2038 1462 2079 missas,
1490 2037 1623 2085 quibus
1650 2039 1720 2071 mi-

243 2084 364 2118 litai-ia
401 2086 583 2130 stipendia
624 2086 840 2120 iuberentur
876 2087 999 2126 minui,
1035 2086 1217 2121 ostendit·
1249 2098 1357 2133 quam
1395 2087 1532 2120 immite
1559 2086 1719 2133 denique

245 2132 339 2166 foret
359 2133 571 2166 Ηο11111511ιε
595 2134 791 2177 ingenium,
812 2147 918 2180 qnam
944 2136 979 2167 111
1005 2134 1266 2168 immanitatem
1293 2134 1463 2179 proclive,
1487 2140 1624 2180 quanta
1650 2146 1719 2180 pe-

245 2181 374 2213 cuniae
405 2181 588 2226 cogendae
626 2181 755 2223 libido,
783 2194 888 2228 quam
927 2194 1126 2228 propensus
1151 2183 1189 2215 in
1211 2182 1425 2216 violentiam
1452 2183 1603 2224 animus,
1631 2182 1719 2228 ipsis

243 2229 282 2261 in
303 2229 513 2262 memoriam
541 2241 725 2272 revocare,
752 2235 793 2263 ut
819 2230 993 2263 caedibus
1021 2230 1187 2276 gaudeat,
1213 2241 1339 2275 pacem
1369 2236 1563 2272 aversetur,
1594 2231 1721 2264 vincu-

244 2276 290 2308 lis
316 2276 513 2309 subiecer't
541 2278 755 2321 optimates,
782 2289 871 2323 quos
898 2279 1027 2323 partim
1054 2277 1199 2323 gladio,
1227 2278 1358 2323 partim
1388 2277 1547 2322 Tigridis
1571 2278 1720 2312 fluentis

244 2322 467 2369 absumpsit;
497 2330 536 2358 ut
563 2326 720 2358 Persicos
747 2328 925 2358 exercitus
953 2325 1123 2359 diuturna
1150 2303 1249 2358 be⁷lla
1275 2327 1454 2360 sustinere
1479 2332 1623 2360 coactos
1648 2327 1722 2360 mi·-

243 2383 355 2405 nuere
387 2377 525 2417 satagat
559 2384 600 2405 ac
627 2374 773 2418 penitus
799 2373 1032 2415 labefactare,
1071 2384 1116 2406 ne
1143 2374 1319 2406 tumultus
1345 2380 1408 2408 aut
1434 2374 1654 2408 seditionem
1681 2374 1721 2408 in

247 2430 330 2452 eum
358 2425 549 2461 moveant,
587 2419 633 2453 ob
670 2421 793 2453 oculos
823 2432 1038 2466 proponere.
1098 2420 1154 2453 his
1179 2421 1297 2455 verbis
1326 2423 1524 2455 exercitum
1549 2422 1721 2456 adversus

243 2467 470 2501 Hormisdam
495 2468 736 2509 committens,
760 2469 951 2500 maximam
972 2469 1010 2502 111
1037 2479 1120 2501 eum
1137 2468 1373 2503 rebellionem
1402 2470 1586 2504 excitavit.
1611 2469 1721 2504 fidem

241 2526 328 2549 vero
353 2527 452 2549 suam
476 2515 642 2549 adhibito
659 2515 891 2549 iureiurando
910 2517 1034 2549 Bai-am
1054 2516 1332 2561 obstringentes,
1358 2518 1586 2552 Hormisdam
1609 2529 1722 2562 regno

242 2562 430 2608 depellere
455 2570 492 2597 et
529 2575 548 2597 e
573 2562 694 2598 medio
720 2564 849 2597 tollere
878 2563 1126 2598 decreverunt.
1175 2570 1213 2598 at
1237 2565 1450 2600 Hormisdas
1474 2565 1721 2610 Pheroganem

241 2622 398 2657 coquum
429 2623 530 2645 suum
557 2612 663 2645 armis
695 2611 911 2645 instructum
945 2616 982 2645 et
1020 2623 1150 2657 magno
1189 2614 1349 2648 exercitu
1386 2614 1557 2660 stipatum
1593 2619 1721 2647 contra

240 2658 365 2693 Raram
391 2659 581 2694 summisit.
633 2660 755 2692 Bar-ain
795 2671 838 2693 ex
866 2659 1015 2693 adverso
1052 2659 1254 2706 Pherogani
1278 2667 1316 2695 et
1341 2661 1578 2703 exercitui,‘a
1603 2661 1720 2694 Persis

240 2706 279 2739 in
304 2708 528 2741 contribules
554 2708 676 2742 Persas
701 2719 797 2741 arma
826 2719 899 2741 non
934 2707 1122 2749 movenda,
1149 2709 1351 2754 significat:
1378 2720 1451 2743 una
1476 2710 1586 2744 simul
1610 2720 1717 2755 aspe-

239 2765 317 2789 rum
345 2755 557 2790 Hormisdae
595 2755 775 2796 animum,
814 2761 853 2789 ut
885 2756 1036 2790 nefariis
1075 2756 1229 2798 actibus,
1271 2758 1451 2803 sanguine
1480 2770 1521 2792 ac
1546 2756 1717 2801 cae-dibus
