1786 3204
268 135 368 191 ¹92
754 129 759 134 '
825 136 1173 180 THEOPHANJS

255 253 354 289 νους
402 253 449 282 τε
498 239 572 282 καί
622 236 889 297 δραστήριος.
959 238 1161 297 ἐκράτησε
1206 239 1254 282 δὲ
1303 238 1412 294 μετὰ
1466 241 1602 283 ταῦτα
1655 238 1727 297 ἔτη

255 304 417 349 ἕνδεκα.

44 384 137 419 AM.
151 384 245 430 5969
368 376 556 432 Περσῶν
574 376 784 429 βασιλέως
818 366 990 428 odaia,
1012 372 1317 430 Ἱεροσολύμων
1346 375 1574 420 ἐπισκόπου
1598 372 1726 420 Ἀνα-

209 444 430 485 Βστασιόυ
461 440 554 490 ἔτος
583 443 637 484 α’.

372 503 516 567 Τούτῳ
555 510 611 567 τῷ
642 507 725 552 ἔτει
764 503 899 558 Ἴλλος
937 510 1010 550 καί
1043 510 1300 563 Τροκοῦνδος
1343 509 1383 553 οἱ
1409 513 1763 569 πολιορκοῦντεςό

251 575 447 633 Ζήνωνα,
478 573 535 626 ὥς
550 577 810 619 Βασιλίσκου
830 575 881 618 τὰ
901 575 1192 630 ὖποσχεθέντα
1212 577 1356 627 αὐτοῖς
1375 577 1434 634 μὴ
1458 579 1726 635 πληροῦν-τος,

250 646 325 687 καί
346 644 420 700 τῆς
448 642 682 699 συγκλήτου
719 644 876 699 βουλῆς
918 645 1209 701 βαρυνομένης
1238 647 1290 702 τῇ
1320 646 1437 703 α’ρχῇ
1463 646 1724 689 Βασιλίσκου

251 710 324 754 διὰ
351 710 598 767 μοχθηρίαν
628 709 797 767 τρόπων
827 710 900 753 καί
930 706 1088 766 ἄνοιαν,
1121 712 1363 769 γράφουσιν
1394 712 1501 767 πρὸς
1531 713 1723 768 αύτούς,

251 779 528 836 φιλιωθέντες
555 779 611 839 τῷ
642 776 823 835 Ζήνωνι,
851 774 933 832 ὅ,τε
954 773 1086 830 Ἴλλος
1116 781 1189 822 καί
1225 782 1619 837 Τροκοῦνδος,’και“
1645 784 1723 822 λα-

248 845 394 902 βόντες
422 845 558 889 mirrhe
596 847 668 890 ἐπὶ
707 845 784 902 τήν
819 845 1135 902 βασιλεύουσαν
1166 847 1466 905 ἐπανήρχοντο.
1523 850 1647 891 τοῦτο
1677 850 1723 891 δὲ
1743 864 1786 890 ro

248 912 406 969 μαθών
437 913 460 955 ὁ
493 913 749 964 Βασιλίσκος
772 912 1006 969 ζΑρμοίτιον
1042 913 1113 957 τὸν
1137 913 1248 958 ἴδιον
1279 915 1460 969 ἀνεψιὸν
1487 914 1725 972 στρατηγὸν

249 975 350 1025 ὄντα
391 982 466 1036 τῆς
510 980 680 1040 Θρᾴκης
721 979 827 1035 μετὰ
859 981 998 1038 πάσης-
1038 982 1112 1037 τῆς
1139 985 1345 1039 στρατιᾶς
1374 983 1510 1026 αὐτοῦ
1540 984 1615 1025 καί
1646 985 1724 1026 τοῦ

250 1051 362 1093 λαοῦ
389 1048 882 1099 Κωνσταντινουπόλεως
919 1049 1139 1093 ἀπέστειλε
1168 1049 1273 1093 κατὰ
1308 1049 1520 1107 Ζήνωνος,
1549 1048 1725 1106 ὅρκι’σας

124 1124 239 1170 P.io7
253 1115 385 1160 αὐτὸν
412 1118 472 1166 εἰς
500 1115 547 1159 τὸ
581 1111 699 1172 ἅγιον
718 1115 953 1173 βάπτισμα,
983 1115 1041 1173 μὴ
1076 1119 1324 1173 προδοῦναι.
1383 1117 1404 1160 ὃ
1435 1119 1481 1159 δὲ
1496 1116 1725 1175 Ἁρμάτιος

249 1181 513 1241 συναντήσας
555 1185 617 1242 τῷ
642 1183 810 1241 Ζήνωνι
847 1183 955 1226 κατὰ
990 1184 1180 1227 Νίκαιαν
1218 1188 1290 1240 τῆς
1335 1187 1549 1236 Βιθυνίας
1588 1181 1786 1234 οὕτωςιᾶ

249 1250 382 1295 αὐτὸν
414 1253 681 1308 κατέπληξεν,
709 1250 767 1301 ὦς
781 1253 939 1307 μικροῦ
957 1253 1046 1293 δεῖν
1074 1253 1342 1307 α’ναστρέψαι
1364 1251 1468 1307 μετὰ
1488 1255 1562 1309 τῆς
1587 1253 1724 1295 Ἰσαυ-

250 1321 371 1378 ρικῆς
396 1321 600 1375 βοηθείας
629 1318 780 1376 πάσης.
841 1317 949 1361 dna*
981 1316 1132 1375 δώροις
1161 1326 1248 1370 τοῖς
1281 1319 1396 1376 παρὰ
1428 1319 1626 1375 Ζήνωνος
1654 1318 1728 1362 καὶ

250 1382 369 1437 οὗτος
398 1387 457 1437 ὥς
485 1385 558 1429 ε’πί
585 1386 691 1430 πολύ
724 1388 965 1444 τυφλωθείς
999 1386 1073 1428 καί
1099 1386 1326 1442 ὑποσχέσει
1357 1385 1561 1443 διαδόχου
1590 1404 1724 1444 στρα-

250 1457 476 1511 τηλατιάς,
519 1452 593 1497 καί
620 1454 689 1497 τὸν
719 1452 811 1498 υἱὸν
850 1456 987 1497 αὐτοῦ
1025 1454 1284 1498 Βασιλίσκον
1326 1455 1512 1511 καίσαρα
1546 1456 1724 1511 ποιῆσαι

249 1521 323 1566 καί
349 1521 640 1579 συγκάθεδρον
668 1523 802 1565 αὐτοῦ
831 1520 912 1566 σὺν
943 1522 1076 1580 αύτῷ,
1106 1522 1213 1566 κατὰ
1243 1524 1504 1566 Βασιλίσκου
1538 1523 1721 1580 ἐπανῆλ-
1735 1537 1786 1564 20

346 1672 381 1707 5.
411 1671 648 1719 Τροκοῦνδος
680 1672 708 1705 Α
734 1683 752 1705 a
771 1697 781 1713 ‚
825 1670 1057 1718 Τρικοῦνδος
1081 1670 1113 1713 f,
1149 1670 1402 1718 Προκοῦνδος
1438 1671 1535 1717 vulg.
1571 1671 1606 1705 h.
1633 1671 1657 1704 1.
1684 1676 1721 1704 et

345 1719 454 1753 inira.
574 1723 608 1755 8.
635 1719 859 1768 γράφουσιν
882 1721 910 1753 Α
937 1732 967 1760 e,
1001 1722 1063 1754 καὶ
1089 1719 1321 1767 γραφούσης
1346 1720 1441 1765 vulg.
1561 1732 1595 1766 9.
1625 1717 1656 1762 ὅ,
1683 1730 1721 1754 τε

338 1766 466 1817 Ἷλλος]
494 1765 554 1804 ὅτε
573 1766 688 1808 '‘II-Zos-
710 1772 750 1810 A,
779 1768 840 1803 ὅτε
864 1770 927 1803 καὶ
947 1767 1061 1808 ”flios-
1085 1769 1179 1814 vulg.
1308 1770 1359 1803 18.
1387 1767 1438 1808 ὥς
1462 1779 1531 1802 om.
1557 1769 1597 1802 A.

251 1895 366 1930 solers
409 1896 508 1930 enim
544 1906 586 1929 ac
623 1901 793 1930 strenuus
822 1895 903 1929 fuit.
966 1895 1130 1940 regnavit
1157 1901 1277 1930 autem
1302 1895 1498 1943 posthaec
1522 1895 1627 1930 annis
1651 1907 1721 1930 un-

252 1944 382 1978 decim.

62 2003 152 2039 A.C.
169 2005 238 2051 469
345 1993 531 2027 Persarum
558 1991 651 2037 regis
678 1991 816 2033 Valae,
842 1991 1176 2036 Hierosolymorum
1206 1991 1368 2038 episcopi
1393 1991 1575 2025 Anastasii
1603 2002 1720 2026 annus

279 2051 401 2074 rimus.

250 2053 274 2088 P
340 2089 418 2123 Hoc
440 2099 535 2121 anno
557 2087 628 2121 Illo
655 2092 692 2121 et
717 2086 910 2120 Trocundo
936 2088 1114 2120 Zenonem
1147 2085 1338 2121 obsidione
1362 2084 1495 2119 bellica
1522 2087 1720 2132 prementi-

249 2135 331 2178 bus,
359 2137 532 2170 Basilisco
557 2147 653 2177 vero,
680 2147 774 2180 quae
801 2135 964 2180 pollicita
992 2135 1065 2168 illis
1091 2134 1223 2177 fuerat,
1250 2134 1460 2168 nullatenus
1485 2135 1721 2181 adimplente,

250 2197 291 2218 ac
317 2185 465 2230 insuper
504 2189 629 2217 senatu
666 2184 712 2216 ob
746 2195 885 2216 morum
919 2183 1188 2228 improbitatem
1229 2188 1266 2216 et
1302 2183 1482 2216 vesaniam
1510 2182 1719 2216 Basiliscum

249 2244 324 2266 non
353 2232 508 2277 amplius
549 2233 700 2272 ferente,
733 2231 866 2265 litteris
887 2230 931 2264 ad
959 2242 1039 2264 eum
1067 2231 1197 2272 missis,
1232 2230 1299 2276 ipsi
1329 2231 1417 2264 lllus
1445 2237 1481 2264 et
1505 2231 1719 2265 'l'rocundus

248 2281 385 2315 Zenoni
413 2280 652 2320 reconciliati,
687 2279 814 2312 eodem
845 2290 965 2312 secum
992 2278 1164 2320 adducto,
1188 2279 1227 2312 in
1252 2279 1383 2323 regiam
1413 2279 1536 2312 urbem
1571 2280 1737 2323 regressi·

249 2334 345 2363 sunt.
396 2328 598 2369 Basiliscus,
627 2327 683 2360 his
727 2326 875 2368 rescitis,
902 2327 1100 2360 Armatium
1135 2327 1320 2372 proprium
1346 2332 1515 2372 nepotem
1542 2326 1719 2361 Thraciae

249 2377 376 2410 ducem
404 2387 482 2410 cum
507 2375 575 2408 sibi
602 2375 797 2408 commissis
823 2375 938 2421 copiis
967 2380 1004 2408 et
1030 2374 1185 2420 Cpoleos
1210 2374 1317 2420 plebe
1343 2374 1512 2408 adversus
1540 2377 1719 2409 Zenonem

249 2426 349 2459 misit
385 2435 542 2470 eumque
572 2425 772 2456 iuramento
798 2423 835 2455 iu
868 2428 1028 2456 sanctum
1058 2423 1237 2468 baptisma
1264 2422 1367 2463 dato,
1401 2435 1448 2456 ne
1474 2435 1512 2457 se
1538 2423 1718 2469 proderet,

251 2473 457 2507 obtestatus
478 2477 542 2505 est.
570 2472 748 2504 Armatius
768 2470 995 2504 adNicaeam
1009 2470 1198 2514 Bithyniae
1223 2482 1411 2504 occurrens
1424 2472 1557 2505 Zenoni
1578 2477 1719 2505 tantum

251 2521 406 2555 incussit
429 2526 599 2554 terrorem
616 2545 628 2561 ,
654 2524 695 2552 ut
721 2519 808 2565 quin
842 2530 920 2551 cum
949 2519 1123 2551 auxilaria
1150 2520 1349 2552 Isaurorum
1376 2530 1483 2552 manu
1510 2519 1719 2552 retrocede—

251 2576 329 2611 ret,
365 2580 491 2615 parum
540 2567 719 2601 abfuerit:
752 2578 873 2600 verum
918 2567 1120 2612 amplorum
1163 2566 1338 2600 donorum
1389 2568 1717 2612 pollicitationibus

250 2619 361 2653 etiam
386 2618 463 2664 ipse
491 2615 716 2656 obcaecatus,
741 2621 816 2648 tum
845 2614 945 2660 quod
973 2615 1133 2660 magistri
1158 2615 1314 2648 militum
1343 2615 1459 2648 ossicio
1497 2615 1716 2655 succederet,

250 2668 429 2701 inescatus
453 2675 538 2710 spe,
567 2663 756 2709 filiumque
787 2663 992 2697 Basiliscum
1032 2663 1181 2697 nomine
1218 2663 1410 2696 creandum
1450 2674 1626 2696 caesarem
1651 2664 1716 2696 Ze-

247 2715 429 2760 nonisque
453 2713 568 2759 ipsius
591 2711 715 2745 videre
739 2722 972 2750 assessorem,
995 2712 1166 2744 Basilisco
1194 2711 1309 2744 factus
1334 2710 1448 2744 hostis
1474 2712 1542 2745 iter
1567 2723 1717 2745 conver-

248 2763 305 2797 tit.
357 2763 451 2797 Zeno
478 2759 612 2795 deinde
637 2771 717 2794 cum
733 2759 897 2794 Areadna
922 2759 967 2793 ad
993 2759 1136 2798 urbium
1162 2761 1321 2806 reginam
1346 2759 1519 2793 accedens
1546 2765 1714 2806 exceptus
