1768 3106
280 135 388 208 59²
837 155 1185 197 TruzopuANis

239 254 418 305 Οδόσιος
447 253 497 297 τοὶ
530 255 714 314 Θρᾳκῷα
754 255 980 312 ἐκράτησεν
1016 258 1137 312 μέρη.
1197 259 1427 312 προδοσίας
1455 259 1502 301 δὲ
1531 261 1754 315 γενομένης

278 322 351 365 διὰ
380 324 456 378 τῆς
487 322 640 378 πόρτης
672 324 750 365 τοῦ
785 324 1059 378 μονοτείχους
1101 327 1185 367 τῶν
1214 327 1487 382 Βλαχερνῶν,
1523 325 1601 381 τῆν
1628 326 1753 368 πόλιν

277 388 442 445 ἔλαβον.
513 388 552 432 οἱ
594 391 642 433 δὲ
681 391 918 446 παράνομοι
957 393 1058 433 λαοί
1091 394 1167 433 τοῦ
1193 393 1380 446 Ὀψικιόυ
1413 389 1506 446 ἅμα
1534 395 1619 436 τῶν
1649 395 1688 435 Γ
1689 410 1753 435 οτ-

278 459 518 512 θογραίκων
546 458 599 515 τῇ
627 458 745 500 νυκτὶ
773 458 832 506 εἰς
864 456 965 507 τούς
1003 454 1142 508 οἶκους
1170 461 1254 501 τῶν
1283 462 1464 502 πολιτῶν
1497 461 1755 517 διαδραμὸν-

277 540 361 582 τες,
386 527 586 580 μεγίστην
630 521 877 580 εἰργάσαντο
906 523 1078 582 ἅλωσιν,
1118 525 1297 582 μηδενὸς
1327 524 1599 584 φεισάμενοι·
1657 527 1756 578 τούς

279 593 325 634 δὲ
354 594 399 634 ἐν
426 592 534 649 αὐτῇ
559 588 831 646 ὖπαρχοντας
865 594 942 634 τοῦ
968 593 1191 648 Ἀρτεμιόυ
1224 588 1434 648 ἄρχοντας
1460 596 1670 653 Γερμανῷ
1698 599 1757 652 τῷ

277 657 522 716 πατριάρχῃ
543 658 1033 710 Κωνσταντινουπόλεως
1059 660 1370 715 συλλαβόμενοι
1391 664 1437 704 ὲν
1454 662 1614 719 Νικαίᾳ
1649 664 1755 718 α’πὴ-

277 743 407 782 γαγον
437 725 544 782 πρὸς
575 728 782 768 πίστωσιν
810 727 1030 780 Ἀρτεμίου
1061 727 1243 770 καὶτῶν
1274 727 1354 771 σύν
1386 731 1501 788 αὐτῷ
1532 725 1673 773 ὄντων.
1733 728 1754 771 ὅ

279 797 325 837 δὲ
358 795 575 848 Ἀρτέμιος
603 792 780 843 τούτους
804 796 1070 848 θεασάμενος
1098 797 1263 850 α’πέγνω
1282 793 1462 838 ἑαυτοῦ·
1522 799 1597 840 καί
1627 797 1758 840 αὑτὸν

278 863 534 919 παρέδωκεν,
563 861 683 915 λόγον
712 877 758 903 τε
791 863 1005 913 α’παθειάς
1034 861 1310 919 αἰτησάμενος
1339 862 1386 905 τὸ
1417 864 1651 917 μοναδικόν
1684 879 1756 906 πε-

279 930 520 985 ριεβάλλετο
547 931 712 984 σχῆμα.
786 928 808 970 ὁ
853 931 900 972 δὲ
929 927 1158 979 Θεοδόσιος
1189 930 1356 985 ἀβλαβῆ
1383 934 1530 974 τοῦτον
1559 932 1760 987 ὃιατηρή..

235 999 381 1053 1)σας,
412 999 455 1039 ἑν
487 996 777 1054 Θεσσαλονίκῃ
818 995 1032 1050 ἐξώρισεν.
1103 999 1379 1051 ἐβασίλευσεν
1422 1000 1469 1040 δὲ
1503 998 1761 1049 Φιλιππικὸς

277 1065 357 1118 μὲν
384 1062 455 1119 ἔτη
484 1063 520 1118 β
549 1065 624 1105 καί
650 1065 790 1118 μῆνας
817 1062 873 1117 θ’,
899 1063 1117 1118 Ἀρτέμιος
1156 1066 1203 1106 δὲ
1234 1063 1326 1114 ἔτος
1355 1064 1399 1107 ἓν
1443 1066 1516 1107 καί
1543 1069 1681 1122 μῆνας
1711 1064 1761 1122 γ’.

278 1134 409 1175 Λέων
435 1132 485 1186 δὲι
513 1131 599 1172 τῶν
617 1131 879 1172 ἀνατολικῶν
907 1131 1135 1187 στρατηγὸς
1165 1129 1224 1175 (ὃν
1249 1133 1474 1186 Ἀρτεμιόυ
1498 1133 1762 1188 ὑπερμαχῶν

278 1198 361 1253 οὐχ
388 1197 580 1253 ὑπετάγη
616 1198 853 1257 Θεοδοσιζυ·
911 1194 1027 1253 εἶχεν
1055 1200 1102 1242 δὲ
1132 1202 1394 1253 συμπνέοντα
1426 1200 1635 1260 αὐτῷκαὶ
1662 1218 1761 1244 συν-

279 1268 486 1320 τρέχοντα
518 1263 814 1320 Ἁρτάβασδον
843 1266 1062 1320 Ἀρμένιον
1092 1269 1175 1309 τῶν
1199 1267 1492 1321 Ἀρμενιακῶν
1521 1267 1764 1325 στρατηγόν,

282 1327 316 1392 ᾧ
345 1332 417 1375 καί
444 1335 650 1376 συνέθετο
699 1334 849 1376 δοῦναι
885 1331 961 1389 τήν
1002 1330 1159 1376 ἑαυτοῦ
1186 1336 1405 1389 θυγατέρα
1436 1336 1496 1385 εἰς
1524 1342 1716 1392 γυναῖκα,
1744 1334 1767 1378 ὃ

286 1403 359 1445 καί
388 1403 628 1456 πεποίηκεν.

74 1474 276 1568 ‘'Ml-'63⁰2
392 1469 616 1522 Ῥωμαίων
637 1469 849 1523 βασιλέως
880 1469 1114 1513 Θεοδοσίου
1147 1467 1236 1520 ἔτος
1267 1470 1321 1512 α’.

184 1547 194 1557 .
231 1532 250 1555 2

383 1631 418 1665 6.
447 1627 528 1677 ἅμα
552 1630 663 1676 Γερμ.
689 1628 740 1675 τῷ
765 1641 876 1674 πατρ.
907 1628 945 1668 Α,
973 1627 1054 1677 ἅμα
1077 1629 1130 1675 τῷ
1155 1630 1237 1675 Γερ.
1264 1629 1360 1674 vulg.
1457 1642 1491 1676 9.
1521 1629 1658 1666 ἑαυτοῦ
1689 1630 1713 1663 Α
1743 1632 1767 1673 f,

386 1674 524 1712 ἑαυτὸν
548 1678 645 1721 vulg.
797 1688 846 1710 12.
875 1677 976 1721 ἐβτισ.
1019 1677 1059 1712 δὲ
1086 1679 1168 1711 Φιλ.
1193 1677 1265 1724 μὲν
1291 1679 1335 1717 Α,
1372 1678 1476 1722 ἐβασ.
1498 1678 1573 1726 μὲν
1598 1681 1645 1714 Φ.
1670 1679 1766 1725 vulg.

394 1729 444 1762 15.
475 1724 578 1773 αὐτῷ
602 1728 667 1760 καὶ
695 1735 823 1772 ovum.
852 1725 893 1766 A,
919 1727 984 1759 καὶ
1011 1735 1138 1771 συντρ.
1174 1723 1277 1772 αὐτῷ
1303 1724 1400 1770 vuig.

293 1871 415 1906 dosius
444 1871 537 1904 freto
575 1870 727 1905 traiecto
752 1870 930 1904 Thraciae
964 1875 1083 1916 partes
1121 1874 1335 1916 occupatum
1364 1869 1479 1904 irruit.
1530 1869 1698 1916 factaque
1724 1870 1768 1904 ad

291 1919 573 1953 Blachernarum
608 1930 771 1960 murum,
801 1919 864 1964 qui
895 1930 986 1951 unus
1013 1923 1050 1951 et
1083 1918 1275 1963 singularis
1301 1922 1366 1959 est,
1390 1917 1614 1963 proditione,
1646 1918 1768 1952 urbem

293 1969 331 2000 in
357 1979 455 2001 suam
482 1972 703 2012 potestatem
730 1977 912 2011 recepere.
963 1965 1159 1999 sceleratae
1192 1977 1278 1999 vero
1308 1965 1447 2011 Opsicii
1472 1964 1639 1999 cohortes
1668 1967 1768 2000 sociis

293 2015 570 2060 Gotthograecis
595 2014 785 2048 adiunctae
812 2015 849 2047 in
876 2014 1006 2047 civium
1048 2013 1172 2047 domos
1197 2019 1306 2047 noctu
1331 2013 1579 2053 convolantes,
1607 2025 1768 2059 magnam

292 2064 498 2097 vastitatem
525 2068 561 2096 et
585 2061 806 2103 incendium,
834 2062 972 2095 nullius
1000 2061 1099 2095 aedis
1114 2061 1198 2095 data
1224 2061 1454 2106 exceptione,
1479 2061 1650 2102 intulere,
1676 2074 1768 2096 com-

294 2110 558 2156 prehensisque
594 2121 685 2155 quos
728 2110 780 2143 ibi
813 2120 979 2155 reperere
1007 2110 1156 2143 Artemii
1193 2109 1338 2149 amieis,
1377 2120 1448 2142 una
1481 2120 1560 2142 cum
1590 2109 1768 2143 Germano

296 2159 453 2204 Cpoleos
491 2158 677 2198 antistite,
712 2158 881 2191 Nicaeam
911 2157 1130 2203 deportant,
1167 2157 1368 2191 Artemium
1409 2155 1695 2202 adiunctumque
1737 2164 1768 2192 ei

296 2206 391 2240 hene
418 2207 585 2239 affectum
612 2205 683 2250 ipsi
723 2206 919 2239 exercitum
949 2205 994 2238 de
1030 2205 1074 2238 iis
1117 2216 1210 2251 quae
1235 2209 1482 2238 successerant
1506 2205 1679 2239 certiores
1719 2205 1768 2238 fa-

296 2255 402 2295 cturi,
428 2259 466 2286 et
495 2253 698 2286 securitatis
734 2253 960 2287 obtinendae
995 2258 1142 2298 pactum
1179 2252 1351 2285 firmatur.
1408 2252 1590 2286 Artemius
1614 2253 1658 2286 iis
1685 2264 1768 2286 con-

297 2302 429 2349 spectis
455 2299 500 2334 de
530 2312 648 2334 rerum
675 2312 817 2334 suarum
848 2302 965 2335 salute
990 2300 1208 2346 desperavit,
1234 2304 1271 2332 et
1288 2300 1384 2332 vitae
1411 2299 1482 2333 sibi
1508 2301 1768 2346 relinquendae

298 2348 569 2394 servandaeque
598 2347 668 2381 fide
693 2355 854 2394 accepta,
883 2348 987 2382 <ledit
1009 2359 1160 2389 manus,
1194 2353 1231 2381 et
1256 2347 1497 2381 monasticum
1523 2346 1686 2382 habitum
1713 2350 1768 2382 in-

298 2399 390 2432 duit.
438 2395 670 2431 Theodosius
696 2396 832 2429 salvum
859 2407 941 2429 eum
967 2407 1043 2429 esse
1078 2395 1209 2428 iubens
1236 2394 1536 2430 Thessalonicam
1559 2396 1599 2429 in
1625 2397 1768 2430 exilium

298 2447 382 2491 egit.
444 2444 639 2490 imperavit
676 2443 800 2489 itaque
827 2442 1049 2489 Philippicus
1083 2453 1196 2476 annos
1237 2442 1328 2476 duos
1368 2449 1405 2477 et
1447 2454 1590 2477 menses
1621 2455 1768 2485 novem³

297 2493 476 2528 Artemius
502 2503 635 2526 annum
661 2502 772 2524 unum
804 2497 842 2525 et
866 2502 1007 2524 menses
1033 2496 1117 2524 tres.
1143 2495 1326 2524 caeterum
1347 2491 1421 2524 Leo
1450 2491 1683 2525 orientalium
1712 2504 1768 2526 co-

296 2543 438 2588 piarum
465 2540 551 2582 dux,
579 2539 728 2573 Artemii
756 2538 920 2584 partibus
946 2538 1084 2584 ubique
1112 2539 1362 2584 propugnatis‚
1387 2537 1597 2573 Theodosio
1624 2540 1768 2573 minime

296 2590 440 2636 paruit,
470 2593 509 2622 et
543 2588 582 2621 in
612 2586 768 2620 eundem
805 2597 951 2620 sensum
988 2586 1257 2632 conspirantem
1297 2591 1335 2620 et
1370 2586 1622 2621 auxiliatorem
1646 2587 1768 2621 habuit

295 2635 536 2672 Artabasdum
573 2634 739 2668 Armenia
774 2639 891 2668 ortum
929 2639 967 2667 et
1006 2634 1277 2668 Armenicarum
1318 2633 1525 2668 cohortium
1550 2633 1691 2676 ducem,
1718 2637 1768 2668 cui

297 2687 409 2719 filiam
451 2684 643 2729 coniugem
685 2683 804 2716 locare
843 2682 961 2715 suerat
1004 2682 1206 2728 pollicitus,
1242 2681 1341 2728 quod
1378 2681 1612 2728 postmodum
1646 2694 1768 2718 execu-

298 2741 355 2768 tus
383 2738 450 2767 est.

108 2790 287 2834 28.quss
392 2783 632 2816 Romanorum
660 2778 886 2825 imperatoris
913 2776 1114 2812 Theodosii
1138 2788 1252 2811 annus
1281 2777 1432 2824 primus.
