1786 3204
255 166 271 200 ¹
287 143 362 214 84
805 161 1150 208 THEOPHANJS

243 265 401 325 εἰρήνῃ,
427 265 563 310 πάντα
592 264 643 309 τὰ
675 260 807 322 αὖτῆς
849 264 1146 320 καταλείψασα
1177 264 1224 307 ἐν
1250 265 1299 321 τῇ
1323 262 1423 322 ἁγίᾳ
1449 264 1713 321 Ἀναστάσει,

239 337 522 389 παραθεμένη
550 333 625 376 καὶ
651 335 852 389 Κοῦρκον
886 332 968 376 σύν
995 338 1084 382 τοῖς
1111 333 1271 381 τέκνοις
1300 330 1435 374 αὐτοῦ
1464 333 1521 390 τῷ
1561 331 1715 389 ἀρχιε-

239 398 432 460 πισκόπῳ
457 397 780 456 Ἱεροσολύμων,
807 399 865 450 ὥς
889 402 1078 457 συνεργῷ
1111 399 1220 455 αύτῇ
1240 401 1448 457 γενομένῳ
1476 400 1551 442 καὶ
1578 402 1715 459 πιστῷ

196 469 298 518 (Σείς
327 465 375 509 τὸ
409 469 607 524 ἐκφυγεῖν
629 466 863 524 Ὁνώριχον
886 466 1114 523 Ἀρειανὸν
1142 464 1214 508 τὸν
1241 460 1377 522 ἄνδρα
1406 466 1557 522 αὐτῆς.

22 534 117 569 ΔΜ.
132 537 223 580 5965
356 533 502 593 Τούτῳ
541 535 599 592 τῷ
637 532 720 576 ἔτει
760 535 891 577 Λέων
930 533 951 577 ὃ
976 531 1183 588 βασιλεύς
1214 535 1386 576 Λέοντα
1411 531 1485 576 τὸν
1514 534 1750 589 Ζήνωνος5

235 599 330 644 υἱόν
373 601 450 643 καί
475 599 706 656 Ἀρεάδνης
734 604 808 656 τῆς
839 602 953 650 ἰδίας
981 600 1219 656 θυγατρός,
1263 599 1335 642 τὸν
1361 597 1518 643 ἑαυτοῦ
1545 599 1713 657 ἔγγονον

230 672 411 724 στέψας,
440 670 620 722 βασιλέα
651 668 946 724 α’νηγόρευσεν.
1003 667 1112 722 μετὰ
1148 668 1195 709 δὲ
1223 666 1296 710 τὸν
1320 667 1546 724 Ὀλυβρίου
1578 670 1712 711 θάνα-

228 751 299 778 τον
321 737 395 777 καί
410 735 600 790 Ῥεκᾴιερ
620 737 695 777 καί
708 737 978 790 Μαῖωριίιου,
996 737 1038 777 Γ
1036 737 1230 791 λυκέριος
1256 734 1436 785 Ἰταλίας
1454 735 1713 793 ἀναγορεύε-

183 817 302 851 Βται
327 801 545 857 βασιλεύς,
577 802 685 857 α’νὴρ
715 802 791 844 οῧκ
819 802 1036 856 α’δόκιμος,
1065 800 1114 844 ὃν
1141 805 1262 846 πέντε
1275 806 1414 859 μῆνας
1443 804 1711 860 κρατήσαντα

229 868 495 920 Νεηοτιανός
523 868 757 925 Λαλμάτης
786 869 981 924 ἐκβάλλει
1009 871 1082 926 τῆς
1114 870 1268 926 ἀρχῆς,
1291 870 1366 913 καί
1390 872 1610 926 βασιλεύει
1637 871 1714 915 καί
1729 892 1776 919 ιο

228 936 359 986 αὐτὸς
389 936 540 993 χρόνον
579 935 740 991 ὀλίγον,
777 937 975 991 Ὀρέστου
1008 936 1121 987 τινὸς
1151 936 1428 993 ἐκβάλλοντας
1463 937 1620 994 αὐτόν,
1659 937 1708 983 ὃν

227 1007 378 1054 οἰκεῖος
418 1010 518 1054 παῖς
540 1003 780 1057 Ῥωμύλλος
811 1003 982 1061 ἐπίκλην
1010 1003 1348 1060 Αύγούστουλος
1393 1007 1709 1062 διαδεξάμενος,

226 1073 301 1113 καί
326 1069 404 1113 δύο
442 1071 601 1125 μόνους
644 1066 778 1125 ἄρξας
806 1072 1028 1121 ἐνιαυτούς
1072 1071 1351 1128 αὐτοκράτωρ
1381 1074 1452 1129 τῆς
1479 1076 1524 1117 ἐν
1550 1075 1709 1135 Ἰταλίᾳ

225 1137 448 1193 βασιλείας
479 1140 738 1181 καθίσταται
768 1138 879 1192 μετὰ
904 1136 1001 1197 ‘azy'
1031 1137 1104 1195 ἔτη
1125 1142 1204 1181 τοῦ
1226 1137 1494 1195 Ῥωμύλλου,
1524 1144 1603 1184 τοῦ
1631 1140 1710 1198 τὴν

221 1203 391 1262 Ῥώμην
431 1205 673 1259 κτίσαντος,
700 1207 933 1260 βασιλείας.
1003 1205 1077 1248 καί
1101 1210 1373 1263 σημειωτέον,
1402 1208 1461 1258 ὥς
1491 1207 1574 1250 α’πὸ
1602 1208 1707 1253 Ῥω·
1727 1214 1775 1255 15

223 1270 391 1326 μύλλου
419 1273 443 1328 ἦ
473 1276 546 1327 τῆς
571 1270 752 1330 ἑσπέρας
783 1271 1012 1326 α’κμάσασα
1040 1275 1238 1328 βασιλεία
1267 1274 1393 1317 πάλιν
1423 1277 1496 1318 ἐπὶ
1516 1275 1711 1331 Ῥωμύλ-

225 1343 298 1382 λον
319 1337 425 1393 μετὰ
456 1339 681 1390 τοσούτους
710 1333 927 1383 ἐπαύσατο
953 1339 1154 1396 χρόνους,
1178 1338 1408 1399 Ὀὸόοίκρου
1439 1342 1586 1387 λοιπὸν
1603 1345 1646 1388 Γ
1643 1342 1711 1387 ότ-

225 1409 308 1449 &ov
337 1408 417 1460 μὲν
441 1405 488 1449 τό
522 1407 652 1464 γένος,
683 1409 728 1450 ἐν
750 1408 908 1467 Ἰταλίᾳ
929 1410 975 1450 οὲ
1006 1411 1255 1464 τραφέντος,
1280 1411 1607 1466 χειρωσαμένου
1634 1413 1712 1454 δυ-

93 1481 129 1515 Ρ.
150 1481 211 1515 103
225 1473 350 1529 νάμει
378 1477 623 1534 βαρβαρικῇ
652 1474 731 1533 τὴν
758 1474 919 1533 ἀρχήν,
952 1474 999 1527 ὃς
1028 1475 1107 1533 την
1135 1480 1214 1519 τοῦ
1253 1477 1380 1535 ῥηγὸς
1416 1476 1552 1538 ἐαυτῷ
1591 1496 1710 1537 περι-

321 1639 355 1663 2.
383 1628 556 1674 Βοῦρκον
582 1632 607 1664 Α
635 1631 660 1664 f.
786 1631 820 1676 4.
851 1633 904 1671 εἰς
928 1627 970 1667 τὸ
996 1632 1036 1671 A,
1062 1633 1114 1672 εἰς
1137 1633 1188 1680 τῷ
1213 1633 1309 1679 vulg.
1444 1635 1478 1669 5.
1505 1633 1627 1682 τούτῳ
1653 1634 1706 1682 τῷ

319 1679 361 1714 Α.
387 1679 436 1725 τῷ
466 1681 499 1714 δ’
527 1678 627 1725 αὐτῷ
651 1679 746 1724 vulg.
867 1683 902 1714 6.
928 1677 1131 1726 Ἀριάδνης
1155 1693 1186 1715 a.
1309 1683 1471 1729 ἔγγονον
1496 1682 1537 1724 Α,
1563 1684 1707 1730 ἔγγονα

319 1725 416 1770 vulg.
543 1738 593 1760 11.
618 1728 761 1774 χρόνον
786 1725 856 1763 οὔκ
882 1726 1011 1774 ὀλίγον
1036 1728 1079 1762 A.
1208 1730 1258 1764 13.
1283 1730 1343 1773 τῆς
1369 1732 1409 1766 ἐν
1432 1728 1567 1778 Ἰταλίᾳ
1592 1735 1706 1777 βασι-

321 1774 423 1813 λείας
449 1774 490 1815 Α,
520 1775 561 1811 ἐν
582 1773 738 1814 Ἰταλίας
761 1777 932 1822 βασιλείᾳ
956 1776 1053 1821 vulg.
1179 1787 1230 1822 ¹7·
1255 1776 1458 1817 τοσούτους
1483 1779 1526 1821 A,
1551 1779 1706 1819 τούτους

317 1822 415 1867 vulg.
519 1824 570 1857 18.
596 1818 636 1859 τὸ
661 1827 770 1870 γένος
795 1825 836 1865 A,
862 1825 928 1860 τοῦ
951 1828 1086 1870 γένους
1108 1824 1205 1870 vulg.
1301 1829 1592 1874 χειρωσαμένου
1616 1829 1640 1861 Α
1669 1839 1703 1871 a,

315 1869 603 1919 χειρωσάμενος
630 1873 726 1918 vulg.
834 1883 885 1916 ¹9-
917 1870 957 1912 ὃς
980 1873 1045 1907 τοῦ
1074 1871 1108 1920 ῥ.
1135 1874 1165 1907 Α
1191 1885 1222 1907 e.

225 2012 358 2047 ctionis
385 2013 468 2048 aedi
498 2019 718 2050 testamento
748 2016 896 2058 relictis,
923 2016 1038 2051 Curco
1063 2017 1234 2062 insuper,
1265 2017 1366 2050 cuius
1395 2027 1504 2063 opera
1533 2022 1571 2051 et
1596 2019 1703 2052 auxi-

190 2100 192 2102 ,
225 2061 299 2103 liis,
324 2062 426 2096 velut
455 2062 525 2095 sibi
557 2063 732 2105 fidissimi,
761 2064 844 2097 dum
864 2064 1111 2098 Honorichum
1133 2065 1324 2110 coniugem
1343 2066 1499 2109 fugeret,
1528 2077 1590 2098 usa
1618 2067 1702 2100 fue-

225 2115 293 2150 rat,
320 2121 401 2142 cum
429 2110 556 2144 liberis
583 2112 858 2159 archiepiscopo
877 2113 1211 2158 Hierosolymorum
1245 2113 1521 2155 commendato,
1546 2115 1585 2148 in
1611 2126 1702 2161 pace

225 2158 381 2191 animam
410 2158 552 2193 efflavit.

36 2203 211 2248 A.c.465
319 2205 457 2239 Eodem
494 2218 589 2239 anno
618 2207 690 2241 Leo
715 2207 914 2254 imperator
937 2208 1092 2242 Zenonis
1117 2213 1154 2242 et
1180 2207 1366 2242 Areadnae
1392 2208 1511 2242 filium
1540 2210 1701 2244 Leonem

223 2254 411 2298 proprium
435 2260 607 2299 nepotem
633 2266 766 2289 corona
805 2256 1008 2290 redimitum
1040 2257 1291 2302 imperatorem
1320 2257 1556 2292 renunciavit.
1609 2259 1700 2302 Oly-

223 2300 305 2334 brio
333 2313 439 2343 vero,
474 2303 658 2336 Recimere
698 2309 735 2336 et
759 2305 941 2338 Maior-ino
980 2310 1097 2337 morte
1125 2303 1291 2344 sublatis,
1321 2305 1522 2348 Glycerius‚
1546 2306 1601 2338 vir
1625 2318 1701 2340 non

223 2348 513 2383 contemnendae
541 2350 746 2395 probitatis,
772 2352 897 2385 ltaliae
926 2352 1129 2385 declaratur
1157 2353 1364 2397 imperator.
1426 2364 1508 2386 eum
1535 2354 1701 2400 quinque

221 2408 365 2431 menses
388 2399 544 2443 imperio
573 2400 729 2443 potitum
742 2400 969 2445 Nepotianus
983 2400 1146 2433 Dalmata
1169 2405 1351 2445 potestate
1377 2402 1505 2446 privat,
1525 2413 1594 2434 nec
1620 2402 1700 2447 ipse

224 2444 288 2478 diu
304 2456 345 2479 ea
365 2446 542 2491 dignitate
572 2447 721 2490 potitur,
746 2448 873 2481 Oreste
900 2447 1060 2493 quodam
1083 2459 1163 2480 eum
1185 2447 1314 2481 throno
1339 2448 1570 2490 deturbante,
1590 2461 1700 2495 quem

222 2504 412 2538 germanus
438 2494 535 2527 filius
562 2495 755 2535 Romulus,
796 2496 854 2528 cui
880 2507 1082 2540 cognomen
1107 2497 1352 2539 Augustulus,
1381 2497 1590 2543 excipiens,
1616 2503 1701 2543 post

222 2542 324 2586 regni
349 2553 370 2574 a
395 2542 548 2575 Romulo
575 2543 705 2575 Romae
732 2543 924 2577 fundatore
954 2544 1113 2577 instituti
1133 2544 1235 2577 mille
1262 2550 1446 2579 trecentos
1476 2550 1512 2579 et
1535 2551 1608 2578 tres
1632 2545 1699 2579 a‘n-

221 2601 310 2630 nos,
354 2589 445 2624 duos
476 2591 555 2636 ipse
596 2591 692 2624 solos
719 2592 758 2624 in
795 2592 924 2625 Italiae
950 2592 1104 2636 imperio
1143 2593 1311 2638 princeps
1339 2605 1497 2627 summus
1523 2593 1697 2627 obtinuit.

221 2637 317 2670 illud
341 2649 449 2682 porro
473 2637 752 2680 observandum,
780 2639 879 2684 quod
905 2639 1106 2673 occidentis
1126 2639 1317 2685 imperium
1339 2653 1358 2674 a
1374 2641 1526 2675 Romulo
1550 2642 1698 2674 initium

218 2684 371 2726 habens,
402 2691 504 2721 tanto
526 2692 611 2732 post
628 2692 793 2732 tempore
821 2688 936 2721 altero
957 2687 995 2720 in
1008 2687 1162 2721 Romulo
1188 2688 1346 2723 desierit.
1375 2695 1556 2723 caeterum
1570 2688 1698 2723 Odoa-

219 2744 280 2766 eer
307 2733 465 2768 Gotthus
500 2734 649 2780 quidem
676 2736 976 2778 genere,1talico
1011 2741 1133 2770 tamen
1161 2737 1240 2770 solo
1275 2736 1477 2778 educatus,
1500 2737 1535 2771 vi
1562 2736 1695 2770 barba-

220 2781 291 2814 rina
319 2781 472 2829 imperio
501 2783 574 2816 sihi
600 2782 763 2825 subdito,
790 2789 828 2818 et
853 2785 945 2830 regis
969 2784 1120 2819 nomine
1149 2784 1219 2819 sibi
1245 2791 1442 2833 assumpto,
1459 2787 1695 2832 Romanaque
