1768 3106
270 138 385 198 388
825 160 1174 205 ‘summimus

263 264 609 306 σταντινουπόλει
628 264 789 320 ἐδέχθη
817 261 901 306 ὑπὸ
924 266 1000 308 τοῦ
1029 266 1240 317 βασιλέως
1266 263 1374 316 μετὰ
1399 265 1524 320 τιμῆς
1548 262 1746 320 μεγάλης,

263 332 339 371 καί
365 331 658 386 ἐθριάμβευσε
693 333 887 387 Τιβέριος
916 330 995 381 τὰς
1024 333 1141 380 νίκας
1168 334 1449 388 Mammium
1487 333 1562 374 καί
1589 346 1743 384 προσε-

264 396 419 451 λάβετο
452 397 580 442 αὐτὸν
619 398 816 455 γαμβρὸν
854 400 914 449 εἰς
954 401 1284 441 Κωνσταντίναν
1323 396 1398 454 τήν
1426 397 1580 442 ἑαυτοῦ
1605 401 1742 454 θυγα-

261 465 378 520 τέρα.
436 465 594 519 ὅμοίως
633 468 682 510 δὲ
713 469 788 509 καί
814 468 855 509 Γ
854 466 1024 523 ερμανῷ
1058 466 1118 524 τῷ
1144 468 1363 524 στρατηγῷ
1389 464 1533 519 ἔζευξε
1560 464 1637 522 τήν
1662 470 1742 509 θυ-

261 534 420 587 γατέρα
450 535 587 576 αὐτοῦ
615 533 809 590 Χαριτώ,
840 531 1020 590 ποιήσας
1050 535 1323 590 α’μφοτὲρους
1351 534 1578 589 καίσαρας.
1755 538 1768 578 ξ

381 601 450 659 Τῷ
479 601 520 642 δ’
535 599 779 660 Αὐγούστῳ
807 603 911 658 μηνί
939 599 1005 657 ιδ’,
1034 601 1261 643 ἰνὸίκτιῶνι
1290 601 1349 658 ιε’,
1382 601 1533 659 ᾳαγών
1559 598 1744 656 συκάμι-

260 681 315 709 να
345 666 510 721 πρωϊνοὶ
549 668 782 720 α’ξιοθὲατα
821 669 1136 722 νενοθευμὲνα,
1176 670 1327 724 φθίσει
1364 671 1631 726 περιέπεσεν,
1669 670 1745 711 καί

257 736 424 788 μέλλων
468 732 671 778 τεθνάναι
711 735 1111 790 προσκαλεσάμενος
1141 732 1214 778 τὸν
1251 734 1522 793 πατριάρχην
1550 734 1742 792 Ἰωάννην

120 808 163 843 V.
181 819 245 854 ¹70
259 803 332 844 καί
359 802 436 857 τήν
463 799 695 859 σύγκλητον
725 799 819 857 ἅμα
843 801 1163 857 στρατεύμασιν
1190 805 1235 845 ἑν
1256 805 1312 863 τῷ
1332 806 1641 862 ,τριβουναλὰρ,
1670 803 1745 846 καί

217 869 413 924 cdx-‘hic
440 871 485 912 ἑν
511 871 673 928 φορείῳ
704 872 889 927 λαλῆσαι
930 868 990 926 μὴ
1024 867 1261 923 δυνάμενος
1292 873 1346 912 δι’
1375 872 1743 927 ἐπαναγνωστικοῦ
1760 888 1768 914 1

257 934 308 979 τοὶ
341 939 624 993 συμφέροντα
660 943 748 988 τοῖς
775 939 995 993 πράγμασι
1028 940 1113 981 τῶν
1136 934 1368 991 εΡωμαιίον
1406 941 1467 997 τῷ
1496 938 1583 995 λαῷ
1609 938 1743 980 κατοί-

255 1006 366 1060 ὸήλα
396 1005 644 1061 πεποίηκεν,
689 1005 763 1047 καί
800 1007 1051 1061 Μανρίκιον
1092 1003 1168 1048 τὸν
1197 1003 1309 1047 ἴδιον
1337 1005 1531 1063 γαμβρὸν
1558 1008 1742 1060 βασιλέα

254 1068 556 1127 ἀνηγόρευσεν.
623 1071 795 1116 πάντων
836 1074 885 1115 δὲ
920 1069 1266 1130 εὐφημησάντων
1302 1071 1377 1116 τὸν
1405 1075 1615 1128 βασιλέως
1639 1087 1740 1116 σκο-

253 1137 336 1181 πὸν
372 1138 447 1181 καί
475 1141 727 1194 Μαυρίκιον
762 1139 838 1183 τὸν
882 1142 1084 1198 βασιλέα,
1129 1142 1203 1183 καί
1231 1139 1512 1198 ὑποστρέψας
1546 1142 1741 1198 Τιβέριος

253 1207 299 1249 ἐν
330 1207 381 1265 τῇ
408 1208 499 1265 ἰδία
533 1211 652 1265 κλίνῃ
685 1209 910 1264 τέθνηκεν,
936 1207 1199 1262 βασιλεύσας
1237 1205 1308 1264 ἔτη
1346 1206 1394 1265 γ’,
1426 1211 1567 1265 μῆνας
1611 1205 1636 1250 ι’
1669 1210 1743 1250 καί
1759 1225 1768 1252 1

252 1272 418 1331 ἡμέρας
448 1274 498 1330 η’·

41 1351 242 1398 A.M.6075
356 1338 598 1396 ῘΡωμαίων
625 1344 839 1396 βασιλέως
869 1345 1123 1398 ,Μαυρικίου
1155 1341 1249 1393 ἔτος
1279 1342 1334 1387 α’.

209 1416 242 1451 D
373 1408 520 1469 Τούτῳ
565 1412 626 1468 τῷ
670 1407 755 1452 ἔτει
785 1412 1065 1465 ἐβασίλευσεν
1109 1412 1357 1467 ,Μαυρίκιος
1395 1411 1500 1454 ε’τῶν
1533 1407 1743 1466 ὖποὶρχων

254 1474 337 1534 μγ’,
365 1475 440 1520 καί
466 1479 558 1530 μετ’
585 1477 726 1532 ὀλίγον
752 1477 826 1521 τὸν
853 1482 990 1533 γάμον
1019 1481 1245 1534 πεποίηκεν
1265 1477 1453 1522 Παύλου
1474 1481 1552 1521 τοῦ
1575 1477 1739 1534 πατρὸς

252 1546 393 1589 αὐτοῦ
420 1544 618 1596 ἐλθόντος
645 1546 707 1595 εἰς
732 1544 777 1589 τὸ
811 1545 1073 1603 Βυζάντιον,
1102 1549 1178 1589 καί
1205 1544 1565 1604 παρενύμφευσεν
1586 1547 1768 1603 Mami-2

364 1712 391 1735 ι.
418 1699 492 1737 ὑπὸ
519 1700 586 1737 τοῦ
607 1702 792 1747 βασιλέως
814 1701 842 1735 Α
868 1711 903 1742 a,
927 1698 1003 1737 ὑπὸ
1032 1703 1206 1748 Τιβερίου
1226 1701 1322 1747 vulg.
1421 1713 1455 1748 7·
1479 1695 1635 1748 πρωῖνᾶ
1662 1701 1688 1735 Α
1716 1701 1741 1743 f,

357 1751 517 1797 πρώΐμα
546 1762 577 1790 a,
605 1751 717 1796 πρωὶ·
733 1751 829 1795 vulg.
928 1754 1154 1796 περιέπεσεν
1180 1762 1213 1792 a,
1241 1751 1461 1798 παρέπεσεν
1486 1751 1583 1796 vulg.
1688 1761 1739 1783 ιο.

357 1798 696 1846 ἐπαναγνωσιικοῦ
724 1798 765 1840 Α,
799 1797 1048 1845 ἐπαγνώστου
1076 1798 1174 1844 vulg.
1304 1809 1355 1845 ¹9·
1380 1796 1448 1836 τὸν
1472 1797 1554 1832 add.
1583 1809 1627 1831 ex
1651 1799 1692 1832 Α.

263 1930 331 1964 mis
357 1930 558 1965 honoribus
582 1941 601 1963 a
626 1930 776 1964 Tiberio
803 1936 975 1977 exceptus
1001 1936 1069 1972 est,
1095 1936 1132 1965 et
1157 1931 1202 1964 de
1228 1931 1420 1976 reportatis
1445 1942 1465 1964 a
1491 1930 1667 1965 Mauricio
1685 1931 1739 1964 vi-

260 1979 386 2012 ctoriis
411 1978 582 2013 Tiberius
608 1980 684 2024 egit
712 1979 958 2024 triumphum:
985 1985 1023 2012 et
1056 1979 1295 2013 Constantina
1322 1980 1396 2013 lilia
1425 1980 1458 2012 ei
1486 1979 1608 2013 iuncta
1629 1990 1742 2023 gene-

262 2038 339 2059 rum
366 2027 435 2060 sibi
460 2026 608 2060 ascivit:
645 2027 900 2073 Germanoque
930 2027 1066 2073 pariter
1094 2027 1178 2060 duci
1206 2028 1355 2060 alteram
1375 2027 1500 2068 filiam,
1529 2028 1587 2059 cui
1607 2038 1742 2061 nomen

260 2073 423 2116 Charite,
450 2074 600 2107 locavit:
631 2080 668 2108 et
688 2081 881 2121 utrumque
907 2074 1105 2109 declaravit
1141 2086 1333 2108 caesarem.

359 2121 529 2155 Eiusdem
556 2123 707 2167 Augusti
750 2124 883 2157 mensis
916 2122 975 2156 die
1008 2123 1147 2156 decimo
1174 2129 1322 2168 quarto,
1361 2120 1561 2155 indictione
1599 2121 1742 2156 decima

261 2169 401 2216 quinta,
430 2169 627 2214 degustatis
655 2172 834 2204 matutino
860 2171 1044 2204 ientaculo
1065 2182 1170 2216 supra
1191 2171 1347 2215 speciem
1376 2169 1525 2215 quidem
1551 2170 1673 2215 gratis,
1703 2175 1742 2203 at

259 2229 369 2263 supra
396 2217 542 2250 modum
569 2229 712 2251 omnem
739 2219 877 2252 vitiatis
914 2220 1036 2260 moris,
1064 2218 1236 2252 Tiberius
1261 2218 1300 2250 in
1328 2217 1448 2251 tabem
1474 2217 1617 2252 incidit.
1668 2218 1740 2251 ita-

260 2277 333 2312 que
359 2266 429 2298 iam
466 2265 541 2298 leto
567 2266 719 2307 vicinus,
755 2268 928 2300 Ioannem
957 2265 1195 2312 patriarcham
1232 2271 1473 2312 senatumque
1498 2276 1642 2299 omnem
1669 2277 1742 2299 una

261 2325 342 2347 cum
367 2312 585 2346 exercitibus
611 2314 648 2346 in
674 2313 911 2348 tribunalium
937 2314 1137 2354 advocavit,
1179 2313 1381 2360 lecticaque
1410 2319 1546 2355 vectus,
1573 2325 1652 2346 cum
1676 2324 1743 2359 per

260 2373 299 2396 se
335 2361 511 2408 populum
538 2362 738 2394 Romanum
780 2363 1007 2408 nequivisset
1041 2361 1205 2406 alloqui,
1232 2361 1378 2396 lectoris
1411 2362 1614 2396 ministerio
1643 2373 1742 2402 usus,

262 2420 357 2456 quae
383 2409 431 2442 ad
456 2419 530 2442 rem
555 2408 816 2450 conducerent,
854 2409 1070 2452 declaravit,
1107 2415 1145 2442 et
1169 2409 1382 2444 Mauricium
1415 2410 1601 2456 proprium
1626 2421 1740 2454 gene-

262 2470 341 2492 rum
369 2456 597 2490 renunciavit
621 2456 890 2502 imperatorem,
917 2458 1055 2490 cunctis
1080 2457 1306 2503 imperatoris
1331 2459 1523 2492 consilium
1548 2459 1743 2503 ipsumque

260 2505 480 2541 Mauricium
506 2505 760 2550 imperatorem
786 2505 886 2538 felici
913 2511 998 2539 voto
1027 2505 1297 2551 faustarumque
1323 2517 1452 2540 vocum
1480 2506 1743 2539 acclamatione

262 2552 592 2601 prosequentibus:
631 2551 803 2585 Tiberius
829 2553 975 2598 proprio
1010 2552 1103 2586 lecto
1141 2554 1237 2586 intro
1269 2554 1417 2596 relatus,
1444 2554 1634 2601 expiravit,
1661 2565 1743 2587 cum

264 2613 379 2638 annos
405 2606 491 2641 tres,
530 2610 669 2633 menses
689 2599 812 2633 decem
837 2606 873 2634 et
900 2600 979 2634 dies
1006 2606 1088 2634 octo
1116 2601 1338 2646 imperasset.

74 2653 250 2700 A.C.575
360 2648 529 2683 Mam-icti
558 2648 799 2681 Romanorum
824 2649 1053 2694 imperatoris
1079 2659 1193 2682 annus
1222 2650 1373 2695 primus.

360 2697 440 2730 Hoc
460 2707 557 2730 anno
582 2695 777 2729 Mauricius
819 2707 931 2729 annos
961 2696 1199 2742 quadraginta
1227 2703 1299 2730 tres
1334 2701 1441 2730 natus
1465 2696 1677 2741 imperavit:
1703 2707 1744 2729 ac

265 2745 377 2790 paulo
401 2751 484 2791 post
507 2744 608 2778 Pauli
634 2745 745 2789 patris
775 2746 841 2784 sui,
872 2746 935 2790 qui
965 2743 1031 2777 sub
1059 2744 1097 2777 id
1125 2751 1266 2790 tempus
1299 2745 1508 2788 Byzantium
1536 2743 1742 2785 devenerat,

265 2792 466 2829 celebravit
491 2792 661 2839 nuptias5
688 2792 735 2837 *in
773 2791 904 2839 quibus
937 2791 1097 2834 marites,
1131 2794 1192 2839 qui
1221 2804 1370 2837 magnus
1395 2790 1523 2840 palatii
1557 2791 1742 2828 eunuchus
