1786 3204
232 709 257 742 B

226 1388 254 1422 C

53 1450 148 1488 AM.
160 1454 258 1498 6009

74 2835 116 2872 Α.
127 2835 166 2871 C.
180 2836 251 2883 509

276 171 390 229 250
843 197 1193 241 THEOPHANJS

270 293 504 337 ὑλάκτουν·
577 299 676 338 καθ’
716 293 873 348 ὕπνους
905 301 952 341 δέ
977 315 1040 349 τις
1071 295 1181 342 εἶδέν
1223 315 1319 342 τινα
1351 298 1536 357 φοβερόν
1563 300 1747 354 λέγοντα,

271 352 338 404 ὅτι
367 359 439 404 dui
471 360 569 413 τούς
599 360 979 419 ἆναθεματισμοὺς
1006 369 1079 422 τῆς
1108 365 1292 410 συνόδου
1322 370 1457 412 ταῦτα
1486 365 1719 422 πάσχουσι.

387 432 456 490 Τῷ
481 432 521 473 δ’
554 432 673 489 αὐτῷ
701 430 783 475 ἔτει
811 432 886 475 καί
904 433 1116 491 Ἀρεάδνη
1144 433 1170 490 ἦ
1198 437 1432 489 βασίλισσα
1462 434 1747 491 ἐτελεύτησεν.

269 495 387 541 οἶδὲ
414 499 601 554 μοναχοί
641 502 714 556 τῆς
754 497 914 556 ἐρήμου
955 503 1060 559 θείῳ
1101 501 1211 560 ζήλῳ
1253 502 1491 557 κινούμενοι
1539 502 1751 557 τέσσαρας

269 567 586 622 διαμαρτυρίας
622 567 924 626 συντάξαντες,
973 570 1050 611 δύο
1093 573 1172 624 μὲν
1218 568 1419 625 ἔπεμψαν
1461 573 1522 629 τῷ
1563 573 1786 625 βασιλεῖ,5

268 637 374 689 μίαν
401 636 448 677 δὲ
478 639 564 684 τοῖς
604 631 789 690 ἄρχουσι
818 638 894 691 τῆς
917 635 1078 694 χώρας,
1118 639 1191 680 καί
1217 636 1322 692 μίαν
1350 641 1409 698 τῷ
1438 636 1650 696 ἐπισκόπῳ
1674 636 1750 680 Ἱε-

271 700 520 759 ροσολύμων
560 701 756 761 Ἰωάννῃ,
787 702 1231 761 διαμαρτυρούμενοι,
1276 705 1384 762 μήτε
1434 707 1510 762 τῆς
1548 706 1672 761 ἁγίας
1705 706 1751 748 ἐν

270 770 516 826 Χαλκηδόνι
550 769 736 813 συνόδου
773 774 1046 828 παρεξελθεῖν
1065 807 1079 827 ,
1107 770 1214 827 μήτε
1257 775 1314 832 τῷ
1341 776 1547 828 δυσσεβεῖ
1574 770 1750 831 Σευήρῳ

268 840 526 893 κοινωνῆσαι
547 855 558 867 ·
618 838 712 882 ἐπεὶ
736 839 842 893 πρὸς
867 837 1056 883 θάνατον
1075 838 1255 895 ἑτοιζιιως
1275 840 1463 897 ἔχουσιν,
1492 841 1749 896 ε’μπυρίζον-

267 922 336 957 τες
375 909 449 949 καί
474 905 573 957 τούς
592 903 740 962 ἁγίους
769 907 941 958 τόπους.
999 909 1075 951 τοῦ
1105 910 1152 951 δὲ
1179 909 1411 951 ἐπισκόπου
1439 907 1779 965 Θεσσαλονίκηςι

269 973 340 1016 διὰ
370 973 505 1031 φόβον
542 977 621 1016 τοῦ
657 977 867 1029 βασιλέως
909 974 1240 1031 κοινωνήσαντος
1289 978 1485 1036 Τιμοθέῳ
1527 979 1586 1034 τῷ
1624 979 1748 1019 Κων-

266 1042 651 1090 σταντινουπόλεως
679 1042 900 1102 ἐπισκόπῳ,
921 1044 1234 1100 τεσσαράκοντα
1251 1046 1471 1089 ἐπίσκοποι
1503 1047 1582 1087 τοῦ
1608 1045 1749 1088 Ἰλλυ-

266 1111 388 1164 ρικοῦ
415 1109 489 1152 καὶ
513 1111 585 1166 τῆς
606 1107 806 1161 Ἑλλάδος
833 1110 1108 1162 συνελθόντες
1139 1114 1199 1162 εἰς
1229 1112 1285 1169 ἓν,
1315 1115 1372 1155 δι’
1391 1113 1610 1170 ἐγγράφου
1644 1111 1748 1166 ὁμο-

266 1181 437 1232 λογίας,
473 1176 531 1227 ὥς
574 1176 658 1219 ἀπὸ
691 1179 803 1221 ἰδίου
832 1179 1142 1235 μητροπολίτου
1162 1212 1173 1231 ,
1224 1181 1466 1237 ἀπέστησαν
1500 1181 1571 1223 ἀπ’
1601 1181 1749 1232 αὕτοῧ,

265 1246 340 1288 καί
368 1246 428 1296 εἰς
468 1242 635 1301 ’Ῥώμην
679 1248 953 1300 πέμψαντες,
983 1249 1042 1304 τῷ
1074 1245 1243 1304 Ῥώμης
1272 1253 1490 1291 κοινωνεῖν
1522 1245 1778 1305 ἑγγροὶφωςι

265 1315 508 1356 συνέθεντο.
565 1311 636 1355 τὸν
672 1314 984 1371 Θεσσαλονίκης
1013 1316 1240 1358 ἐπίσκοπον
1273 1315 1496 1372 Θεόδωρος
1534 1313 1748 1373 ἱστορικὸς

268 1379 539 1437 πατριάρχην
566 1378 762 1434 ὀνομάζει
791 1377 967 1437 οἷλόγως,
1004 1381 1062 1439 μη
1093 1382 1217 1435 εἰδώς
1243 1382 1288 1426 τό
1324 1386 1451 1427 διατί.

387 1446 532 1506 Τούτῳ
562 1451 621 1507 τῷ
648 1446 734 1491 ἔτει
758 1444 959 1493 Ἰωάννου
989 1452 1067 1494 ποῦ’
1096 1449 1342 1494 Νικαιαὶτου
1371 1450 1604 1495 ἐπισκόπου
1633 1453 1750 1495 Ἀλε-

268 1517 492 1573 ξανδρείας
521 1515 741 1574 αἱρετικοῦ
770 1517 1072 1576 ἀποθανόντος,
1105 1519 1338 1578 Διόσκορος
1371 1519 1395 1562 ὅ
1424 1520 1578 1578 μικρὸς
1615 1524 1747 1576 Τιμο-

362 1690 394 1725 7.
414 1676 568 1727 Ἰωάννῃ
598 1677 683 1712 add.
711 1691 756 1712 ex
780 1679 819 1713 A.
954 1680 1334 1729 διαμαρτυρούμενοι
1357 1681 1405 1724 Α,
1433 1680 1745 1731 διαμαρτυράμε-

360 1739 423 1764 νοι
438 1727 534 1773 vulg.
615 1739 667 1762 ιο.
691 1728 964 1772 Θεσσαλονίκης
987 1731 1027 1771 Α,
1057 1731 1353 1770 Θεσσαλονικίας
1376 1730 1470 1776 vulg.
1548 1742 1600 1764 ιι.
1623 1730 1746 1777 φόβον

358 1776 400 1817 Α,
430 1774 553 1823 φόβου
579 1776 672 1819 vulg.
821 1788 871 1823 ¹7·
903 1777 1021 1812 διατίε
1049 1778 1087 1811 in
1123 1778 1150 1811 A
1178 1790 1197 1811 a
1216 1790 1249 1812 2.
1276 1790 1384 1812 manu
1423 1778 1514 1813 haec
1538 1777 1744 1813 adduntur:

362 1824 542 1873 ὀνομάζει
566 1821 682 1861 αὐτὸν
709 1822 835 1875 οὕτως.
943 1839 994 1873 ¹9·
1025 1825 1044 1862 ὁ
1073 1823 1209 1875 μικρὸς
1229 1839 1299 1861 om.
1322 1828 1361 1861 A.

264 1962 418 2008 graviter
443 1973 463 1995 a
492 1961 734 1996 daemonibus
757 1963 878 1997 vexati
906 1963 1148 1998 Alexandriae
1175 1965 1400 2011 frequentius
1426 1964 1630 2000 ululabant.
1679 1975 1760 2011 per*-

264 2022 430 2045 somnum
458 2015 579 2044 autem
608 2011 789 2057 quispiam
816 2011 908 2046 vidit
937 2012 1049 2046 alium
1073 2012 1277 2046 horrendae
1305 2014 1440 2060 speciei
1470 2014 1585 2047 virum
1616 2013 1742 2047 ‹licen-

263 2064 358 2093 tem:
385 2059 655 2093 execrationum
680 2060 719 2093 in
745 2060 924 2104 synodum
953 2062 1199 2095 coniectarum
1225 2061 1445 2096 cansa‘haec
1469 2063 1670 2107 patiuntur.

359 2107 436 2141 Hoc
471 2106 599 2140 eodem
627 2119 726 2152 anno,
749 2109 960 2154 imperatrix
993 2109 1159 2143 Areadna
1192 2110 1302 2143 etium
1340 2117 1482 2145 mortua
1516 2115 1581 2143 est.
1633 2121 1741 2155 porro

261 2154 430 2190 monachi
456 2154 599 2189 deserta
634 2156 858 2190 Palaestinae
887 2156 967 2191 loca
994 2157 1242 2191 inhabitantes
1279 2157 1403 2192 divino
1433 2159 1573 2192 fervore
1599 2159 1742 2192 accensi

261 2210 419 2251 quatuor
452 2203 540 2237 fidei
567 2204 716 2249 scriptas
753 2204 947 2239 ediderunt
973 2206 1259 2249 obtestatione33
1297 2217 1448 2252 quarum
1478 2206 1567 2239 duas
1595 2206 1741 2253 quidem

260 2251 307 2286 ad
331 2246 598 2298 ixhperatorem,
626 2251 673 2285 ad
696 2254 904 2298 provinciae
934 2254 1139 2299 praefectos
1162 2266 1280 2295 unam,
1307 2259 1345 2287 et
1373 2254 1520 2288 alteram
1546 2253 1592 2287 ad
1608 2255 1741 2288 Hiero-

261 2301 481 2345 solymorum
519 2300 732 2345 episcopum
771 2301 972 2342 miserunt,
999 2303 1119 2347 palam
1146 2302 1314 2347 professi,
1340 2313 1360 2335 a
1386 2308 1507 2336 sancta
1533 2301 1740 2336 Chalcedo-

260 2349 364 2383 nensi
390 2346 530 2392 synodo
549 2348 761 2382 nullatenus
786 2360 825 2382 se
851 2349 1084 2392 discessuros,
1109 2361 1230 2396 neque
1251 2362 1330 2383 cum
1357 2350 1468 2397 impio
1483 2352 1614 2385 Severo
1644 2363 1743 2384 com·

260 2397 472 2431 munionem
513 2394 727 2438 habituros,
758 2397 1057 2443 (plandoqnidem
1093 2399 1151 2432 vel
1191 2398 1280 2442 ipsis
1306 2400 1413 2432 sacris
1452 2399 1543 2433 locis
1568 2398 1740 2432 incendio

261 2445 468 2490 consumpti
505 2449 658 2478 mortem
693 2443 816 2479 subire
855 2447 973 2492 parati
1002 2447 1132 2480 forent.
1191 2447 1362 2492 episcopo
1387 2458 1472 2482 vero
1501 2446 1741 2481 Thessaloni-

261 2494 360 2528 censi
386 2493 431 2528 ob
460 2493 688 2538 imperatoris
711 2499 848 2526 metum
875 2505 954 2526 cum
979 2494 1170 2528 Timotheo
1197 2494 1351 2540 Cpoleos
1377 2496 1551 2541 episcopo
1580 2507 1743 2529 commu·-

259 2543 408 2576 nionem
442 2545 616 2582 tenente,
643 2540 882 2587 quadraginta
915 2541 1049 2585 Illyrici
1079 2543 1327 2588 Graeciaeque
1360 2544 1523 2591 episcopi
1556 2555 1629 2578 una
1650 2554 1740 2577 con-

262 2591 464 2630 venientes,
490 2588 626 2623 tabulis
653 2589 762 2622 etiam
788 2589 941 2623 testibus
969 2590 1121 2635 professi
1147 2597 1242 2632 sunt,
1269 2591 1314 2624 ab
1343 2603 1399 2634 eo,
1421 2592 1525 2640 veliz
1546 2603 1566 2625 a
1590 2592 1740 2638 proprio

259 2638 518 2685 metropolita,
545 2648 583 2671 se
609 2636 814 2678 discedere,
842 2638 1035 2683 missisque
1065 2639 1207 2672 Romam
1248 2640 1385 2674 tabulis
1416 2640 1567 2674 Romani
1588 2640 1742 2685 pontifi-

260 2688 311 2721 cis
354 2685 647 2721 communionem
684 2685 877 2720 observare
922 2686 1078 2731 polliciti
1124 2693 1218 2721 sunt.
1295 2688 1511 2723 Theodorus
1545 2687 1740 2722 historicus

259 2735 544 2769 Thessalonicae
570 2734 780 2780 episcopum
808 2735 973 2780 appellat
1003 2735 1263 2780 patriarcham:
1292 2737 1354 2770 sed
1380 2737 1484 2771 nulla
1510 2741 1654 2783 prorsus
1682 2747 1741 2769 ra-

264 2785 386 2819 tione:
412 2794 479 2818 nec
507 2794 571 2817 cur
595 2783 647 2816 ita
674 2782 868 2828 scripserit,
898 2783 984 2817 satis
1012 2784 1090 2828 ipse
1117 2785 1229 2818 novit.

358 2832 436 2866 Hoc
473 2842 568 2866 anno
608 2831 745 2866 Ioanne
771 2830 945 2866 Nicaeota
978 2831 1218 2867 Alexandriae
1256 2833 1427 2880 episcopo
1454 2831 1638 2866 haeretico
1665 2832 1738 2867 vita
