1708 3172
501 217 846 259 THEOPHANIS
886 216 1029 258 VITA.
1356 217 1501 257 XXXV

36 331 303 386 παρρησίας·
333 333 375 372 εἰ
401 331 460 385 δέ,
496 327 521 370 ὃ
547 330 658 384 μηδὲ
686 330 942 382 λογίσασθαι
961 329 1098 385 θέμις,
1125 328 1206 384 τὴν
1233 328 1388 370 οἰκείαν
1415 326 1505 382 ἔριν

35 400 109 453 τῆς
147 399 251 451 ἐμῆς
290 394 873 455 ἱκεσιῖιςκπροτιμησάμενὸς,
914 392 1156 449 ὑπερόπτης
1192 397 1272 448 μὲν
1299 394 1373 448 τῆς
1402 395 1507 449 ἐμῆς

36 466 295 520 συμβουλῆς,
323 461 563 519 ὖπερόπτης
609 465 656 504 δὲ
693 465 777 505 τῶν
813 460 1145 517 προτεινομένων
1174 461 1325 519 γενήσῃ
1353 462 1505 516 καλῶν,

36 527 149 574 ἄκων
188 528 528 586 διαπραξάμενος
576 526 684 583 ἅπερ
725 527 832 572 ἑκών
870 530 924 570 ου’
948 527 1110 585 βούλει,
1140 530 1285 587 σαυτῷ
1308 529 1507 583 μεγίστης

0 594 241 654 δαῖσχὺνης
272 599 344 639 καί
372 598 629 649 δυσβουλίας
662 594 736 653 ἔσῃ
762 598 1004 652 παραίτιος.

139 665 190 708 Ὁ
222 667 269 707 δὲ
300 662 520 713 θειότατος
546 666 617 718 τῆς
644 663 846 718 εὐηθείας
880 664 962 704 τῶν
990 663 1223 716 λεγομένων
1252 661 1509 716 έκμυκτηρί-

38 748 118 782 σας
142 730 217 775 τόν
243 729 440 788 εἰρηκότα
456 767 468 787 ,
495 732 678 773 τοιοῖσδε
709 728 844 783 λόγοις
874 725 1096 783 einamma
1122 727 1192 771 τὸν
1222 726 1506 784 πεπομφότα-

37 799 269 856 χρημάτων
288 802 368 852 μὲν
393 800 467 840 καί
492 797 722 854 κτημάτων,
751 797 826 838 καί
852 792 929 838 ὅσα
960 798 1036 850 τῆς
1062 794 1284 851 παρούσης
1304 797 1408 838 ’ἐστι’
1434 811 1511 836 κα-

40 868 93 909 λοὶ
123 868 279 923 βιοτῆς,
310 864 486 915 οὐδενός
513 866 558 907 ἐν
574 866 702 921 χρείᾳ
730 867 990 918 καθέστηκα·
1020 857 1073 904 οὗ
1103 862 1187 917 γὰρ
1216 862 1375 913 νεάζων
1408 858 1512 903 ἅπε-

4 934 247 990 οσεισοέμην
269 931 501 986 δυνάμει·ος
528 934 736 987 χρῆσθαι,
765 934 825 988 τῷ
839 932 1031 986 Χριστοῦ
1056 933 1357 986 κεκρατημένος
1374 927 1511 983 ἔρωτι,

40 1004 130 1050 πῶς
158 997 212 1043 ἂν
252 999 427 1056 γηραιὸς
465 1001 528 1041 ἐπ’
562 997 761 1053 α’θετῆσει
803 999 880 1040 τοῦ
908 999 1176 1051 ποθουμένου
1204 999 1513 1053 προσόέξομαις

42 1069 115 1110 καί
147 1069 281 1110 ταῦτα
321 1068 407 1108 τῶν
446 1069 720 1119 ἐπικειμένων
756 1065 1006 1120 νοσημάτων
1043 1066 1102 1122 τῷ
1140 1062 1308 1118 σώματι
1338 1067 1514 1117 ταχεῖαν

42 1134 287 1188 μηνυόντων
312 1132 387 1188 τὴν
413 1131 560 1184 ἔξοδον
589 1131 662 1174 καὶ
698 1130 774 1187 τὴν
812 1135 955 1186 κτῆσιν
975 1131 1133 1174 τούτων
1156 1134 1348 1184 ματαίαν
1375 1130 1515 1184 ὖπεμ-

44 1201 308 1257 φαινόντων·
367 1201 497 1256 μονῆς
527 1201 575 1242 δὲ
603 1201 675 1240 καί
701 1201 912 1254 συγγενῶν
937 1202 1024 1256 θεῷ
1049 1198 1239 1254 μελήσει,
1269 1192 1300 1256 ᾧ
1329 1197 1404 1240 καὶ
1429 1216 1516 1240 πα-

9 1269 250 1323 5ρατι’θ”ημι
277 1266 464 1319 τούτους,
491 1271 550 1325 τῷ
576 1266 826 1321 κρειττόνως
855 1268 1094 1320 ἐπικουρεῖν
1123 1267 1342 1324 δυναμένῳ
1371 1262 1402 1320 ἢ
1429 1268 1517 1319 βα-

43 1339 175 1384 σιλεῖς
197 1349 244 1376 τε
272 1333 345 1375 καὶ
369 1330 587 1389 ἄρχοντες.
647 1333 688 1374 εἰ
716 1333 764 1374 δὲ
791 1330 928 1380 νόσοις
957 1335 1031 1374 καί
1055 1331 1209 1387 γὴρατι
1240 1331 1519 1387 θαρρυνόμε-

45 1416 128 1456 νος,
161 1403 210 1442 αἵ
233 1416 287 1454 με
322 1403 398 1442 νῦν
425 1402 679 1454 συνέχουσι,
722 1397 1033 1454 μορμολύττοις
1071 1405 1164 1449 ταῖς
1207 1396 1401 1450 ἇπειλαῖς
1447 1398 1522 1441 καί

46 1469 279 1520 δειματοῦν
307 1468 481 1524 ἐθέλεις,
510 1468 703 1522 καθάπερ
735 1465 925 1524 σκυτάλῃ
955 1466 1007 1509 τὰ
1038 1468 1166 1523 ἀγενῆ
1190 1469 1275 1509 τῶν
1289 1469 1521 1521 μειρακίων

47 1533 87 1576 οἱ
115 1537 356 1590 παιᾷευταί,
389 1534 592 1576 ἁπτέσθω
612 1535 740 1590 πυρά,
769 1531 1061 1587 ἑτοιμαζέσθω
1082 1534 1416 1590 στρεβλωτήρια,
1449 1534 1525 1575 καί

0 1620 36 1645 ιο
48 1601 251 1655 πρόθεσιν
280 1600 453 1644 ἅπασαν
482 1603 709 1644 έκνικῶντα
740 1602 814 1643 καί
828 1600 1010 1655 τρόπους
1029 1600 1353 1657 μηχανημάτων
1380 1617 1522 1653 παρα..

51 1671 270 1725 τρέχοντα,
299 1666 412 1718 ὅπως
439 1670 556 1727 εἰδῇς
587 1672 632 1712 ἐν
664 1675 759 1718 ταῖς
787 1669 911 1721 ἐμαῖς
940 1668 1183 1718 ἀσθενείαις
1209 1667 1284 1723 τὴν
1310 1670 1387 1709 τοῦ
1409 1670 1520 1721 Χρι-

45 1738 152 1778 orosi
178 1737 468 1791 τελειουμένην
495 1738 746 1791 σαφέστατα
775 1734 973 1788 δύναμιν.
1040 1734 1171 1785 αὐτὸς
1201 1734 1307 1790 πρὸς
1335 1733 1414 1790 τήν
1442 1752 1521 1776 πυ-

142 1866 176 1900 3.
200 1865 308 1913 βούλῃ
335 1866 411 1899 Par.
531 1867 565 1901 5.
592 1864 831 1910 δυσβουλείας
853 1866 926 1898 Par.

51 1974 227 2020 sequeris.
277 1974 352 2015 sin,
385 1973 485 2020 quod
503 1973 564 2007 vix
587 1975 745 2019 cogitare
778 1973 831 2006 fas
857 1978 933 2014 est,
961 1972 1139 2018 pervicaci
1161 1972 1281 2005 animo
1304 1977 1368 2006 tuo
1395 1982 1520 2017 preces

51 2033 151 2055 meas
174 2020 456 2067 posthabueris,
482 2027 521 2055 et
553 2022 745 2055 consilium
769 2032 888 2053 meum
913 2021 1127 2065 neglexeris,
1160 2031 1202 2053 ac
1227 2031 1320 2066 quae
1340 2020 1409 2054 tibi
1434 2030 1522 2065 pro·

50 2075 247 2115 ponuntur,
271 2069 368 2103 bona
393 2070 503 2103 fueris
527 2075 760 2114 aspernatus,
788 2070 923 2102 invitus
948 2069 1084 2102 faciens
1099 2094 1110 2109 ‚
1148 2079 1242 2114 quae
1264 2067 1391 2101 volens
1416 2078 1523 2100 recu·

50 2129 118 2158 sas,
144 2118 290 2150 maximi
316 2116 385 2151 tibi
409 2118 487 2163 ipse
508 2116 695 2151 dedecoris
720 2128 762 2149 ac
784 2116 1000 2150 calamitatis
1025 2122 1152 2150 auctor
1176 2116 1320 2149 existes.

144 2165 201 2198 Ad
225 2165 317 2198 haec
349 2166 404 2198 vir
430 2164 595 2207 divinus,
631 2170 820 2211 perspecta
858 2163 1037 2198 dictorum
1066 2164 1234 2205 stultitia,
1263 2168 1521 2209 auctoremque

51 2213 218 2253 irridens,
243 2213 295 2247 ita
322 2214 456 2246 nuncio
485 2213 691 2259 respondet.
741 2223 808 2256 ego
835 2223 902 2245 nec
924 2212 1103 2258 pecuniis,
1129 2222 1196 2245 nec
1221 2211 1520 2257 possessionibus,

53 2267 119 2294 aut
143 2261 229 2294 uuis
251 2261 334 2294 aliis
358 2262 455 2294 vitae
478 2259 587 2294 huius
612 2260 719 2294 bonis
745 2259 904 2305 indigeo.
954 2271 1048 2306 quae
1069 2259 1167 2292 enim
1191 2259 1416 2300 adolescens,
1441 2270 1521 2292 cum

52 2309 98 2341 iis
122 2308 193 2341 frui
219 2319 385 2354 possem,
417 2319 541 2342 amore
564 2308 697 2342 Christi
732 2308 974 2341 inflammatus
1008 2306 1217 2353 repudiavi,
1244 2318 1286 2340 ea
1315 2308 1386 2340 iam
1410 2317 1522 2340 senex

52 2355 238 2402 quomodo
262 2357 502 2403 complectar,
538 2367 580 2390 ac
612 2368 693 2390 eum
727 2357 829 2389 cuius
861 2355 1044 2389 desiderio
1081 2361 1229 2395 teneor,
1266 2354 1521 2388 contemnam?

52 2405 266 2449 praesertim
304 2415 386 2438 cum
421 2415 550 2449 corpus
582 2403 720 2437 morbis
759 2404 964 2437 confectum
995 2403 1066 2444 sit,
1091 2408 1133 2436 ut
1158 2403 1258 2436 vitae
1285 2402 1369 2436 finis
1393 2401 1522 2448 procul

53 2451 177 2484 abesse
202 2463 276 2485 non
297 2453 424 2498 possit,
442 2457 479 2486 et
496 2451 587 2485 haec
609 2453 732 2485 inania
756 2462 831 2485 esse
853 2456 1007 2484 constet.
1059 2449 1159 2497 quod
1183 2456 1304 2484 autem
1322 2449 1370 2483 ad
1393 2460 1521 2483 mona-
1571 2449 1578 2453 ”

54 2499 203 2532 sterium
227 2502 524 2546 propinquosque
549 2501 728 2546 pertinet,
751 2499 790 2532 id
818 2498 888 2532 deo
912 2499 982 2532 erit
1007 2510 1124 2540 curae,
1148 2499 1206 2531 cui
1232 2504 1404 2543 utrosque
1420 2508 1521 2530 com-

54 2546 212 2580 mendo:
236 2553 274 2581 et
294 2548 426 2594 quibus
452 2548 541 2581 deus
566 2548 714 2589 melius,
737 2558 844 2593 quam
878 2547 1115 2592 imperatores
1140 2551 1178 2579 et
1201 2547 1405 2591 principes,
1431 2555 1523 2577 con-

54 2594 174 2627 sulere
206 2601 337 2640 potest.
386 2595 487 2641 quod
510 2596 559 2636 si,
593 2594 896 2641 quemadmodum
923 2606 1057 2640 pueros
1081 2605 1208 2639 parum
1229 2603 1421 2637 generosos
1445 2603 1523 2625 ma-

54 2641 154 2685 gistri
179 2643 312 2676 scutica
338 2643 652 2688 perterrefaciunt,
674 2643 727 2676 ita
751 2648 791 2676 tu
804 2654 861 2675 me
875 2641 1001 2675 morbo
1030 2647 1067 2675 et
1090 2646 1279 2675 senectute
1304 2640 1523 2681 confectum,

55 2689 164 2721 minis
195 2690 359 2723 territum
393 2691 437 2724 iri
468 2702 610 2737 speras,
637 2702 742 2735 rogus
767 2690 1008 2730 accendatur,
1046 2695 1224 2723 tormenta
1260 2694 1448 2733 parentur,
1484 2692 1523 2720 et
1578 2689 1581 2691 “

55 2738 177 2770 omnia
202 2738 421 2771 cruciatuum
449 2749 603 2783 genera,
632 2749 749 2784 eaque
778 2737 976 2779 eiusmodi,
1009 2743 1050 2771 ut
1072 2738 1145 2770 vim
1171 2747 1316 2770 omnem
1342 2734 1522 2780 propositi

55 2789 241 2828 superent,
263 2785 550 2831 artificiososque
576 2792 724 2819 cunctos
749 2785 877 2819 modos
902 2785 1098 2827 exeedant;
1123 2790 1164 2818 ut
1180 2785 1269 2817 scias
1296 2783 1521 2829 planissime,

57 2831 191 2865 Christi
214 2832 384 2866 virtutem
406 2834 445 2867 in
468 2834 558 2867 meis
582 2833 853 2868 infirmitatibus
877 2833 1014 2879 perfici.
1063 2843 1130 2877 ego
1155 2832 1217 2877 qui
1243 2832 1281 2864 in
1302 2836 1398 2864 terra
1421 2829 1522 2876 gradi
