1768 3106
257 120 380 198 398
531 166 533 168 ψ
829 140 1178 187 ΤΗΕΟΡΗΛΝΙΞ

260 241 408 298 κύριος
433 243 513 285 τοῦ
539 238 716 298 ἡμιόνου
743 240 821 298 την
850 242 996 300 φωνην
1024 244 1101 286 οὐκ
1138 240 1307 302 ᾔσθετο.
1338 244 1381 288 οἱ
1410 247 1459 290 δὲ
1485 248 1585 291 zani
1615 247 1750 293 ἀκού..

257 326 418 367 σαντες,
447 311 520 352 καί
545 308 647 359 τούς
686 310 914 363 πολεμίους
960 312 1186 367 ἐπιστῆναι
1228 312 1377 364 αὐτοῖς
1413 313 1749 375 ὑπονοήσαντες,

258 380 320 430 εἰς
350 375 776 436 φυγὴνὲτράπησαν,
805 376 948 434 τόρνα,
980 375 1116 434 τόρνα
1140 382 1360 435 μεγίσταις
1378 388 1541 439 φωναῖς
1562 383 1750 441 α’νακρά-

120 449 420 503 V.174C0vtsc.-
447 445 468 487 ὅ
504 446 551 487 δὲ
581 445 781 499 Χαγοίνος
819 443 1008 502 μεγάλην
1039 447 1204 490 δειλίαν
1233 447 1587 507 περιβαλόμενος,
1618 453 1750 507 α’κρα-

216 516 341 565 (ζτῶς
370 512 544 571 ἔφυγεν.
602 515 677 554 καί
703 507 756 567 ἧν
783 513 890 555 ἰδεῖν
926 512 1141 568 Ἀβοίρους
1177 531 1219 557 τε
1246 518 1322 558 καί
1342 516 1585 571 Ῥωμαίους
1617 518 1768 575 dmi-1

257 586 358 632 λους
398 581 809 635 διαδιδράσκοντας,
854 579 1039 636 μηδενός
1083 580 1319 632 διώκοντος.
1388 583 1414 626 ὅ
1453 586 1502 627 δὲ
1549 585 1750 641 Χαγάνος

256 647 487 704 ἀναλαβών
533 646 612 698 τοὶς
653 645 860 701 δυνάμεις
897 646 975 704 τὴν
1016 648 1238 704 Ἀπειρίαν
1265 649 1392 694 πάλιν
1424 653 1746 706 παρεκάθισεν·

252 716 399 771 ,εὑρών
428 717 476 759 δὲ
506 713 686 759 Βούσαν
715 714 790 757 τὸν
827 715 901 771 τῆς
943 713 1108 766 πόλεως
1137 718 1438 775 Μαγγανάρην
1471 719 1635 762 α’νελεῖν
1667 721 1749 763 av'-

255 784 325 828 τὸν
353 786 568 841 ἐπειρᾶτο.
644 781 666 825 ὃ
699 784 748 826 δὲ
770 785 947 833 Βούσας
987 786 1219 839 παρεκάλει
1245 784 1450 842 χρήματα
1478 787 1601 830 ἱκανοὶ
1630 789 1748 846 αὐτῷ

255 855 488 909 παρέχειν,
517 851 638 906 εἴπερ
687 850 733 894 τὸ
781 853 857 910 ζῇν
883 851 1003 910 αὐτῷ
1027 853 1380 908 ιφιλοτιμὴσοιτο·
1452 853 1492 897 οἱ
1519 856 1568 898 δὲ
1595 858 1768 899 τοῦτοντ

255 920 543 976 δεσμήσαντες
572 923 626 978 τῇ
654 919 777 962 πόλει
806 919 1096 975 παρέστησαν.
1127 917 1261 970 αὐτὸς
1288 923 1337 964 δὲ
1366 923 1508 978 ἐζήτει
1538 923 1639 973 τούς
1667 923 1747 979 τὴν

254 987 381 1031 πόλιν
407 990 628 1038 οἰκοῦντας
658 987 913 1044 ὠνήσασθαι
933 986 1078 1044 αὐτόν,
1110 986 1388 1044 διηγούμενος
1421 987 1502 1033 ὅσα
1530 988 1640 1048 ὖπὲρ
1672 995 1748 1047 τῆς

254 1055 420 1107 πόλεως
456 1054 713 1112 ἠγωνίσατο.
782 1058 957 1112 πολίτης
997 1056 1046 1098 δέ
1076 1072 1140 1106 τις
1169 1054 1222 1098 τὰ
1259 1055 1404 1113 πλήθη
1428 1055 1656 1102 ἀνέπειθεν
1682 1058 1743 1115 μὴ

254 1126 385 1167 τοῦτο
414 1129 574 1180 ποιεῖν,
601 1122 720 1179 λόγος
761 1124 810 1166 δὲ
838 1124 987 1166 τοῦτον
1016 1126 1069 1182 τῇ
1097 1122 1246 1181 Boion}
1272 1125 1444 1179 γυναικὶ
1477 1123 1747 1180 παρευνάζε-

210 1195 380 1238 Βσθαι.
440 1192 535 1235 ἐπεὶ
565 1194 706 1235 τοίνυν
733 1190 1030 1249 κατεφρονήθη
1058 1191 1247 1249 Boinag,
1276 1192 1529 1248 ὖπεσχνεῖτο
1556 1191 1746 1253 Χαγάνῳ

257 1259 548 1315 παραδιδόναι
576 1259 653 1315 τὴν
682 1258 817 1302 πόλιν.
875 1260 950 1302 καί
966 1259 1288 1316 πολιορκητικὸν
1312 1257 1494 1317 ὄργανον
1523 1261 1746 1318 συμπηξά-

256 1343 394 1385 μενος,
423 1326 472 1370 ὃν
501 1327 621 1384 κριὸν
653 1327 926 1383 ὀνομάζουσι,
954 1325 1032 1383 τήν
1061 1324 1185 1370 πόλιν
1213 1329 1474 1383 παρέλαβεν.
1530 1328 1748 1383 μαθόντες

258 1399 308 1438 δὲ
336 1395 376 1439 οἶ
413 1394 630 1452 βάρβαροι
667 1393 715 1437 τὸ
749 1392 1074 1451 τεχνούργημα,
1105 1396 1309 1445 πλείστας
1339 1398 1414 1439 καί
1446 1390 1580 1447 ἄλλοις
1606 1394 1748 1448 πόλεις

257 1462 578 1519 ἐδουλώσαντο,
631 1463 705 1507 καί
756 1461 862 1518 μετα
908 1464 1067 1519 πολλῆς
1120 1464 1420 1518 αἰχμαλωσίας
1458 1462 1746 1523 ὑπέστρεψαν.

362 1663 393 1686 ¹·
417 1648 485 1695 ῐῆν
510 1644 647 1697 φωνὴν
674 1648 716 1691 Α,
737 1648 802 1692 ’ῐῆς
824 1649 957 1696 φωνῆς
980 1648 1078 1693 vulg.
1152 1660 1155 1662 ·
1213 1658 1246 1682 2.
1274 1647 1402 1687 αὐτοῖς
1425 1648 1466 1690 A,
1491 1642 1630 1688 αὐτοὺς
1649 1649 1742 1695 vulg,

357 1702 392 1746 4.
421 1699 564 1735 δειλίαν
585 1699 883 1746 περιβαλόμενος
902 1699 944 1738 Α,
969 1695 1156 1743 αἰσχύνην
1178 1696 1493 1744 περιβαλλόμενος
1515 1697 1611 1743 vulg.
1709 1701 1741 1733 5,

353 1746 568 1840 ’Ξὲςειιὶῒιέκ
595 1747 638 1781 Α.
740 1747 793 1781 23.
822 1746 867 1781 τὰ
892 1743 1016 1789 πλήθη
1041 1744 1123 1779 add.
1152 1755 1197 1779 ex
1221 1747 1262 1779 A.
1344 1749 1396 1792 ¹4·
1423 1745 1549 1788 Βουζᾶ
1573 1766 1619 1772 -..
1646 1748 1743 1782 Βου-

263 1967 349 1991 num
377 1955 471 1990 alter
509 1954 627 2001 patria
658 1965 745 1989 voce
784 1954 1024 1995 inclamaret,
1057 1953 1268 2000 sublapsum
1305 1952 1397 1988 onus
1426 1953 1587 1995 tollens,
1610 1958 1741 1996 torna,

262 2011 393 2047 torna,
417 2004 551 2045 frater,
577 2003 765 2049 inquiens:
795 2002 884 2036 muli
927 2002 1076 2049 quidem
1114 2002 1282 2036 dominus
1315 2013 1439 2036 vocem
1468 2014 1543 2036 non
1581 2002 1742 2045 audivit3

262 2052 328 2086 sed
368 2052 572 2099 percipiens
615 2063 693 2086 eam
745 2057 783 2086 et
821 2051 944 2085 hostes
990 2050 1115 2085 adesse
1153 2051 1341 2097 suspicans
1380 2050 1545 2084 conferta
1585 2051 1741 2084 militurn

262 2111 390 2134 manus
433 2101 471 2133 in
507 2100 625 2145 fugam
669 2102 780 2133 effusa
823 2106 898 2141 est,
947 2105 1072 2141 verte,
1120 2105 1222 2133 verte
1272 2099 1424 2139 faciem,
1458 2098 1597 2142 magnis
1643 2099 1743 2132 voci-

263 2149 332 2191 bus
367 2149 605 2182 clamitantes.
655 2148 719 2182 sed
755 2148 1006 2193 et'Chaganus
1040 2149 1079 2182 in
1119 2148 1313 2180 maximum
1354 2146 1518 2180 timorem
1545 2147 1743 2187 coniectus,

263 2197 503 2243 praecipitem
528 2198 667 2241 pariter
693 2197 849 2242 arripuit
877 2195 1021 2241 sugam:
1062 2195 1155 2229 adeo
1184 2200 1225 2227 ut
1259 2195 1437 2228 Romanos
1465 2200 1576 2241 atque
1605 2195 1742 2229 Abares

262 2244 367 2278 nullo
393 2244 609 2290 insequente
638 2246 809 2290 utrinque
836 2254 915 2278 sese
941 2243 1122 2289 fugientes
1150 2253 1296 2276 cernere
1332 2242 1490 2276 daretur.
1517 2255 1623 2288 porro
1644 2243 1741 2276 Cha-

263 2303 376 2337 ganus
405 2292 568 2326 collectis
607 2293 721 2337 copiis
757 2293 917 2338 Apiriam
951 2292 1077 2325 urbem
1114 2290 1236 2324 denuo
1263 2288 1421 2324 obsedit.
1473 2295 1511 2325 et
1538 2302 1618 2324 cum
1648 2291 1742 2325 sorte

234 2343 389 2385 ⁹Busam
417 2340 515 2374 urbis
543 2340 719 2374 machinis
756 2341 983 2386 praefectum
1019 2339 1198 2385 cepisset,
1236 2344 1388 2372 mortem
1415 2340 1491 2372 viro
1518 2339 1739 2373 intentabat.

260 2389 384 2429 Busas‚
410 2388 440 2422 si
465 2387 575 2421 modo
599 2389 708 2422 vitam
735 2388 774 2421 in
800 2393 881 2421 tuto
908 2387 1074 2427 haberet,
1098 2397 1226 2431 magna
1251 2387 1488 2432 pecuniarum
1510 2387 1546 2420 vi
1575 2398 1654 2420 eam
1682 2398 1741 2421 re-

260 2436 397 2471 dimere
422 2435 582 2481 rogabat.
634 2446 744 2482 quare
774 2436 932 2469 vinctum
960 2435 1006 2469 ad
1031 2434 1129 2468 urbis
1152 2441 1384 2480 conspectum
1409 2435 1660 2469 admoverunt.
1711 2436 1742 2469 is

259 2486 369 2531 igitur
395 2484 584 2524 enarratis,
613 2483 746 2529 quibus
787 2484 969 2517 civitatem
995 2483 1244 2524 ‹hemer-uisset,
1277 2483 1478 2525 beneficiis,
1505 2484 1599 2516 cives
1625 2483 1741 2517 ut‘li-

259 2533 413 2567 bertatis
441 2532 597 2579 pretium
625 2530 831 2577 penderent
853 2531 1052 2577 deprecari.
1103 2542 1149 2564 ne
1185 2543 1308 2576 preces
1333 2531 1515 2573 audirent,
1541 2531 1629 2565 civis
1654 2532 1742 2577 qui-

261 2581 356 2621 dam,
381 2581 440 2615 cui
481 2591 562 2614 cum
585 2581 699 2613 Busae
734 2580 888 2624 coniuge
925 2579 1230 2613 consuetudinem
1256 2579 1368 2614 fuisse
1395 2591 1514 2613 rumor
1539 2585 1628 2621 erat,
1654 2590 1743 2625 per-

261 2630 389 2664 suasit.
417 2640 525 2675 porro
550 2629 659 2662 Busas
685 2626 749 2660 ubi
774 2638 812 2661 se
837 2632 1085 2673 contemptum
1112 2627 1215 2669 vidit,
1245 2628 1372 2661 urbem
1401 2627 1571 2672 Chagano
1602 2638 1640 2660 se
1666 2632 1743 2660 tra-

260 2677 421 2711 diturum
445 2677 631 2722 promisit:
671 2681 934 2722 compactaque
959 2675 1183 2710 obsidionali
1222 2675 1402 2717 machina,
1428 2675 1559 2720 vulgus
1587 2675 1740 2709 arietem

259 2731 376 2766 vocat,
402 2725 529 2759 urbem
555 2724 706 2758 invadit.
771 2723 960 2758 machinae
999 2722 1210 2757 condendae
1235 2724 1369 2770 peritia
1398 2724 1564 2758 instructi
1593 2722 1739 2757 barbari

260 2774 385 2820 plures
409 2773 498 2807 alias
525 2772 631 2807 urbes
658 2778 922 2820 expugnarunt,
962 2772 1190 2818 collectaque
1228 2773 1450 2819 captivorum
1468 2771 1606 2818 ingenti
1632 2782 1739 2817 prae-
