1768 3106
248 146 362 212 340
797 168 1147 210 THEOPHANJS

245 263 379 308 εἰκόνι
425 269 501 309 τοῦ
529 270 722 323 σωτῆρος
749 264 903 310 ἑαυτὸν
934 268 1183 323 παρεστῶτα
1202 304 1213 323 ,
1242 267 1314 309 καί
1338 266 1443 314 λαὸν
1472 268 1723 323 παρεστῶτα

222 334 386 391 ,αὐτῷ’
455 333 528 376 καί
569 334 689 390 φωνὴ
733 337 875 389 γέγονε
912 337 957 376 ἑκ
1003 336 1080 377 τοῦ
1108 337 1377 391 χαρακτῆρος
1414 336 1492 377 τοῦ
1532 333 1722 388 μεγάλου

243 401 350 442 θεοῦ
377 402 452 443 καί
474 404 665 457 ’σωτῆρος
692 399 811 457 ἡμῶν
838 403 977 456 Ἰησοῦ
992 405 1185 458 Χριστοῦ
1216 405 1426 458 λέγουσα·
1460 399 1555 444 δότε
1584 403 1721 444 Mav-

240 469 386 522 ρι’κιον.
417 470 490 511 καί
515 468 801 525 κρατήσαντες
831 468 963 511 αὐτὸν
997 469 1037 512 οἱ
1066 469 1185 526 δίκης
1213 470 1422 525 ὑπηρέται
1451 471 1723 524 παρέστησαν

239 537 298 594 τῷ
328 537 538 593 πορφυρῷ
567 537 766 594 ὀμφαλίῳ
797 538 856 593 τῷ
886 538 1035 579 ἐκεῖσε.
1068 539 1143 579 καί
1169 535 1254 594 ἔφη
1271 535 1374 592 πρὸς
1405 533 1534 579 αὖτὸν
1563 532 1590 590 ἦ
1621 535 1760 581 θειά5

242 600 390 659 φωνή·
457 604 542 645 ποῦ’
583 603 726 653 θέλεις
768 602 968 646 ἀποδόσω
1006 620 1106 657 σοι,-
1147 598 1255 661 uide,
1287 600 1316 659 ἦ
1361 606 1407 646 ἑν
1441 604 1499 662 τῷ
1529 605 1724 663 μέλλοντι

238 673 385 725 αἰῶνις
414 671 434 714 ὅ
465 673 512 714 δὲ
540 670 740 728 οἰκούσας,
769 669 876 728 ἔφη·
945 670 1226 728 φιλάνθρωπος
1260 674 1460 724 δέσποτα,
1490 670 1722 724 δικαιοκρί-

237 757 304 793 τα,
334 734 419 782 ὦδε
448 741 634 796 μᾶλλον,
673 736 704 795 ἢ
733 742 778 782 ἐν
815 740 876 798 τῷ
913 743 1107 794 μέλλοντι
1150 739 1290 783 αἰῶνι.
1348 739 1423 781 καί
1448 739 1666 781 ἐκέλευσεν
1697 736 1723 791 ἡ

236 810 338 850 θεία
367 805 487 864 φωνή
523 808 756 862 ἐκδοθῆναι
784 809 1035 864 Μαυρίκιον
1071 807 1146 849 καί
1172 805 1249 862 τὴν
1277 812 1456 862 γυναῖκα
1486 806 1623 848 αὐτοῦ
1649 807 1724 846 καί

237 873 289 917 τοὶ
326 877 473 930 τέκνα,
504 872 580 917 καὶ
615 875 757 917 πᾶσαν
786 872 865 930 τήν
894 875 1141 929 συγγένειαν
1180 874 1317 916 αὐτοῦ
1348 874 1479 930 mmm}
1507 873 1566 930 τῷ
1593 888 1720 927 στρα-
1738 888 1768 914 ιι

105 947 139 980 P.
156 948 224 991 240
238 939 380 1000 τιιότῃ.
437 943 706 992 διυπνισθείς
735 937 811 984 οὖν
825 943 1082 995 Μαυρίκιος
1103 940 1177 984 καί
1202 943 1384 990 καλέσας
1411 938 1483 983 τὸν
1512 955 1720 995 παρακοι-

233 1009 429 1063 μιόμενον
462 1010 610 1067 αὐτοῦ,
638 1010 857 1052 α’πέστειλε
884 1007 992 1066 πρὸς
1026 1006 1284 1052 Φιλιππικὸν
1320 1007 1395 1052 τὸν
1421 1006 1613 1064 γαμβρὸν
1642 1002 1721 1048 αὗ-

96 1080 314 1129 v.·9=wfi
341 1079 386 1120 έν
414 1078 584 1134 σπουδῇ
623 1078 797 1132 α’γαγεῖν
843 1075 976 1119 αὐτὸν
1005 1075 1108 1134 πρὸς
1147 1074 1222 1119 τόν
1262 1077 1461 1130 βασιλέα.
1520 1073 1720 1117 α’πελθών

236 1145 285 1186 δὲ
321 1143 345 1186 ὅ
390 1146 772 1200 παρακοιμώμενος
818 1143 1017 1187 ἐκάλεσεν
1057 1140 1202 1186 αὐτόν.
1278 1143 1301 1184 ὅ
1351 1144 1399 1184 δὲ
1428 1142 1617 1198 ἐγερθείς
1645 1143 1721 1183 καί

233 1210 632 1268 προσκαλεσάμενος
677 1210 756 1267 τὴν
802 1209 963 1254 ἑαυτοῦ
1004 1217 1186 1266 γυναῖκα
1228 1208 1448 1266 ἠσπάσατο
1482 1207 1768 1265 autemst-1!

233 1296 340 1336 γων·
397 1279 553 1332 σώζου,
583 1277 734 1336 γύναι,
765 1281 843 1321 οὐκ
887 1277 951 1321 ἔτι
992 1282 1047 1333 μὲ
1089 1282 1281 1335 θεωρεῖς.
1351 1277 1377 1334 ἦ
1413 1279 1459 1320 δὲ
1491 1277 1719 1332 ἀνέκραξεν

223 1338 340 1402 ’μετὰ
367 1350 597 1400 κλαυθμοῦ
639 1348 764 1404 φωνῇ
801 1345 960 1404 μεγάλῃ
990 1345 1097 1402 πρὸς
1129 1345 1198 1389 τὸν
1237 1342 1621 1400 παρακοιμώμενον
1651 1347 1718 1386 λέ-

233 1431 397 1470 γουσα·
428 1414 544 1470 ὅρκῶ
564 1429 612 1457 σε
644 1413 751 1456 κατοὶ
781 1415 857 1455 τοῦ
883 1415 1001 1471 θεοῦ,
1029 1416 1075 1456 τί
1094 1415 1182 1456 ἐστι
1211 1412 1256 1455 τὸ
1288 1414 1478 1469 πρᾶγμα,
1508 1413 1561 1454 δι’
1590 1408 1615 1452 ὃ
1647 1413 1717 1466 ζη-

218 1488 304 1524 ,τεῖ
327 1479 462 1524 αὐτὸν
500 1483 555 1539 τῇ
593 1476 685 1539 ὥρᾳ
727 1480 889 1538 ταύτῃ,·
918 1480 940 1522 ὅ
972 1483 1020 1523 δὲ
1048 1480 1299 1535 ἐπωμόσατο
1329 1481 1523 1535 ἀγνοεῖν,
1552 1479 1626 1520 καί
1654 1473 1718 1520 ὅτι

235 1551 454 1606 αἰφνίδιον
482 1550 527 1601 ἐξ
555 1545 690 1592 ὕπνου
724 1547 915 1598 ἀναστὰς
945 1547 967 1589 ὃ
997 1546 1200 1603 βασιλεύς
1231 1548 1455 1590 ἀπέστειλέ
1483 1562 1554 1600 με.
1616 1543 1638 1587 ὅ
1671 1546 1718 1586 δὲ
1732 1561 1768 1586 2(

196 1609 495 1666 ΒΦιλιππικὸς
530 1615 718 1674 ᾐτήσατο
760 1619 1039 1672 μεταλαβεῖν,
1082 1618 1156 1659 καί
1183 1612 1318 1666 οὕτως
1350 1612 1478 1673 ἀπῄει
1509 1612 1615 1670 πρὸς
1643 1611 1718 1656 τὸν

335 1789 368 1832 ί..
397 1788 503 1831 δίκην
528 1789 556 1822 Α
583 1799 602 1821 a
631 1799 662 1821 e.
809 1790 842 1824 8.
878 1786 972 1836 ἢμὴ
998 1788 1039 1825 ἐν
1068 1788 1105 1821 Α.
1262 1798 1313 1820 ιι.
1345 1781 1413 1823 οὖν
1437 1786 1479 1826 A,
1506 1784 1547 1820 δὲ
1572 1782 1591 1820 ὁ
1618 1784 1715 1829 vulg.

338 1838 388 1871 16.
414 1836 530 1884 γύναι
556 1848 625 1870 om.
654 1837 682 1887 A
710 1835 733 1869 s.

237 1985 332 2021 quae
360 1975 405 2008 acl
435 1980 574 2021 portam
603 1986 744 2008 aeream
761 2001 773 2016 ,
797 1981 834 2008 et
856 1974 998 2008 turbam
1025 1975 1213 2008 maximam
1235 1974 1327 2007 circa
1345 1985 1383 2007 se
1408 1973 1620 2007 collectam:
1649 1984 1717 2005 vo-

236 2035 312 2056 cem
339 2035 424 2057 vero
452 2035 497 2056 ex
524 2024 646 2067 magni
672 2023 733 2056 dei
760 2028 798 2056 et
825 2024 1018 2056 servatoris
1045 2023 1160 2056 nostri
1194 2023 1275 2056 Iesu
1306 2021 1440 2056 Christi
1477 2020 1591 2064 effigie
1630 2032 1716 2065 pro-

237 2070 409 2104 deuntem
450 2071 590 2104 audiri:
645 2070 836 2118 producite
864 2072 1100 2104 Mauricium:
1141 2081 1223 2103 mox
1258 2081 1344 2103 vero
1370 2067 1671 2113 comprehensum
1697 2080 1718 2101 a

236 2117 364 2152 iudicii
390 2120 564 2152 ministris
591 2118 637 2152 ad
660 2118 954 2165 porphyreticum
983 2119 1196 2152 umbilicum
1220 2117 1360 2150 ibidem
1379 2116 1532 2160 positum
1560 2116 1716 2149 stetisse.

237 2171 314 2199 tum
339 2165 387 2198 ad
416 2177 496 2198 eum
524 2166 647 2200 divina
675 2179 764 2200 vox:
796 2167 857 2199 ubi
891 2168 956 2206 vis,
977 2167 1119 2211 inquit,
1150 2165 1220 2199 tibi
1250 2177 1316 2210 pro
1345 2163 1516 2210 operibus
1538 2163 1718 2197 retribui?

236 2225 323 2247 num
350 2213 422 2255 hic,
446 2214 507 2246 vel
531 2215 569 2247 in
594 2215 717 2248 futuro
744 2214 914 2247 saeculo?
940 2214 996 2247 his
1022 2214 1180 2254 auditis,
1206 2211 1409 2257 responde:
1457 2211 1718 2245 humanissima

238 2261 399 2302 domine,
429 2261 543 2294 iudex
567 2262 799 2309 aequissime,
829 2261 888 2295 hic
916 2267 1014 2296 certe
1037 2262 1172 2308 potiu5‚
1205 2272 1314 2306 quam
1337 2260 1376 2293 in
1405 2261 1528 2294 futuro
1557 2259 1715 2293 saeculo.

237 2309 303 2342 illa
330 2310 456 2354 itaque
481 2309 604 2342 diviua
631 2322 701 2343 vox
725 2310 955 2350 Mummium,
983 2316 1020 2343 et
1049 2310 1126 2343 eius
1154 2319 1312 2350 uxorem,
1339 2307 1486 2350 liberm,
1512 2313 1550 2341 et
1574 2318 1718 2341 omnem

238 2358 315 2391 e-iu's
342 2358 546 2402 prosapiam
569 2356 710 2391 Phocae
736 2357 845 2390 militi
875 2357 971 2390 tradi
994 2357 1112 2391 iussit.
1164 2356 1303 2389 excitus
1329 2368 1349 2388 a
1374 2367 1500 2389 somno
1519 2355 1718 2389 Mauricius

237 2411 405 2438 vocatum
444 2403 489 2437 ad
517 2415 555 2438 se
597 2404 842 2438 accubitorem
866 2404 1111 2451 Philippicum
1149 2415 1319 2448 generum
1354 2403 1570 2450 quantocius
1596 2414 1718 2437 accer-

237 2452 390 2487 sendum
425 2453 592 2498 imperat.
655 2452 840 2498 profectus
878 2453 1067 2486 accubitor
1095 2451 1211 2485 virum
1237 2458 1352 2486 vocat.
1412 2451 1477 2485 ille
1505 2462 1631 2485 somno
1656 2462 1719 2484 ex—

237 2512 356 2543 cusso,
383 2501 573 2545 coniugem
600 2499 709 2533 etiam
737 2499 884 2540 excitat,
923 2506 960 2533 et
985 2501 1140 2533 salutem
1177 2500 1299 2532 osculo
1327 2505 1517 2545 precatus:
1544 2499 1638 2539 vale,
1663 2499 1719 2531 in-

238 2549 332 2594 quit,
359 2549 503 2590 coniux,
530 2559 626 2581 nunc
654 2548 783 2581 ultimo
813 2558 870 2580 me
894 2547 1007 2582 vides.
1058 2547 1123 2580 illa
1147 2548 1266 2591 magni
1290 2548 1447 2581 eiulatus
1471 2558 1558 2580 voce
1588 2546 1634 2580 ad
1660 2558 1720 2580 ac·-

237 2597 441 2630 cubitorem
480 2595 705 2630 exclamans:
743 2594 907 2629 obtestor
933 2600 988 2636 te,
1014 2596 1085 2636 ait,
1111 2607 1176 2640 per
1204 2595 1333 2636 deum,
1371 2594 1546 2641 quidnam
1576 2594 1628 2628 rei
1654 2600 1720 2633 est,

238 2643 340 2690 quod
363 2645 478 2678 virum
502 2644 569 2677 hac
597 2642 687 2676 hora
716 2643 862 2688 quaerit
885 2642 1118 2689 imperator?
1167 2642 1318 2677 affirmat
1344 2643 1408 2676 ille
1435 2641 1658 2676 iusiurandis
1683 2653 1722 2674 se

236 2693 420 2726 nescium:
446 2698 589 2727 tantum
627 2689 671 2724 de
711 2696 861 2737 repente
890 2703 910 2724 a
949 2702 1075 2725 somno
1100 2690 1195 2724 liber
1219 2692 1419 2737 imperator
1443 2690 1658 2731 exsurrexit,
1683 2695 1722 2722 et

234 2751 291 2773 me
318 2739 389 2773 huc
411 2740 521 2774 misit.
549 2738 771 2785 philippicus
795 2737 1034 2773 eucharistiae
1062 2739 1295 2784 recipiendae
1322 2739 1496 2772 facultate
1524 2738 1651 2784 petita,
1677 2747 1719 2769 ea

233 2788 433 2822 instructus
459 2787 504 2821 ad
529 2788 785 2834 imperatorem
823 2787 951 2833 pergit.
1015 2797 1105 2821 uxor
1130 2793 1251 2821 autem
1278 2787 1356 2821 eius
1393 2785 1526 2821 Gordia
1552 2785 1718 2832 querula,
