1768 3106
256 151 367 208 552
807 169 1156 212 THEOPHANJS

251 272 328 329 κα’,
357 275 433 316 καί
459 275 682 329 χειροῦται
709 272 812 323 τούς
840 272 1088 328 τυράννους,
1117 272 1191 313 καί
1218 270 1456 313 ἀποκτείνει
1472 267 1554 312 «τὸν
1576 263 1726 322 Ἀβδε-

209 342 329 383 ὓλᾶν
353 339 448 384 υἱὸν
478 344 647 397 Ζουβὲρ
677 339 752 383 καί
781 339 993 395 διάδοχον.

40 407 133 444 Ᾰ-Μ.
146 411 241 457 6176
360 407 556 462 Ἀράβων
571 408 769 465 α’ρχηγοτῖ
782 408 1026 462 Ἀβιμέλεχ,
1048 402 1536 453 Κωνσταντινουπὸλεως
1555 400 1728 446 ἐπισκό-

251 490 334 518 που
366 473 596 531 Θεοδώρου
634 473 727 524 ἔτος
755 474 806 516 α’.

369 541 512 601 Τούτῳ
548 544 607 599 τῷ
646 540 730 584 ἔτει
767 543 930 596 ἐγένετο
974 539 1122 595 λοιμὸς
1166 542 1240 582 καί
1274 535 1507 581 θανατικόν
1544 537 1654 591 μέγα
1684 537 1767 578 ἑν5

236 610 389 670 ,Συρίᾳ
417 611 491 651 καί
515 610 742 663 Ἀβιμέλεχ
774 607 979 665 ἐκράτησε
1006 610 1085 651 τοῦ
1111 605 1278 656 ἔθνους.
1335 608 1419 648 τῶν
1447 606 1496 648 δὲ
1523 604 1732 659 Μαρδαϊ-

252 678 337 718 τῶν
365 677 672 730 ἐπιτιθεμένων
709 681 798 726 τοῖς
827 678 977 730 μέρεσι
1015 676 1092 718 τοῦ
1122 673 1329 731 Λιβάνου,
1354 672 1428 716 καί
1455 672 1609 725 λοιμοῦ
1640 672 1731 712 ἐπι-

254 744 532 800 κρατοῦντος,
571 741 593 784 ὅ
626 742 757 793 αύτὸς
786 743 1015 798 ’Λβιμέλεχ
1053 741 1132 798 τὴν
1162 744 1234 785 ε’πί
1262 743 1444 785 Μαυΐου
1476 741 1732 796 ζητηθεῖσαν

252 807 418 866 εἰρήνην
459 810 662 866 αἰτεῖται,
690 811 940 859 ἀποστείλας
970 812 1170 865 πρέσβεις
1200 808 1305 865 πρὸς
1337 807 1406 852 τὸν
1433 807 1628 862 βασιλέα,
1655 802 1733 854 τὰς

122 888 234 923 Ρ.3οι
256 875 389 927 αύτὰς
418 875 493 928 τξέ
521 877 722 932 χιλιάδας
755 883 832 919 τοῦ
859 880 1027 933 χρυσοῦ
1072 876 1343 930 νομισμάτων
1381 873 1637 927 συνθέμενος
1664 887 1764 914 τε-ι

254 948 354 999 actv,
382 947 456 987 καί
481 944 579 995 τοὺς
597 944 674 996 τξέ
705 944 898 1000 δούλους,
927 945 999 986 καί
1026 942 1179 998 ὁμοίως
1196 943 1379 998 εὐγενεῖς
1409 945 1564 991 ἵππους
1594 939 1686 992 τ’ξέ.

43 1022 241 1067 A.M.6177
372 1009 517 1070 Τούτῳ
547 1014 603 1070 τῷ
631 1010 714 1055 ἔτει
745 1009 965 1068 άνεπαύθη
1004 1010 1027 1052 ὅ
1060 1011 1237 1066 εὐσεβὴς
1264 1009 1469 1065 βασιλεύς
1499 1011 1732 1052 Κωνσταν-

254 1084 367 1128 τῖνος
394 1079 611 1136 κρατήσας
646 1077 721 1136 ἔτη
753 1076 817 1134 ιζ,
857 1081 932 1122 καί
964 1079 1238 1133 ἐβασίλευσεν
1263 1074 1560 1126 ’[ουστινιανὸς
1588 1072 1610 1117 ὅ
1640 1073 1734 1125 υἱὸς

299 1144 310 1158 ,
370 1146 389 1156 ..

204 1167 208 1170 ·
254 1160 405 1187 αυτου.

361 1210 520 1255 Ἰστέον
560 1207 625 1256 ὅτι
659 1211 799 1267 μάτην
843 1213 1044 1267 ληρωδῶς
1095 1211 1344 1269 φλυαροῦσί
1379 1226 1489 1260 τινες
1523 1211 1708 1264 λέγοντες
1720 1223 1765 1262 ,ι

254 1277 361 1333 μετά
388 1279 580 1334 τέσσαρα
620 1277 692 1335 ἔτη
720 1281 935 1334 γεγονέναι
974 1278 1076 1330 τούς
1111 1283 1212 1333 παρ’
1245 1279 1389 1329 αὐτοῖς
1419 1278 1736 1334 φημιζομένους

214 1348 332 1401 Βτῆς
360 1345 478 1401 ἕκτης
506 1344 694 1389 συνόδου
731 1346 1042 1403 κεφαλαιώδεις
1080 1345 1256 1395 τύπους.
1334 1345 1392 1396 ὥς
1430 1344 1510 1401 γάρ
1559 1347 1604 1387 ἐν
1630 1345 1734 1386 πᾶσι

120 1421 244 1465 ναίω
257 1414 622 1469 ψευδηγοροῦντες
647 1414 913 1469 ἐλέγχονται,
943 1409 1263 1456 ἀποδείκνυνται
1292 1416 1365 1456 καί
1393 1413 1438 1454 ἐν
1466 1411 1627 1461 τούτοις
1655 1428 1736 1466 μη-

259 1482 331 1522 δὲν
359 1481 516 1535 ἀληθὲς
545 1482 747 1535 λέγοντες.
819 1479 845 1537 ἦ
886 1481 968 1538 γάρ
998 1478 1178 1536 άκριβὴς
1211 1478 1391 1535 χρονικὴ
1422 1480 1736 1534 οἷποσημείωσις

258 1546 333 1602 την
374 1545 483 1589 κατὰ
525 1549 610 1590 τῶν
641 1549 941 1604 μονοθελητῶν
984 1547 1110 1603 ἇγιάν
1137 1546 1430 1603 οἰκουμενικήν
1459 1550 1577 1602 ἕκτην
1607 1546 1768 1590 ‹nivo-2

360 1681 412 1703 ιο.
440 1665 558 1709 αι’-τὰς
582 1670 666 1705 add.
692 1682 736 1705 ex
753 1673 794 1705 Α.
927 1673 1147 1720 νομίσματα
1180 1671 1209 1706 Α
1235 1672 1260 1705 f.
1390 1680 1441 1704 ια.
1467 1671 1666 1714 α’νεπαύθη
1694 1670 1735 1712 A,

353 1715 499 1762 ἅνεπάη
523 1719 622 1764 vulg.
749 1722 800 1756 15.
824 1719 950 1768 μάτην
974 1731 1044 1754 om.
1069 1720 1095 1754 f.
1225 1730 1275 1766 ¹9·
1307 1717 1455 1763 ἀληθῶς
1477 1719 1518 1753 A.
1640 1730 1735 1766 χρο-

353 1762 434 1810 νικὴ
460 1765 543 1802 add.
567 1778 612 1801 ex
636 1767 676 1801 A.
939 1776 941 1779 ’
1534 1772 1538 1775 ”

257 1874 464 1921 assequitur
498 1874 702 1909 declaratus
743 1885 893 1917 ameras,
926 1887 1040 1911 annos
1073 1876 1205 1921 viginti
1244 1880 1282 1910 et
1314 1886 1451 1917 unum,
1489 1881 1734 1922 tyrannosque

258 1923 416 1967 subegit,
445 1928 482 1956 et
508 1923 684 1957 Abdelam
708 1923 825 1957 Zuber
850 1924 964 1958 filium
991 1929 1028 1958 et
1051 1934 1292 1958 successorem
1318 1924 1509 1969 potestatis
1540 1922 1685 1956 occidit.

72 1974 245 2022 A,C,676
352 1970 511 2004 Arabum
557 1970 658 2005 ducis
696 1971 935 2013 Abimelech,
978 1972 1136 2020 Cpoleos
1180 1972 1360 2018 episcopi·
1386 1970 1573 2006 Theodori
1618 1982 1734 2004 annus

257 2029 407 2064 primus.

352 2065 429 2098 Hoc
454 2075 550 2098 anno
578 2064 691 2098 sames
725 2072 763 2100 et
789 2067 1001 2112 pestilentia
1039 2078 1168 2113 magna
1193 2066 1317 2112 Syriae
1340 2066 1527 2107 incubuit,
1553 2071 1591 2100 et
1617 2065 1735 2111 gentis

258 2112 448 2156 imperium
476 2112 685 2146 Abimelech
725 2113 896 2148 obtinuit.
959 2115 1147 2149 Mardaitis
1176 2120 1297 2148 autem
1335 2115 1427 2147 circa
1456 2114 1587 2147 Libani
1614 2114 1735 2158 regio-

257 2170 340 2192 nem
366 2160 654 2201 excurrentibus,
685 2166 722 2194 et
745 2162 992 2196 invalescente
1027 2163 1252 2209 pestilentia,
1280 2173 1405 2209 pacem
1432 2162 1531 2207 prius
1557 2162 1622 2195 sub
1655 2162 1734 2195 Ma-

258 2207 317 2240 via
343 2207 539 2252 expetitam
559 2207 636 2252 ipse
663 2207 783 2243 denuo
810 2211 963 2256 requirit
997 2222 1062 2256 per
1086 2211 1224 2256 legatos
1245 2210 1291 2243 ad
1316 2210 1572 2255 imperatorem
1597 2210 1734 2251 missos,

260 2259 298 2288 et
321 2259 502 2288 trecentas
532 2255 717 2299 sexaginta
741 2257 905 2303 quinque
939 2257 1111 2292 chiliades
1135 2269 1361 2291 nummorum
1385 2269 1587 2299 aureorum,
1613 2268 1734 2291 servos

259 2301 412 2336 totidem
432 2306 470 2335 et
505 2312 759 2345 generosorum
780 2315 955 2350 equorum
979 2317 1122 2352 gregem
1149 2316 1299 2339 numero
1326 2316 1401 2339 non
1420 2305 1596 2352 imparem
1625 2304 1734 2340 datu-

259 2361 336 2383 rum
365 2360 403 2383 se
431 2349 619 2383 annuatim
647 2351 855 2396 paciscitur.

74 2406 243 2452 A,c‚577
354 2397 432 2430 Hoc
456 2408 552 2430 anno
581 2397 664 2442 pius
705 2398 901 2444 imperator
929 2399 1201 2441 Constantinus,
1226 2411 1307 2433 cum
1334 2412 1448 2434 annos
1474 2398 1735 2446 septemdecim

256 2446 492 2491 imperasset,
526 2444 567 2478 in
590 2455 680 2490 pace
709 2445 941 2481 obdormivit.
992 2447 1088 2481 filius
1113 2452 1234 2481 autem
1261 2449 1340 2482 eius
1369 2448 1591 2482 lastinianus
1615 2448 1735 2494 impe-

261 2494 350 2527 rium
380 2492 539 2537 collegit.

353 2538 630 2574 Observandum
663 2539 851 2574 hominum
888 2541 1057 2575 delirium
1088 2543 1220 2576 mentis
1258 2555 1445 2589 passorum
1472 2544 1585 2578 instar
1609 2545 1647 2576 in
1671 2553 1735 2577 va-

259 2600 346 2622 num
371 2598 434 2622 eos
461 2587 612 2633 nugari,
638 2587 703 2632 qui
727 2588 868 2633 scriptis
893 2591 968 2622 suis
1000 2590 1201 2624 celebratos
1228 2593 1320 2625 sexti
1345 2591 1491 2624 concilii
1516 2591 1736 2638 capitulares

256 2642 362 2682 typos
401 2635 535 2669 exactis
571 2634 803 2680 postmodum
841 2637 945 2670 annis
984 2642 1140 2683 quatuor
1172 2638 1291 2672 editos
1334 2639 1521 2673 affirmant.
1573 2645 1614 2673 ut
1639 2638 1736 2672 enim

258 2684 295 2716 in
320 2682 505 2728 plerisque
550 2682 736 2716 mendacia
772 2684 916 2717 effutire
956 2684 1293 2730 deprehenduntur,
1327 2687 1376 2720 ita
1403 2692 1440 2720 et
1471 2687 1617 2721 inistis
1642 2685 1737 2719 nihil

259 2732 337 2764 sani
362 2731 511 2776 verique
538 2741 708 2764 asserere.
760 2737 925 2765 accurata
960 2733 1097 2779 quippe
1122 2739 1325 2780 temporum
1354 2735 1445 2768 ratio
1471 2739 1509 2768 et
1532 2733 1736 2779 designatio

258 2782 420 2813 sanctum
444 2778 646 2814 universale
675 2783 814 2813 sextum
841 2780 1032 2815 concilium
1054 2792 1177 2817 verum
1202 2781 1531 2817 monotheletarum
1556 2780 1737 2816 excidium
