1768 3106
229 123 347 194 364
791 147 1136 191 THEOPHANJS

227 245 476 305 Δεκεμβρίῳ
505 245 800 303 μηνὶγέγονεν
827 248 1094 304 ἑμπυρισμὸς
1120 251 1254 305 μέγας
1275 252 1332 294 ,ἐν
1361 255 1418 310 trgi
1435 254 1573 306 λιμένι
1598 253 1703 298 Ἰου-

189 315 397 371 Ολιανοῦ,
442 313 516 363 καί
556 317 705 358 πολλοὶ
747 312 852 358 οἶκοι
888 313 1070 372 ἐκάησοιν
1100 316 1175 360 καί
1211 318 1427 375 ἐκκλησίαι
1455 319 1540 363 ἀπὸ
1566 322 1703 376 α’ρχῆς

225 381 302 422 τοῦ
328 383 495 436 λιμένος
520 383 600 433 ἕως
626 385 704 425 τοῦ
733 382 928 439 Πρόβου.
985 386 1127 439 γέγονε
1164 386 1211 428 δὲ
1238 388 1312 428 καί
1338 385 1563 431 θανατικὸν
1593 390 1703 443 μέγα

226 447 272 490 ἐν
301 450 354 507 τῇ
388 451 563 508 Κιλικίᾳ
602 453 674 493 καί
697 451 971 509 Ἀναζαρβῷ,
1015 454 1090 494 καί
1116 453 1161 496 ἐν
1198 454 1430 514 Ἀντιοχείᾳ
1461 457 1515 513 τῇ
1542 453 1701 513 μεγάλῃ

88 516 300 564 Ῡ-159καί
325 519 517 574 σεισμοί,
556 518 629 560 καί
656 521 918 572 συνέβαλλον
959 524 1050 562 κατ’
1075 519 1269 576 α’λλήλων
1308 519 1349 564 οἱ
1378 520 1602 577 ὄρθόδοξοι
1631 523 1739 571 καί5

226 581 265 626 οἱ
295 586 559 642 Σευηριανοί,
591 587 663 628 καί
691 589 836 629 πολλοὶ
867 584 991 643 φόνοι
1017 587 1227 643 γεγόνασι.
1295 588 1370 632 καί
1397 590 1648 639 ἀποστείλας
1678 588 1700 631 ὅ

224 650 427 705 βασιλεὺς
465 655 690 709 Ζίμαρχον
726 653 799 696 τὸν
840 652 1005 711 κόμητα
1045 658 1120 712 τῆς
1159 657 1366 714 οἷνατολῆς
1401 655 1576 701 ἐκόλασε
1602 650 1703 709 τούς

226 715 458 776 ἀτάκτους,
487 722 563 763 καί
595 719 780 772 πολλοὺς
808 722 1009 779 ἐξώρισεν
1051 725 1126 767 καί
1153 725 1386 781 ἐδήμευσεν
1414 727 1488 768 καί
1513 724 1701 782 ἠκρωτη-

226 788 386 842 ρίασεν.

13 858 213 902 Δ.Μ.6054
342 856 490 914 Τούτῳ
530 857 589 915 τῷ
630 854 715 900 ἔτει
739 858 843 914 μηνί
865 857 1102 918 Ὀκτωβρίῳ
1132 857 1185 914 ιβ’
1189 895 1200 917 ‚
1227 859 1364 918 ἡμέρᾳ
1394 858 1443 917 δ’,
1472 861 1700 904 ι’νὸικτιῶνι
1720 876 1766 904 ιο

182 921 272 978 Dc,
328 917 511 977 ἑσπέρας
538 927 720 979 βαθείας
749 927 913 981 γέγονεν
942 925 1207 982 ἐμπυρισμὸς
1236 930 1369 982 μέγας
1399 929 1444 971 ἐν
1471 933 1558 977 τοῖς
1587 929 1700 970 Και-

223 993 413 1049 σαρείου,
441 991 520 1042 ἕως
549 994 621 1048 τῆς
649 995 873 1049 λεγομένης
899 995 1180 1051 Ὀμφακερᾶς.
1222 993 1297 1037 καί
1324 993 1509 1051 ἐκάησαν
1539 990 1618 1038 ὅλα
1645 996 1699 1038 τοὶ

222 1057 481 1116 ἐργαστήρια
507 1062 583 1102 καί
609 1059 649 1103 οἱ
677 1062 890 1112 πυλεῶνες
920 1063 1000 1111 ἕως
1027 1063 1106 1104 τοῦ
1122 1060 1249 1112 Βοός.
1309 1064 1370 1119 τῷ
1391 1064 1438 1105 δὲ
1468 1060 1700 1121 Νοεμβρίῳ

220 1129 325 1182 μηνί
349 1125 523 1169 ἱππικοῦ
550 1128 758 1183 α’γομένου
789 1127 871 1184 πρὸ
904 1131 982 1171 τοῦ
1010 1130 1208 1172 α’νελθεῖν
1236 1127 1309 1172 τὸν
1339 1131 1534 1186 βασιλέα,
1559 1132 1701 1186 γέγονε

223 1192 422 1250 δημοτικὴ
453 1194 636 1252 ταραχή,
667 1197 743 1237 καί
765 1196 953 1250 ἐπῆλθον
984 1196 1022 1238 οἱ
1040 1198 1260 1251 Προῖσινοι
1286 1202 1372 1247 τοῖς
1390 1199 1600 1250 Βενέτοις,
1629 1196 1703 1238 καί
1719 1198 1767 1241 15

90 1269 128 1305 Ρ.
143 1281 210 1306 200
222 1259 347 1316 γνούς
379 1261 402 1303 ὅ
439 1261 642 1315 βασιλεὺς
682 1264 865 1318 ἀνῆλθεν
894 1264 939 1306 ἐν
968 1265 1030 1321 τῷ
1065 1265 1314 1321 καθίσματι,
1339 1264 1413 1307 καί
1438 1265 1704 1318 θεασάμενος
1733 1302 1737 1304 .

219 1327 297 1384 τὴν
327 1328 484 1385 μάχην,
514 1331 732 1372 ἐκέλευσεν
764 1332 982 1390 Μαριανῷ
1017 1333 1076 1389 τῷ
1104 1329 1255 1387 κόμητι
1284 1334 1366 1375 τῶν
1397 1329 1703 1386 ἐξκουβιτόρων

219 1394 300 1438 σύν
326 1397 385 1455 τῷ
413 1394 655 1452 κουράτωρι
673 1400 759 1439 ταῖν
777 1399 1048 1454 Καισαρείου
1078 1402 1314 1455 κατελθεῖν,
1343 1397 1417 1441 καί
1432 1403 1621 1456 χωρίσαι
1650 1398 1704 1440 τὰ

219 1465 345 1521 μέρη.
405 1462 444 1506 οἱ
486 1465 534 1507 δὲ
575 1462 836 1515 ἀπελθόντες
879 1466 957 1508 ουίι
995 1466 1274 1523 ἠδυνήθησαν
1307 1467 1498 1523 χωρίσαι
1525 1463 1700 1515 αὐτούς.

314 1624 348 1646 2.
375 1611 486 1661 οἶκοι]
511 1613 622 1650 τόποι
649 1615 678 1649 Α
705 1614 741 1648 b.
899 1616 965 1650 καὶ
989 1615 1180 1659 ἐκκλησίαι
1205 1613 1290 1648 add.
1317 1626 1360 1648 ex
1378 1615 1420 1649 A.
1565 1614 1599 1648 3.
1623 1613 1701 1651 τῶν

314 1661 474 1708 Πρόβου
503 1664 542 1696 A.
688 1675 721 1709 7.
760 1660 967 1710 Ζῆμαρχον
1000 1663 1042 1697 Α.
1187 1662 1331 1710 κόμητα
1354 1663 1402 1705 A,
1439 1661 1576 1710 κόμιτα
1602 1663 1700 1707 vulg.

314 1710 477 1745 ἐκώλυσε
502 1711 531 1744 Α
557 1710 593 1744 b.
715 1711 749 1745 8.
776 1713 840 1745 καὶ
864 1711 917 1746 εδ.
944 1714 1009 1746 καὶ
1033 1709 1111 1758 ἧκρ.
1142 1722 1211 1744 om.
1226 1722 1258 1744 a.
1365 1722 1419 1747 ια.
1442 1714 1509 1747 καὶ
1532 1710 1701 1754 &uniquam

319 1761 432 1791 om.A
458 1759 481 1791 b
505 1758 529 1791 f.
631 1759 683 1804 14.
715 1757 906 1805 ἀγομένου
933 1760 975 1802 Α,
1000 1760 1213 1806 γενομένου
1241 1759 1338 1804 vulg.
1464 1759 1518 1793 15.
1541 1758 1700 1805 ταραχή]

314 1805 425 1852 ἑορτή
453 1806 478 1840 f.
597 1812 675 1845 τοῖς
699 1809 874 1846 Βενέτοις
901 1807 943 1850 Α,
968 1803 1056 1848 τοὺς
1079 1809 1261 1846 Βενέτους
1283 1806 1380 1852 vulg.
1493 1818 1545 1854 ¹7·
1574 1808 1701 1848 ἐξκου-

314 1854 476 1902 βιτόρων
498 1855 540 1897 Α,
566 1854 789 1901 ἐξκουβίτων
811 1855 908 1901 vulg.
1045 1856 1098 1891 18.
1121 1854 1299 1903 χωρῆσαι
1323 1855 1349 1888 f.

219 2003 352 2038 Iuliani
381 2003 558 2045 excitato,
593 2004 730 2038 multae
758 2004 886 2039 domus
919 2009 957 2039 et
991 2004 1100 2038 aedes
1127 2014 1248 2038 sacrae
1272 2003 1408 2037 multae
1437 2013 1458 2036 a
1491 2005 1601 2047 portu
1634 2013 1700 2035 ex-

220 2057 338 2086 tremo
364 2063 480 2098 usque
509 2051 555 2084 ad
583 2052 689 2086 Probi
720 2052 996 2098 conflagrarunt.
1063 2052 1250 2086 mortifera
1276 2061 1422 2097 quoque
1448 2050 1527 2083 lues
1551 2061 1616 2095 per
1640 2050 1701 2083 Ci-

220 2100 342 2133 liciam
368 2105 406 2133 et
431 2099 655 2133 Anazarbum
692 2107 848 2144 grassata
875 2106 953 2135 est:
979 2106 1098 2134 terrae
1134 2105 1253 2133 motus
1280 2096 1510 2132 Antiochiam
1534 2109 1700 2142 magnam

221 2153 501 2181 concusserunt:
523 2148 759 2182 contentione
784 2150 933 2194 insuper
951 2149 1047 2182 inter
1063 2148 1277 2181 Severiauos
1298 2152 1335 2180 et
1359 2144 1581 2180 orthodoxos
1607 2151 1700 2187 orta,

220 2195 358 2229 multae
382 2194 512 2228 caedes
539 2196 710 2241 utrinque
736 2202 978 2242 perpetratae.
1004 2197 1200 2241 imperator
1216 2200 1335 2228 autem
1360 2193 1545 2227 zimarcho
1574 2194 1700 2227 orien-

221 2244 268 2277 tis
292 2243 425 2276 comite
465 2243 598 2284 misso,
640 2243 858 2287 seditiosos,
887 2244 1012 2278 multis
1052 2254 1097 2277 ex
1124 2243 1200 2276 illis
1225 2243 1264 2276 in
1290 2242 1440 2275 exilium
1464 2242 1565 2283 actis,
1590 2241 1699 2275 bonis

221 2303 345 2326 eorum
374 2290 585 2336 publicatis,
600 2291 781 2326 ’membris
809 2303 957 2339 quoque
982 2291 1178 2337 amputatis
1210 2291 1409 2334 castigavit.

35 2344 124 2380 A.C.
141 2344 210 2389 554
317 2339 395 2372 Hoc
421 2350 530 2379 annu,
556 2340 690 2373 mensis
722 2339 891 2374 Octobris
918 2340 977 2373 die
1004 2338 1238 2380 duodecimo,
1272 2335 1525 2372 hebdomades
1557 2341 1701 2382 quarto,

222 2386 423 2421 indictione
450 2386 599 2427 decima,
625 2398 793 2432 magnum
819 2387 1002 2432 profunda
1027 2388 1097 2421 iam
1123 2397 1273 2432 vespera
1302 2385 1511 2420 incendium
1535 2383 1582 2418 ad
1608 2384 1701 2418 Cae-

222 2435 307 2468 sarii
332 2441 464 2481 partes,
490 2433 536 2468 ad
562 2434 694 2476 locum,
720 2435 778 2468 cui
804 2435 1040 2480 Omphacera,
1073 2446 1231 2475 nomen,
1257 2439 1452 2478 grassatum
1478 2437 1552 2467 est:
1580 2438 1617 2467 et
1644 2432 1702 2465 of-

220 2483 350 2517 ficinae
387 2493 511 2517 omnes
547 2488 585 2516 et
620 2482 777 2516 fornices
804 2482 850 2515 ad
879 2484 980 2516 Bovis
1021 2483 1140 2516 locum
1177 2482 1454 2527 conflagrarunt.
1503 2479 1701 2515 Novembri

221 2532 332 2565 etiam
359 2542 483 2565 mense
519 2530 616 2564 ludis
656 2529 877 2564 circensibus
912 2529 1116 2572 celebratis,
1148 2531 1360 2577 priusquam
1387 2530 1586 2575 imperator
1615 2539 1700 2574 spe-

221 2585 360 2613 ctatum
386 2578 605 2620 advenisset,
633 2579 833 2613 factionum
871 2577 1004 2612 seditio
1039 2584 1164 2612 exorta
1191 2584 1258 2619 est,
1285 2583 1322 2612 et
1348 2577 1487 2612 Prasini
1511 2577 1550 2610 in
1575 2575 1701 2609 Vene-

221 2633 279 2661 tos
304 2627 454 2661 irruere.
519 2627 656 2660 nuncio
699 2626 746 2660 ad
774 2627 1029 2672 imperatorem
1066 2625 1202 2668 delato,
1231 2625 1346 2660 sedile
1375 2625 1445 2659 sibi
1472 2624 1633 2670 positum
1660 2623 1701 2656 in

222 2675 317 2708 circo
351 2674 576 2716 conscendit,
601 2679 639 2708 et
664 2674 834 2708 conflictu
862 2679 1047 2720 spectato,
1082 2674 1284 2708 Marianum
1313 2673 1482 2708 comitem
1505 2671 1698 2705 excubito-

223 2735 298 2756 rum
325 2727 363 2756 et
386 2722 545 2757 Caesarii
568 2722 696 2768 palatii
725 2727 928 2757 curatorem
954 2721 1118 2768 partibus
1148 2721 1361 2756 dirimendis
1387 2721 1426 2755 in
1451 2730 1599 2753 arenam
1623 2719 1700 2752 ius—

223 2771 268 2806 sit
293 2769 526 2806 descendere.
552 2770 616 2806 ubi
645 2770 835 2806 conflictus
852 2770 972 2806 locum
999 2775 1207 2814 tenuerunt,
1232 2768 1404 2805 tumultui
1432 2767 1594 2803 sedando
1621 2777 1698 2800 non
