1768 3106
258 137 374 214 590
435 189 437 191 .
789 154 1139 198 THEOPHANJS

252 257 278 314 ἦ
309 260 408 300 θεία
443 256 570 312 χάρις
603 255 627 310 ἢ
659 254 832 298 πάντοτε
863 254 916 299 τὰ
947 255 1106 311 ἀσθενῆ
1138 253 1453 315 θεραπεύουσα,
1483 258 1560 303 καί
1582 259 1631 303 τὰ
1662 262 1732 305 ε’λ-

251 325 451 369 λείποντα
480 325 806 381 α’ναπληροῦσα,
835 323 1112 377 μετατίθεται
1147 324 1188 364 Γ
1186 323 1372 377 ερμανὸν
1399 325 1473 369 τὸν
1500 326 1730 372 ὅσιιότατον

207 397 557 450 (Σμητροπολίτην
596 392 670 435 καὶ
709 389 919 446 πρόεδρον
957 393 1033 445 τῆς
1069 389 1262 442 Κυζίκου
1305 391 1627 451 μητροπόλεως,
1669 399 1731 447 εἰς

247 463 472 503 ἐπίσκοπον
511 458 669 515 ταύτης
713 460 787 514 τῆς
830 455 1131 515 θεοφυλάκτου
1181 457 1257 501 καὶ
1291 460 1510 514 βασιλίδος
1547 460 1727 514 πόλεως.

244 529 405 584 ἐγένετο
434 530 482 570 δὲ
509 526 536 582 ἦ
569 527 769 581 παροῦσα
797 524 1029 580 μετάθεσις
1057 524 1164 568 κατὰ
1185 529 1426 581 παρουσίαν
1441 531 1627 587 Μιχαὴλ
1652 533 1766 576 τοῦ5

244 594 479 640 ὁσιωτάτου
524 594 813 648 πρεσβυτέρου
853 594 928 636 καί
968 593 1298 649 α’ποκρισιαρίου
1331 596 1409 638 τοῦ
1449 591 1728 642 ἇποστολικοῦ

242 660 402 718 θρόνου
433 661 507 704 καί
533 662 691 703 λοιπῶν
721 659 871 715 ἱερέων
899 658 973 703 καί
1003 661 1257 718 ἐπισκόπων,
1283 663 1357 705 ἐπὶ
1376 658 1608 721 Ἀρτεμίου
1639 670 1723 722 βα..

243 732 407 780 σιλέως.
464 727 620 784 μαθών
660 729 707 771 δὲ
747 725 769 770 ὃ
799 727 1044 784 Ἀρτέμιος,
1079 723 1142 770 ὅτι
1169 729 1315 780 στόλος
1352 733 1434 774 τῶν
1463 733 1726 790 Σαρακηνῶν

242 797 327 840 ἆπό
351 796 676 851 Ἀλεξανδρείας
706 796 779 838 ἑπί
803 793 879 837 τὸν
897 797 1076 838 Φοίνικα
1099 794 1338 852 ἀνέδραμεν
1370 798 1479 854 πρὸς
1506 799 1554 842 τὸ
1588 800 1724 856 κόψαι

241 862 371 920 ξυλὴν
401 862 736 919 κυπαρισσίνην,
780 860 1076 915 ἐπιλεξάμενος
1114 864 1160 906 ἑκ
1190 866 1266 905 τοῦ
1299 864 1456 908 οἰκείου
1485 866 1638 911 στόλου
1668 868 1720 911 τά
1742 887 1768 913 ιι

240 928 433 987 εὕδρομα
456 933 614 987 σκάφη,
645 928 770 982 ἔβαλε
790 928 993 981 ταξάτους
1024 931 1070 971 ὲκ
1098 933 1178 972 τοῦ
1203 930 1400 985 Ὀψικιόυ
1419 933 1620 991 θέματος,
1650 937 1726 978 καὶ

236 1002 298 1050 εἰς
323 999 397 1055 τὴν
419 996 567 1041 Ῥόδον
600 998 890 1054 ἀθροισθῆναι
907 994 1071 1048 πάντας
1101 999 1331 1056 ἐκέλευσεν,
1361 999 1436 1042 καί
1462 1002 1723 1058 προεβάλετο
1757 1028 1768 1036 -

238 1065 477 1122 στρατηγὸν
506 1066 579 1108 καί
607 1062 799 1122 κεφαλήν
829 1065 968 1108 αὐτῶν
996 1063 1064 1106 τὸν
1105 1064 1299 1109 διάκονον
1323 1069 1516 1124 Ἰωάννην
1546 1073 1622 1125 τῆς
1646 1086 1724 1124 με-

236 1136 369 1190 γάλης
398 1135 622 1188 ἐκκλησίας
651 1132 697 1174 τὸ
729 1134 957 1187 τηνικαῦτα
1000 1135 1228 1189 λογοθέτην
1267 1132 1430 1189 γενικὸν
1455 1133 1721 1193 ὑπάρχοντα.

195 1215 226 1249 D
242 1202 381 1244 αὐτοῦ
394 1203 441 1243 δὲ
461 1202 506 1243 ἐν
524 1202 574 1258 τῇ
586 1197 719 1259 Ῥόδῳ
736 1200 1057 1256 καταλαβόντος,
1076 1200 1150 1242 καί
1165 1203 1249 1244 τῶν
1267 1203 1469 1256 πλωΐμων
1489 1208 1720 1260 συναθροι-
1741 1225 1768 1251 ι;

237 1271 437 1325 σθέντων,
457 1265 642 1312 διελάλει
662 1274 747 1318 τοῖς
763 1262 948 1324 ἄρχουσι
966 1269 1066 1322 περὶ
1091 1271 1169 1310 τοῦ
1189 1264 1444 1326 ἀποκινῆσαι
1459 1268 1632 1329 αὐτούς,
1650 1275 1726 1315 καί

233 1338 435 1380 ἀπελθεῖν
466 1338 526 1386 εἰς
555 1334 628 1378 τόν
660 1338 854 1391 Φοίνικα,
882 1334 990 1390 πρὸς
1021 1335 1066 1377 τὸ
1100 1338 1260 1379 καῦσαι
1288 1335 1363 1392 τήν
1387 1336 1518 1394 ’ξυλήν
1546 1339 1620 1382 καί
1646 1338 1723 1396 τὴν

91 1415 214 1464 v‚257
233 1401 535 1460 εὖρισκομένην
565 1402 776 1458 ἐξάρτισιν
805 1404 890 1445 τῶν
915 1401 1173 1459 Ἀγαρηνῶν.
1214 1402 1386 1447 πάντων
1416 1406 1464 1448 δὲ
1486 1405 1723 1462 προθύμως

231 1470 581 1527 ὑπακουσάντων,
611 1469 648 1513 οἱ
678 1471 755 1513 τοῦ
780 1470 974 1524 Ὀψικιόυ
1006 1471 1058 1512 ου’
1088 1472 1388 1523 κατεδέξαντο·
1444 1475 1519 1516 καί
1543 1472 1616 1516 τὸν
1641 1475 1721 1527 μὲν

327 1619 360 1642 2.
389 1607 663 1655 εἷναπληροῦσα
686 1609 737 1650 A,
775 1608 914 1655 συμπλ.
948 1609 1046 1653 vulg.
1212 1610 1245 1644 3.
1273 1621 1437 1658 μητροπ.
1475 1610 1542 1645 καὶ
1568 1620 1640 1644 om.
1671 1610 1713 1645 A.

326 1658 550 1699 Κυζικηνῶν
571 1658 612 1691 Α.
735 1659 769 1692 8.
799 1656 931 1695 στόλος
958 1658 1000 1698 A,
1030 1654 1049 1691 ὃ
1079 1655 1209 1696 στόλος
1233 1658 1330 1703 vulg.
1453 1671 1486 1704 9.
1515 1653 1582 1693 τὸν
1603 1661 1713 1694 Φοίν.

326 1707 369 1748 Α,
398 1700 464 1749 τὴν
491 1708 538 1739 Φ.
570 1705 665 1750 vulg.
767 1702 895 1750 ἀνέδρ.
922 1704 951 1737 Α
980 1704 1004 1744 f,
1034 1704 1150 1751 ἐξὲδρ.
1177 1705 1273 1750 vulg.
1384 1716 1435 1739 ιι.
1466 1705 1649 1747 ταξάτους
1673 1709 1714 1749 A,

325 1754 489 1794 ταξάτας
515 1754 613 1798 vulg.
772 1752 840 1788 τοῦ
867 1754 1006 1787 οἰκείου
1042 1757 1127 1799 θέμ.
1153 1753 1181 1786 Α
1209 1753 1235 1786 f.
1388 1763 1440 1787 12.
1468 1753 1644 1802 προεβάλ.
1672 1756 1713 1796 A,

325 1806 484 1848 προσεβ.
513 1802 610 1846 vulg.
762 1802 813 1844 ¹4·
840 1796 882 1836 τὸ
908 1800 993 1834 add.
1015 1812 1059 1834 ex
1086 1803 1124 1834 A.
1274 1802 1326 1837 16.
1353 1807 1432 1840 τοῖς
1458 1799 1543 1850 ἄρχ.
1568 1805 1658 1850 περὶ
1682 1815 1713 1836 τ.

327 1848 439 1886 cinon.
469 1849 548 1884 αὗτ-
574 1851 618 1892 Α,
641 1849 729 1895 περὶ
762 1861 793 1882 τ.
824 1846 888 1883 oin.
916 1847 994 1883 αὐτ.
1020 1861 1050 1882 τ.
1089 1847 1173 1896 ἅρχ.
1200 1848 1294 1894 vulg.
1430 1860 1480 1896 17.
1504 1847 1572 1886 τὸν
1598 1854 1646 1885 Φ.
1672 1851 1713 1890 Λ,

324 1892 391 1942 τὴν
407 1901 455 1933 Φ.
468 1898 565 1943 vulg.
647 1898 699 1931 18.
719 1895 911 1944 ἐξάρτισιν
928 1897 969 1940 A,
991 1897 1191 1945 ἐξάρτησιγ
1209 1897 1307 1942 vulg.
1377 1899 1617 1946 Σαρακηνῶν
1635 1899 1663 1932 Α
1685 1898 1711 1931 f.

229 2038 372 2074 semper
397 2031 500 2061 curat
525 2031 574 2068 et,
592 2036 686 2072 quae
713 2024 859 2067 desunt,
882 2024 1072 2070 adimplet,
1092 2023 1313 2058 Germanum
1341 2024 1607 2059 sanctissimum
1632 2036 1713 2059 me-

229 2075 439 2121 tropolitam
468 2079 506 2108 et
528 2073 735 2120 praesidem
752 2073 870 2118 Cyzici
889 2073 1146 2119 metropoleos,
1171 2073 1209 2106 in
1228 2073 1437 2118 episcopum
1460 2071 1569 2106 huius
1595 2084 1614 2106 a
1641 2073 1710 2107 deo

228 2129 391 2157 servatae
418 2122 517 2156 urbis
552 2127 590 2157 et
614 2122 760 2167 reginae
798 2121 943 2155 urbium
969 2121 1152 2155 transfert.
1203 2120 1299 2154 facta
1324 2125 1380 2154 est
1402 2119 1492 2154 haec
1515 2121 1710 2156 translatio

228 2183 347 2205 coram
374 2170 555 2204 Michaele
591 2170 816 2204 sanctissimo
839 2168 1052 2216 presbytero
1089 2174 1126 2202 et
1149 2168 1381 2214 apocrisiario
1406 2169 1627 2214 apostolicae
1652 2181 1711 2203 se-

228 2219 296 2262 dis,
324 2220 551 2265 caeterisque
587 2218 837 2252 sacerdotibus
869 2222 906 2251 et
938 2217 1118 2262 episcopis
1151 2216 1417 2261 praesentibus,
1442 2217 1612 2250 Armenio
1638 2218 1710 2251 im-

226 2273 392 2313 perante.
443 2278 551 2313 porro
577 2266 756 2300 Artemius
784 2265 996 2309 intelligens
1030 2265 1288 2297 Saracenorum
1314 2264 1463 2298 classem
1487 2265 1709 2298 Alexandria

227 2318 268 2349 in
293 2316 527 2349 Phoeniciam
554 2315 735 2358 lignorum
763 2313 1049 2359 cypressinorum
1087 2311 1324 2345 secandorum
1350 2323 1455 2346 causa
1480 2325 1619 2347 cursum
1647 2314 1710 2347 in-

227 2364 402 2405 stituisse,
430 2362 658 2409 expeditiora
684 2373 728 2395 ex
753 2367 830 2395 tota
859 2361 972 2394 classe
996 2361 1140 2405 navigia
1168 2359 1330 2404 deligens
1347 2386 1356 2400 ‚
1381 2361 1558 2395 militares
1584 2362 1707 2407 copias

228 2423 272 2445 ex
297 2411 437 2459 Opsicii
472 2410 635 2445 themate
672 2410 710 2443 in
753 2420 830 2442 eam
875 2409 1050 2454 imposuit
1077 2419 1274 2454 omnesque
1307 2407 1474 2442 Rhodum
1513 2410 1710 2443 convenire

228 2460 358 2502 iussit,
384 2458 516 2507 quibus
541 2458 669 2492 ducem
697 2463 809 2503 atque
842 2461 952 2502 caput
976 2457 1150 2490 Ioannem
1179 2467 1329 2501 maguae
1368 2457 1542 2491 ecclesiae
1579 2457 1707 2491 diaco-

226 2520 340 2550 num,
385 2508 448 2554 qui
485 2512 562 2542 tum
596 2506 772 2552 generalis
809 2505 1018 2549 logothetae
1057 2515 1206 2538 munere
1242 2504 1486 2550 fungebatur,
1518 2505 1706 2551 praefecit.

226 2557 256 2590 is
282 2556 346 2590 ubi
373 2555 538 2590 Rhodum
575 2554 738 2601 appulit,
773 2557 924 2598 totaque
957 2552 1081 2586 classis
1108 2552 1198 2585 illuc
1235 2554 1419 2595 convenit,
1446 2564 1527 2587 cum
1554 2552 1707 2586 ducibus

225 2605 462 2651 colloquutus
493 2609 558 2643 est,
600 2608 642 2637 ut
669 2602 757 2636 inde
791 2601 986 2641 solverent,
1010 2605 1047 2633 et
1073 2601 1111 2633 in
1138 2600 1370 2634 Phoeniciam
1396 2601 1633 2644 traiicerent,
1661 2600 1708 2634 ad

224 2652 454 2686 incendenda
480 2652 600 2698 ligna,
625 2651 880 2696 reliquumque
907 2659 1062 2689 omnem,
1089 2649 1152 2694 qui
1179 2649 1256 2682 illic
1279 2650 1510 2694 reperiretur,
1524 2649 1708 2694 Agareno·

224 2712 301 2733 rum
328 2706 554 2747 apparatum.
622 2699 762 2732 cunctis
802 2697 1029 2743 propositum
1070 2708 1143 2730 uno
1175 2708 1282 2730 sensu
1319 2696 1600 2743 excipientibus,
1637 2697 1707 2730 soli

224 2748 408 2793 Opsiciani
440 2748 607 2793 refragati
637 2752 733 2788 sunt,
761 2751 798 2779 et
824 2744 1033 2790 imperatori
1061 2744 1209 2790 quidem
1241 2745 1384 2778 debitos
1408 2744 1565 2778 honores
1590 2755 1707 2790 nega-

222 2802 374 2839 verunt,
398 2798 570 2831 loannem
604 2807 689 2831 vero
720 2794 911 2830 diaconum
948 2792 1077 2838 gladiis
1109 2799 1354 2840 peremerunt.
1407 2804 1452 2827 ex
1479 2804 1554 2841 quo
1581 2793 1704 2827 classis
