1708 3172
527 190 872 232 THEOPHANIS
911 189 1055 231 vlTA.
1395 191 1527 231 xxm

65 306 136 334 τον
169 290 404 332 ἐπεδείκνυε
433 290 514 341 3⁰17
541 290 696 344 δίψους
719 288 852 344 ἴαμα·
912 290 985 330 καί
1004 291 1163 338 κοίλαις
1189 290 1337 343 χερσῖν
1366 288 1529 344 α’ρυσαῖ-

63 371 190 410 μενος
218 358 296 399 τοῦ
323 358 558 412 προσηνοῦς
578 357 751 411 ἐκείνου,
783 354 856 398 καί
884 355 1113 398 θεοσδότου
1135 356 1431 409 καταπήλαυον
1458 355 1529 397 νά-

65 437 212 475 ματος,
239 420 313 476 την
341 419 637 478 προσήκουσαν
676 423 956 477 εὐχαριστίαν
1001 423 1058 480 τῷ
1088 423 1235 476 δοτῆρι
1262 421 1427 463 πάντων
1456 439 1531 464 κα-

68 489 178 542 λῶν,
207 487 267 538 ὥς
302 487 348 531 τὰ
391 489 521 545 εἰκός,
569 490 899 542 ἀναπέμποντες.
959 490 1034 531 τοῦ
1080 486 1139 544 μή
1168 505 1260 531 τινα
1291 490 1336 530 δὲ
1364 486 1532 543 δόκησιν

29 555 311 608 5ἐμποιῆσαι,
339 551 397 604 ὦς
425 555 588 610 ἀφανεῖ
609 558 896 612 καλυπτομένη
911 555 1018 612 τύχῃ
1040 553 1145 610 πρὸς
1170 554 1414 609 τουμφανὲς
1444 551 1532 608 ἥκει

67 619 227 676 ἀθρόον
256 621 545 678 α’ναφανεΐσα,
588 621 659 664 διὰ
690 620 838 672 νυκτὸς
876 620 1095 680 (ἐπῴχετο,
1125 618 1182 670 ὥς
1209 623 1317 676 μηδὲ
1345 620 1461 674 ἴχνος
1490 623 1533 670 ἐς

65 685 114 729 τὸ
153 688 270 742 πρωῒ
301 687 458 743 ταύτης
486 689 824 744 ἐμφανισθῆναι.
881 690 1006 730 τοῦτο
1047 690 1121 742 τῆς
1147 690 1223 730 τοῦ
1251 689 1373 729 θειόυ
1400 687 1532 740 θερά-

65 769 212 803 ποντος
239 753 448 797 παιδόθεν
475 754 578 810 πρὸς
607 755 706 796 θεὸν
736 753 898 810 α’γοὶπης
918 754 1024 810 πρὸς
1054 753 1304 811 ὑπόδειγμα,
1333 755 1533 796 τοσοῦτον

65 819 139 875 τήν
169 823 247 862 τοῦ
274 820 454 864 θεόπτου
487 823 713 870 Μωῦσέως
742 823 1011 878 παρατρέχον
1039 820 1404 876 θαυματουργίαν,
1434 817 1534 862 ὅσον

5 886 90 937 106
122 890 203 940 μὲν
230 887 430 944 αἰτήσας,
471 886 492 929 ὅ
522 891 567 930 δὲ
608 887 666 942 μὴ
696 891 822 932 τοῦτο
859 886 1023 942 πράξας
1051 888 1205 942 ἔλαβε·
1279 890 1354 931 καί
1388 886 1409 928 ὁ
1455 889 1534 940 μὲν

66 955 224 1011 οἶνοίγκῃ
253 957 338 996 τῶν
370 958 621 1010 γογγυσμῶν
648 958 728 998 τῶν
749 957 910 998 οἰκείων
937 955 1172 1010 ἐξεβιάζετο
1204 957 1353 997 δοῦναι
1382 952 1533 996 δεσπό-

64 1037 158 1076 την·
227 1019 248 1063 ὃ
288 1022 335 1063 δὲ
373 1025 573 1079 ναρτερίᾳ
617 1022 690 1064 καί
730 1024 782 1079 τῇ
810 1024 892 1065 τῶν
929 1021 1143 1065 συνόντων
1183 1021 1431 1080 εὐχαριστίᾳ
1461 1021 1534 1062 τὸν

65 1087 174 1129 ἴδιον
203 1089 415 1144 ἐφείλκετο
436 1091 586 1131 δοῦναι
607 1087 836 1146 δεσπότην·
896 1089 969 1132 καί
997 1088 1035 1132 οἱ
1059 1092 1137 1142 μὲν
1158 1088 1205 1131 τὸ
1231 1092 1435 1144 δωρηθέν,
1464 1090 1534 1129 ἵνα

64 1152 120 1208 μή
154 1157 262 1209 λέγω
293 1155 519 1211 Μωιῗσέα,
548 1156 881 1211 κατερρύπωσαν
910 1158 1146 1214 α’μφιβολίᾳ
1165 1173 1175 1184 ·
1237 1155 1275 1199 οἱ
1310 1157 1356 1198 δὲ
1385 1156 1431 1197 τὸ
1464 1156 1535 1196 δο-

5 1223 142 1266 Ιόθὲν
169 1224 220 1279 τῇ
251 1223 328 1264 τοῦ
356 1224 490 1263 καλοῦ
518 1225 709 1280 προκοπῇ
737 1222 1068 1279 κατεκόσμησαν,

180 1283 310 1330 Οὔπω
329 1285 410 1343 γὰρ
441 1290 571 1343 τριῶν
599 1289 980 1344 παριππευσοίνιων
1010 1292 1126 1346 ε’ταῖν,
1156 1288 1360 1345 κηδευτὴς
1389 1288 1410 1331 ὅ
1433 1287 1533 1330 τού-

63 1369 139 1397 του
166 1352 257 1408 ἅμα
286 1357 345 1412 τῷ
369 1355 636 1408 βασιλεύοντι
663 1358 738 1412 τῆς
777 1358 994 1412 παρούσης
1023 1359 1299 1412 έκτμηθέντες
1330 1357 1534 1412 εὐκλείας,

62 1421 166 1476 πρὸς
193 1420 271 1476 την
300 1422 578 1478 ὀφειλομένην
611 1425 982 1480 παρεπέμφθησαν
1022 1424 1240 1466 ἑνοικείαν.
1300 1423 1459 1478 Εἰρήνη
1487 1425 1535 1466 δὲ

63 1489 110 1530 τὸ
141 1487 432 1545 κραταιόφρον
461 1491 593 1531 έκεῖνο
618 1492 693 1532 καί
721 1491 983 1547 θεοφόρητον
1011 1489 1184 1546 γύναιον
1214 1492 1286 1545 τῆς
1314 1492 1536 1544 βασιλείας

1 1571 52 1598 20
64 1553 145 1596 σῦν
171 1553 249 1613 υἱῷ
275 1554 375 1605 τούς
403 1555 551 1606 οἴακας
575 1558 874 1611 ἐγχειρίζεται·
934 1557 1050 1614 εἴπερ
1078 1556 1163 1613 χρὴ
1192 1557 1364 1613 γύναιον
1393 1560 1535 1598 καλεῖν

64 1619 139 1678 την
167 1623 254 1664 κατ’
281 1623 463 1678 ἐχθρῶν
483 1623 557 1666 καί
585 1626 737 1666 παθῶν
774 1624 1002 1683 ἀρρενωπῷ
1034 1627 1386 1680 καθωπλισμένην
1430 1638 1534 1680 φρο-

161 1767 194 1789 2.
224 1758 481 1801 κατεπὴλαυον
506 1759 582 1793 Par.
706 1760 738 1793 5.
768 1759 937 1808 ἀφανείᾳ
970 1761 1046 1795 Par.
1163 1762 1198 1795 8.
1223 1761 1305 1795 fort.
1331 1758 1532 1807 προσυπά-

160 1805 308 1852 δειγμα.
429 1817 465 1850 9.
487 1809 736 1853 παρατρέχων
761 1809 835 1842 Par.
962 1820 1013 1844 ιι.
1049 1809 1275 1857 γογγυστῶν
1303 1809 1378 1843 Par.
1481 1808 1530 1841 13.

159 1852 354 1899 (ἐφείλκετο
378 1854 454 1887 Par.
584 1856 634 1898 ¹4·
659 1852 712 1902 τὸ]
740 1858 790 1902 τῷ
814 1856 890 1890 Par.

65 1988 185 2023 noque
213 1989 362 2012 munere
402 1990 588 2013 concessos
612 1972 761 2020 latices,
788 1979 930 2014 debitas
969 1980 1149 2014 bonorum
1187 1981 1347 2014 omnium
1370 1978 1533 2023 largitori

65 2025 133 2058 deo
169 2026 359 2070 gratiarum
406 2028 567 2060 actiones
606 2027 823 2070 reddentes,
865 2039 930 2073 pro
966 2040 1009 2062 eo
1035 2039 1076 2061 ac
1111 2028 1219 2062 officii
1256 2028 1348 2061 ratio
1372 2026 1534 2072 petebat,

63 2079 314 2118 perceperunt.
365 2079 402 2108 at
426 2086 472 2107 ne
498 2075 581 2120 quis
607 2081 730 2120 posset
766 2076 958 2121 suspicari,
997 2076 1136 2109 fontem
1160 2076 1263 2108 illum
1287 2087 1366 2109 curn
1393 2075 1534 2108 occulte

64 2120 206 2161 lateret,
233 2126 381 2166 repente
406 2122 444 2155 in
470 2129 634 2167 apertum
660 2122 875 2168 productum
899 2124 1070 2168 erupisse,
1097 2129 1204 2157 nocte
1232 2123 1284 2156 sic
1310 2123 1467 2162 evanuit,
1495 2127 1536 2155 ut

64 2179 109 2200 ne
134 2169 320 2213 vestigium
344 2170 491 2214 quidem
513 2171 589 2203 eius
615 2171 728 2203 ullum
754 2183 858 2204 mane
877 2172 1150 2216 relinqueretur.
1199 2169 1268 2203 hoc
1292 2171 1434 2210 amoris,
1460 2181 1533 2215 quo

68 2221 212 2249 sanctus
237 2215 297 2249 hic
321 2216 391 2249 iam
419 2217 503 2250 inde
520 2229 540 2249 a
558 2229 670 2262 puero
689 2218 795 2252 deum
820 2219 1121 2266 prosequebatur,
1151 2218 1290 2261 signium
1317 2218 1404 2251 suit:
1432 2222 1533 2250 tanto

65 2263 179 2295 maius
216 2263 305 2304 illo,
341 2265 439 2309 quod
472 2266 612 2308 Moyses
648 2265 708 2299 (lei
744 2267 928 2312 inspector
964 2265 1107 2306 edidit,
1135 2265 1234 2310 quod
1259 2266 1338 2311 ipse
1366 2263 1532 2310 precibus

67 2321 139 2343 rem
168 2311 396 2355 impetravit3
421 2311 479 2345 hie
514 2319 633 2346 autem
666 2325 712 2346 ne
752 2314 791 2347 id
816 2314 1004 2360 postulans
1041 2313 1202 2358 quidem.
1258 2319 1443 2358 praeterea
1469 2311 1533 2344 ille

65 2359 364 2391 murmurantium
393 2371 538 2393 suorum
563 2362 777 2395 necessitate
803 2361 1002 2401 adductus,
1029 2360 1212 2394 dominum
1237 2360 1282 2393 ad
1307 2358 1533 2404 largiendum

67 2404 235 2450 impulit:
273 2405 333 2438 hic
366 2413 486 2440 autem
523 2409 725 2452 patientia,
754 2415 791 2443 et
818 2409 1008 2453 gratiarum
1034 2409 1175 2441 actione
1198 2413 1301 2441 utens
1329 2419 1408 2440 cum
1428 2406 1534 2440 sociis

69 2453 153 2492 suis,
178 2454 364 2498 proprium
395 2455 582 2487 dominum
609 2456 749 2490 movit?
797 2456 844 2489 ad
871 2456 960 2489 haec
996 2455 1119 2489 Iudaei
1149 2456 1210 2501 (ne
1240 2454 1354 2488 dicam
1379 2454 1533 2499 Mosem)

69 2499 322 2534 incredulitate
349 2513 478 2534 munus
505 2502 768 2548 inquinarunt3
800 2503 837 2536 hi
862 2509 982 2537 autem
1019 2514 1229 2537 concessum
1257 2502 1392 2537 donum
1416 2502 1533 2535 hone-

70 2547 172 2580 statis
198 2549 402 2581 accessione
427 2548 678 2583 honestarunt.

166 2594 334 2628 Nondum
363 2597 447 2629 anni
478 2603 548 2630 tres
576 2599 848 2642 praeterierant,
874 2609 952 2630 cum
979 2609 1080 2631 socer
1106 2598 1196 2637 eius,
1225 2602 1262 2630 et
1289 2596 1485 2640 imperator
1513 2607 1534 2628 a

68 2641 191 2674 mundi
219 2642 333 2686 gloria
359 2644 491 2685 excisi,
517 2644 561 2676 ad
598 2644 820 2678 domicilium
848 2644 946 2691 quod
974 2657 1036 2678 eos
1062 2644 1218 2685 deceret,
1245 2643 1411 2677 translati
1435 2647 1531 2676 suut.

69 2689 171 2720 Irene
200 2695 319 2723 autem
351 2692 480 2724 mulier
515 2692 578 2724 illa
615 2693 718 2726 fortis
744 2694 865 2733 animi,
903 2704 943 2725 ac
972 2692 1094 2725 divino
1122 2703 1227 2725 sensu
1255 2690 1428 2736 praedita,
1453 2702 1531 2722 cum

68 2736 144 2767 filio
173 2736 314 2781 imperii
343 2739 585 2782 gubernacula
611 2741 770 2785 suscepit
795 2740 841 2786 (si
870 2746 989 2773 tamen
1013 2739 1143 2773 mulier
1166 2737 1319 2772 dicenda
1345 2744 1410 2775 est,
1439 2749 1532 2782 quae

71 2781 258 2816 adversum
282 2784 414 2826 hostes,
441 2798 479 2819 ac
509 2786 799 2832 perturbationes
837 2788 974 2822 virilem
1008 2788 1166 2821 animum
1196 2785 1331 2831 gessit.)
1383 2791 1533 2831 tumque
