1768 3106
232 143 346 220 724
778 161 1131 206 TnEoPHAms

11 271 213 316 A.M.6284
344 265 491 325 Τούτῳ
527 267 585 325 τῷ
626 263 708 309 ἔτει
739 267 844 322 μηνί
869 266 1144 323 Σεπτεμβρίῳ
1184 261 1516 318 ἐπεστράτευσεν
1543 259 1566 305 ὅ
1592 264 1720 318 βασι·

224 333 324 384 λεὺς
358 332 465 376 κατὰ
494 332 717 390 Ἀράβων,
748 334 824 376 καί
852 333 1027 389 α’ποίρας
1053 333 1100 375 ἐκ
1129 333 1209 374 τοῦ
1231 327 1456 385 Ἀμωριόυ
1490 327 1618 389 α’πῄει
1649 331 1722 372 ἐπὶ

186 410 214 445 C
232 402 404 458 Ταρσὸν
432 403 507 458 τῆς
538 401 758 452 Κιλικίας.
819 399 959 445 ἐλθών
989 402 1037 443 δὲ
1065 403 1126 450 εἰς
1153 396 1389 452 Ἀνύδρους
1417 397 1607 454 πύργους
1634 394 1720 439 πά-

224 475 292 513 λιν
318 466 646 526 ἇνθυπέστρεψε
680 467 798 520 κενὸς
826 471 930 526 μηνί
949 468 1208 526 Ὀκτωβρίῳ,
1244 466 1470 509 ἰνδικτιῶνι
1499 463 1563 508 ιε’.
1593 466 1645 522 τῇ
1672 465 1721 506 ὑὲ

226 535 274 580 ιε’
305 539 384 580 τοῦ
421 538 688 592 Ἰανουαριόυ
729 535 867 593 μηνὸς
907 534 1200 592 παρακληθείς
1248 533 1270 575 ὃ
1299 532 1506 589 βασιλευς
1532 531 1616 574 ὑπὸ
1643 533 1758 587 τῆς5

225 607 341 656 ἰδίας
366 606 530 662 μητρὸς
558 603 634 647 καί
659 607 829 649 πολλῶν
856 605 942 648 τῶν
961 606 1007 648 ἐν
1034 606 1160 660 τέλει,
1187 599 1440 658 οἷναγορεύει
1470 599 1606 655 αὐτὴν
1635 598 1721 642 ποί-

224 679 308 728 λιν,
337 673 412 716 καί
439 673 805 730 συνευφημίζεται
833 672 916 716 σύν
949 673 1083 730 αὐτῷ,
1110 671 1168 721 ὥς
1201 672 1245 722 ἐξ
1274 670 1413 726 ἀρχῆς
1445 667 1721 712 Κωνσταντί-

225 758 302 784 νου
333 742 408 783 καί
435 740 633 796 Εἰρήνης.
692 740 767 783 καί
795 739 947 790 πάντες
974 741 1054 794 μὲν
1090 740 1421 793 πειθαρχοῦσιν.
1481 735 1528 780 τὸ
1557 737 1605 778 δὲ
1636 737 1722 779 ταῖν

222 809 516 864 Ἀρμενιακῶν
556 809 672 861 θέμα
714 808 932 858 ἐκστάντες
974 806 1081 863 πρὸς
1119 808 1242 850 τοῦτο
1281 803 1611 862 στασιάζουσιν,
1649 803 1724 846 καί

225 878 501 933 ἐπιζητοῦσιν
538 875 734 928 Ἀλέξιον
774 875 849 918 τὸν
879 874 960 931 πρὸ
989 877 1150 931 μικροῦ
1189 872 1536 930 στρατηγήσαντα
1565 871 1721 927 αὐτῶν,
1741 893 1768 920 ῃ

223 943 271 988 τὸ
305 945 541 1000 τηνικαῦτα
569 946 644 987 τοῦ
673 946 887 999 βασιλέως
918 942 1027 997 μετὰ
1047 941 1175 998 λόγου
1204 942 1608 998 προσκαλεσαμένου
1640 940 1722 982 αὕ-

225 1011 312 1068 viv,
340 1010 414 1054 καί
440 1013 492 1071 τῇ
520 1014 599 1054 τοῦ
627 1012 852 1068 πατρικίου
887 1012 984 1071 ἀξίᾳ
1016 1010 1291 1067 τιμήσαντος,
1332 1008 1406 1051 καί
1435 1006 1540 1065 πρὸς
1565 1005 1723 1051 ἑαυτὸν

227 1080 531 1135 κατασχόντος.
603 1082 756 1122 τοῦτον
795 1074 870 1121 οὖν
914 1078 987 1122 διὰ
1021 1078 1100 1134 τὴν
1130 1076 1330 1133 τοιαύτην
1359 1074 1619 1133 ἐπιζήτησιν,
1650 1078 1729 1118 καί

183 1158 343 1197 Βτιιιας
373 1148 519 1203 λόγους
553 1149 654 1202 περὶ
688 1148 828 1190 αὐτοῦ
861 1146 1158 1204 ῥεσκομένους,
1187 1146 1246 1196 αἱς
1273 1148 1445 1199 μέλλειν
1474 1143 1608 1187 αὐτὸν
1637 1147 1721 1199 βα..

225 1215 415 1259 σιλεύειν
448 1217 594 1270 ἀείρας
625 1216 702 1257 καί
729 1215 969 1269 κουρεύσας
998 1216 1044 1257 έν
1073 1217 1130 1272 τῷ
1159 1216 1405 1273 πραιτωρίῳ
1435 1214 1634 1255 ἀπέθετο.
1663 1214 1768 1271 τῷιξ

226 1285 274 1326 δὲ
303 1285 464 1341 Ἰουλίῳ
507 1285 613 1339 ιιιηνί
641 1284 972 1339 ἐπεστράτευσεν
1015 1281 1120 1325 κατὰ
1151 1282 1427 1338 Βουλγοίρων,
1458 1280 1532 1323 καί
1557 1278 1724 1323 ἔκτισεν

224 1349 274 1392 τὸ
303 1349 488 1406 κάστρον
517 1354 813 1406 Μαρκέλλων·
880 1353 954 1393 καί
981 1352 1034 1409 τῇ
1074 1350 1245 1407 εἰκοστῇ
1276 1352 1354 1392 τοῦ
1381 1350 1559 1392 Ἰουλίου
1588 1347 1723 1404 μηνὸς

225 1421 406 1474 ἐξῆλθεν
440 1417 680 1474 Κάρδαμος
711 1418 732 1461 ὃ
767 1420 889 1473 κύρις
934 1420 1010 1474 τῆς
1051 1420 1304 1473 Βυλγαριάς
1339 1415 1451 1472 μετὰ
1480 1416 1619 1473 πάσης
1647 1418 1724 1472 τῆς

227 1485 450 1541 δυνάμεως
486 1487 650 1538 αῦτοῦ,
686 1489 760 1529 καί
788 1485 889 1542 ἔστη
925 1489 971 1529 έν
1000 1493 1089 1535 τοῖς
1127 1483 1398 1543 ὀχυρώμασι.
1457 1481 1724 1540 θερμοπνοή-

226 1570 308 1604 σας
341 1556 389 1597 δὲ
427 1553 448 1596 ὃ
481 1555 709 1612 βασιλεύς,
753 1556 827 1596 καί
871 1552 956 1596 ὑπὸ
999 1555 1371 1610 ψευδοπροφητῶν
1407 1555 1623 1609 πεισθείς,
1666 1552 1768 1602 ώς24

227 1624 361 1665 αὐτοῦ
391 1620 514 1666 ἔσται
554 1621 579 1679 ἦ
611 1624 734 1679 νίκη,
768 1623 966 1672 α’σκόπως
998 1621 1073 1665 καί
1105 1618 1299 1671 ἀτάκτως
1337 1623 1569 1676 συνέβαλεν
1596 1621 1722 1663 πόλε·

327 1760 360 1806 4.
386 1758 620 1807 α’νθυπέστρ.
649 1762 690 1801 Α,
718 1759 903 1806 ιῖνθύστρ.
928 1759 1025 1805 vulg.
1145 1771 1180 1804 9.
1210 1759 1410 1799 ἐνστάντες
1436 1758 1478 1793 Α.
1580 1759 1632 1803 ι4.
1660 1756 1722 1806 ρε-

328 1811 563 1856 σκουμένους
586 1811 627 1851 A,
656 1808 886 1858 ῥευκόμενος
913 1809 930 1843 f
948 1809 993 1855 (Ρ)
1121 1821 1172 1855 ¹7·
1199 1801 1241 1844 τὸ
1267 1808 1352 1842 add.
1380 1819 1425 1842 ex
1449 1808 1489 1842 A.

42 1942 216 1990 A.C.784
326 1939 405 1974 Hoc
439 1951 536 1974 anno
561 1951 687 1974 mense
723 1941 931 1987 Septembri
974 1942 1171 1988 imperator
1203 1946 1341 1975 armata
1380 1953 1489 1975 manu
1522 1941 1561 1974 in
1586 1940 1722 1975 Arabes

230 1987 419 2034 profectus
447 1995 519 2033 est;
551 1989 596 2021 ab
622 1991 769 2023 Amol-io
796 1996 917 2024 autem
938 2002 1100 2032 movens,
1125 1991 1278 2024 Tarsum
1306 1990 1459 2024 Ciliciae
1485 1989 1609 2023 urbem
1638 2001 1724 2035 per·

232 2038 338 2070 rexit.
391 2036 437 2070 ad
466 2043 582 2070 turres
610 2044 732 2070 autem
753 2038 915 2082 Anydras
941 2039 992 2072 ita
1020 2039 1134 2072 dictas
1162 2040 1323 2078 veniens,
1354 2049 1390 2072 re
1414 2050 1560 2084 prorsus
1586 2038 1722 2071 infecta

232 2085 419 2126 remeavit,
446 2097 568 2118 mense
597 2086 772 2127 Octobri,
812 2087 1014 2120 indictione
1051 2087 1190 2121 decima
1235 2088 1375 2132 quinta.
1434 2087 1566 2130 mensis
1599 2092 1722 2119 autem

231 2133 391 2167 Ianuarii
419 2132 480 2166 die
507 2133 650 2166 decimo
676 2135 807 2180 quinto
833 2135 877 2168 ab
910 2136 988 2181 ipsa
1017 2142 1132 2169 matre
1159 2135 1358 2182 multisque
1387 2134 1626 2180 optimatibus
1654 2145 1723 2167 ex-

233 2187 368 2220 oratus,
398 2181 663 2226 imperatricem
690 2184 820 2216 iterum
847 2194 925 2216 eam
961 2185 1163 2224 renunciat,
1198 2189 1235 2216 et
1258 2195 1338 2217 cum
1368 2195 1410 2216 eo
1438 2183 1565 2215 faustis
1591 2183 1721 2228 populi

234 2229 572 2270 exclamationibus,
601 2231 703 2263 velut
728 2231 828 2272 olim,
865 2233 1055 2278 excipitur,
1085 2233 1123 2266 in
1149 2232 1239 2264 haec
1267 2231 1388 2272 verba,
1415 2231 1658 2264 Constantino
1685 2236 1723 2264 et

233 2279 338 2311 Irene
363 2277 498 2310 multos
524 2289 650 2311 annos.
701 2280 930 2324 imperatoris
948 2281 1082 2326 placito
1108 2280 1227 2313 cuncti
1257 2285 1466 2324 paruerunt.
1520 2280 1635 2313 solum
1658 2280 1723 2311 Ar-

233 2326 478 2359 meniacorum
509 2325 631 2358 thema
664 2328 717 2359 rei
745 2328 908 2361 novitate
944 2329 1149 2374 perculsum
1188 2328 1454 2369 tumultuatur,
1491 2334 1528 2362 et
1554 2327 1721 2361 Alexium

234 2374 374 2420 pridem
403 2385 507 2407 suum
532 2373 672 2413 ducem,
698 2386 807 2419 quem
835 2377 1034 2421 imperator
1063 2375 1223 2422 quodam
1267 2375 1423 2409 obtentu
1449 2381 1655 2410 revocatum
1686 2381 1724 2408 et

233 2422 379 2468 patricii
401 2422 580 2466 dignitate
605 2429 808 2467 promotum
837 2435 948 2469 penes
971 2436 1008 2458 se
1028 2425 1237 2465 retinuerat,
1274 2425 1485 2458 accersitum
1511 2424 1581 2458 sibi
1618 2423 1723 2457 reddi

236 2476 274 2504 et
299 2471 338 2503 in
363 2470 519 2503 officium
549 2471 691 2503 restitui
722 2472 937 2505 sollicitant.
974 2484 1056 2506 eum
1086 2473 1226 2518 itaque,
1253 2472 1353 2518 quod
1380 2478 1482 2506 tanto
1509 2472 1638 2505 ardore
1665 2483 1723 2505 re-

235 2519 430 2565 petiissent
455 2519 683 2559 Armeniaci,
712 2518 886 2566 quodque
916 2531 1100 2553 sermones
1130 2520 1175 2553 de
1207 2529 1275 2562 eo,
1300 2522 1404 2567 quasi
1430 2521 1476 2554 de
1503 2522 1724 2566 imperatore
1746 2521 1752 2523 ⁷

238 2569 377 2607 futuro,
401 2567 440 2599 in
464 2568 592 2611 vulgus
618 2574 882 2612 spargerentur,
909 2569 1169 2602 Constantinus
1194 2570 1407 2602 verberibus
1431 2581 1575 2602 caesum
1603 2573 1639 2602 et
1665 2579 1725 2601 ca-

237 2615 338 2660 pillis
368 2614 563 2650 detonsum
587 2616 627 2648 in
653 2617 873 2660 praetorium
901 2616 1065 2650 detrusit.
1118 2629 1225 2663 porro
1256 2618 1347 2651 Iulio
1377 2629 1499 2651 mense
1517 2617 1723 2650 exercitum

238 2664 277 2695 in
299 2662 470 2707 Bulgaros
497 2663 695 2708 expedivit,
723 2670 760 2697 et
784 2670 936 2698 castrum
958 2665 1217 2698 Marcellorum
1242 2665 1419 2699 condidit.
1451 2665 1612 2699 eiusdem
1638 2676 1723 2697 vero

238 2711 371 2743 mensis
397 2712 481 2743 Iulii
507 2711 567 2744 die
589 2712 771 2753 vicesimo,
799 2712 996 2746 Cardamus
1020 2714 1210 2756 Bulgariae
1237 2714 1405 2755 domnus,
1431 2714 1546 2759 copiis
1573 2713 1724 2746 ditionis

241 2770 328 2791 suae
352 2759 522 2792 omnibus
552 2759 706 2800 eductis,
736 2760 966 2806 postmodum
990 2762 1027 2794 in
1055 2762 1144 2795 locis
1166 2763 1315 2795 munitis
1343 2762 1514 2796 substitit.
1566 2762 1723 2805 impera-

241 2813 299 2840 tor
331 2807 486 2842 iuvenili
531 2807 661 2842 ardore
699 2821 892 2844 succensus
919 2816 956 2844 et
982 2821 1002 2843 a
1027 2810 1128 2845 falsis
1168 2810 1312 2846 vatibus
1343 2811 1530 2846 victoriam
1556 2811 1590 2844 ei
1617 2819 1725 2856 prae-
