1768 3106
262 98 384 178 ’4οο
828 123 1176 168 THEOPHANIS

266 228 455 284 Περσῶν
484 226 665 282 α’νεῖλον,
691 225 793 275 τούς
828 229 875 269 δὲ
909 227 1179 280 αἷμαλιότους
1217 226 1417 282 λαβόντες
1445 226 1534 271 σῦν
1552 230 1604 287 τῇ
1633 229 1739 272 «3⁷10-

261 298 394 354 σκέυῇ
425 292 714 354 τὸξφρούριον
742 297 851 352 πυρί
877 296 1148 351 παρέδωκαν.
1206 294 1229 336 ὅ
1263 297 1311 337 δὲ
1332 295 1582 347 Φιλιππικὸς
1612 294 1740 349 αὖθις

259 365 320 414 εἷς
348 361 591 415 Βυζάντιον
609 361 684 419 τὴν
703 361 813 405 ’ὁδὸν
830 362 1074 418 ἐποιήσατο,
1103 361 1355 417 Ἱῑῖροέκλειον
1371 363 1614 408 καταλιπών
1642 364 1739 423 ἦγε-

260 432 371 485 μόνα
395 429 642 484 ίΙῑῑωμαίων.
667 429 809 473 ἐλθών
839 431 887 472 δὲ
914 431 976 480 εἰς
1011 428 1191 486 Ταρσόν,
1221 432 1297 472 καί
1325 429 1483 483 μαθών
1510 427 1573 475 ὅτι
1602 433 1632 475 ’ὅ
1660 437 1741 489 βα-

260 497 405 548 σιλεῦς
432 499 625 552 Πρίσκον
650 497 854 552 ἀνατολῆς
885 495 1121 553 στρατηγόν
1151 496 1768 558 χειροτονήσαςἀπέστειλενῤ

261 564 421 623 γράφει
455 563 695 622 (Ηρακλείῳ
741 563 1012 607 καταλιπόντι
1050 563 1095 607 τό
1137 565 1383 621 στράτευμα
1419 566 1479 616 εἰς
1510 567 1743 623 Ἀρμενίαν

259 634 583 688 παραγενέσθαι
614 632 716 687 πρὸς
746 634 940 688 Ναρσῆν,
970 634 1046 675 καί
1069 630 1249 687 τὴντοῦ
1275 635 1471 689 Πρίσκου
1500 637 1744 690 παρουσίαν

264 700 447 757 κατάδη)
452 715 498 742 ον
527 700 715 754 ποιῆσαι.
772 695 825 755 ἦν
852 697 933 755 γάρ
969 698 992 741 ὅ
1023 697 1301 755 αὖτοκράτωρ
1333 703 1654 761 τῷΦιλιππικιῆ
1679 719 1744 744 κε-

224 767 442 825 (ἕλε’όσας,
471 767 674 848 τετάρτην
715 771 871 823 μοῖραν
902 770 978 823 τῆς
1006 765 1134 824 ῥόγας
1163 769 1222 825 τιὸ
1248 769 1414 825 στρατῷ
1441 768 1743 826 ἀποστερῆσαι.

261 837 406 879 ἐνόσει
429 834 519 891 γὰρ
553 837 799 891 ΙΠαυρικιος
827 832 874 878 τὸ
912 836 1191 916 φιλόχρυσον.
1244 832 1270 876 ὅ
1295 837 1350 879 δὲ
1384 835 1637 888 Φιλιππικὸς
1666 854 1768 895 spo-1

260 906 411 960 βηθείς
438 902 509 959 μή
532 904 708 961 α’φορμῇ
732 903 987 959 τυραννίδος
1013 904 1183 958 γένηται
1197 904 1341 960 τοῦτο,
1371 903 1431 962 τῶ
1459 907 1635 958 βασιλεῖ’
1662 908 1745 961 οὔχ

261 969 501 1027 ὑπήκουσε,
532 968 611 1012 διὰ·
646 967 696 1012 τὸ
725 971 798 1027 τῆς
831 972 1058 1027 στρατείας
1099 971 1419 1013 α’ποπαϋεσθαι.
1478 971 1673 1028 Πρίσκος
1699 975 1748 1017 δὲ

262 1038 518 1093 καταλαβών
561 1036 639 1094 τήν
663 1036 941 1093 Ἀντιόχειαν
979 1036 1233 1094 προστάττει
1261 1037 1359 1088 τοὺς
1386 1039 1648 1094 στρατιώτας
1675 1041 1749 1083 ἐπὶ

262 1106 310 1149 τό
344 1103 626 1162 Μονόκοιρτον
654 1107 928 1162 συναχθῆναι
944 1123 958 1135 >·
1017 1109 1319 1162 προσκαλεῖται
1348 1107 1396 1148 δὲ
1423 1109 1500 1149 καί
1521 1107 1747 1163 «Γερμανὸν

262 1173 339 1217 τὸν
363 1174 439 1229 τὴν
453 1168 711 1229 Ἐδεσσηνιόν
731 1171 870 1229 α’ρχὴν
886 1175 1220 1227 πεπιστευμένον
1243 1172 1322 1216 οὐν
1341 1175 1399 1231 τῷ
1419 1171 1646 1234 ἑπισκόπῳ·
1677 1178 1768 1222 καί]

261 1242 343 1285 σὺν
374 1241 519 1292 αὐτοῖς
555 1240 663 1296 πρὸς
701 1242 747 1283 τό
794 1240 1087 1296 στρατόπεδον
1128 1241 1353 1298 α’πήρχετο,
1393 1240 1468 1297 τήν
1496 1239 1643 1299 ἑορτήν
1670 1246 1748 1286 τοῦ

262 1310 413 1364 πάσχα
442 1308 524 1352 σὺν
551 1308 699 1358 αὐτοῖς
728 1307 1015 1364 ποιησόμενος.
1078 1306 1118 1351 οἱ
1152 1310 1199 1350 δὲ
1228 1309 1429 1364 ἡγεμόνες
1453 1311 1531 1353 τοῦ
1557 1313 1747 1367 στρατοῦ

265 1374 516 1433 ὑπήντησαν
567 1375 685 1434 αὑτῷ
722 1374 827 1430 μετὰ
863 1379 947 1418 τῶν
987 1377 1158 1431 βάνὸων
1198 1375 1283 1418 α’πὸ
1328 1374 1408 1419 δυό
1452 1378 1638 1434 σημείων
1670 1381 1748 1422 τοῦ

269 1445 578 1501 στρατοπέδου.
635 1442 657 1484 ὃ
690 1445 738 1485 δὲ
768 1446 965 1498 Πρίσκος
990 1443 1095 1486 κατὰ
1139 1442 1187 1486 τὸ
1221 1442 1372 1494 εἰωθὸς
1399 1443 1478 1486 οὔκ
1507 1444 1644 1501 ἀπέβη
1670 1447 1748 1488 τοῦ

223 1512 413 1569 Βῗππου,
443 1511 545 1554 οὐδὲ
574 1516 667 1562 ταῖς
698 1512 906 1567 συνήθεσι
931 1512 1235 1569 προσηγορίαι-ς
1262 1510 1494 1569 ἐχρήσατο.
1554 1514 1768 1560 ἑντεῦθενς

363 1661 397 1684 2.
423 1651 519 1696 πυρὶ
544 1649 627 1686 add.
652 1660 696 1686 ex
723 1650 819 1685 coni.
855 1649 966 1684 Goari
999 1650 1063 1684 cfr
1097 1662 1133 1696 p.
1170 1650 1338 1695 415,13
1465 1651 1504 1686 6
1525 1649 1750 1709 Ἡράκλειον

361 1698 618 1736 καταλιπόντα
640 1701 679 1732 A.
789 1711 837 1753 9.
866 1698 917 1744 τῷ
941 1698 1088 1747 στρατῶ
1115 1699 1156 1740 Α,
1182 1711 1233 1754 τῳ
1265 1709 1458 1746 στρατηγῳ
1487 1699 1512 1740 f,
1538 1695 1605 1736 τὸν
1631 1711 1748 1747 στρα-

361 1743 484 1805 τηγὸν
506 1758 538 1788 e,
565 1743 632 1783 τὸν
662 1743 826 1805 στρατὸν
852 1747 948 1790 vulg.
1074 1758 1126 1780 11.
1154 1742 1220 1783 τὸν
1248 1748 1410 1803 βασιλέα
1436 1748 1463 1780 Α
1492 1746 1515 1781 b
1542 1748 1567 1781 f.
1689 1752 1741 1793 14.

362 1794 559 1843 Γερμόνον
588 1807 608 1829 a
634 1794 658 1836 f,
687 1793 857 1842 ἡγεμόνα
879 1796 976 1839 vulg.
1102 1796 1154 1831 16.
1181 1793 1281 1843 πρὸς
1306 1790 1347 1829 τὸ
1373 1815 1419 1821 -
1444 1815 1493 1830 -,
1517 1790 1589 1833 σὺν
1615 1794 1746 1836 αὐτοῖς

363 1855 433 1878 om.
459 1843 484 1878 f.
615 1854 668 1890 ¹7·
699 1843 961 1890 ποιησάμενος
991 1843 1019 1876 A
1047 1842 1070 1876 b
1096 1843 1122 1877 f.
1250 1845 1301 1879 18
1330 1841 1459 1883 αὐτοῖς
1483 1854 1516 1877 a.

266 1982 408 2024 occisis,
435 1982 520 2016 aliis
546 1994 627 2017 cum
650 1989 825 2030 apparatu
845 1983 979 2017 bellico
1006 1983 1044 2017 in
1073 1983 1322 2030 captivitatem
1347 1982 1476 2024 (luctis,
1500 1982 1583 2027 igne
1599 1982 1745 2017 tandem

265 2031 312 2063 ab
338 2031 391 2064 eis
416 2030 629 2065 absumitur.
681 2042 789 2077 porro
814 2031 1050 2078 Philippicus,
1077 2031 1244 2065 Heraclio
1273 2031 1424 2065 Romani
1453 2031 1634 2064 exercitus
1659 2032 1745 2064 reli-

265 2084 324 2112 cto
351 2078 514 2121 ductore,
540 2091 661 2113 rursus
679 2080 889 2123 Byzantium
921 2080 991 2114 iter
1017 2085 1133 2126 parat.
1183 2080 1336 2113 Tarsum
1360 2078 1568 2120 adveniens,
1588 2079 1744 2113 Priscum

264 2127 418 2160 orientis
457 2127 584 2160 ducem
620 2128 665 2160 ab
704 2129 921 2173 imperatore
961 2134 1122 2162 creatum
1171 2128 1315 2173 iamque
1364 2127 1509 2160 missum
1546 2127 1741 2172 intelligit:

264 2186 379 2220 quare
408 2174 535 2209 scribit
559 2176 738 2217 Heraclio,
768 2181 808 2209 ut
834 2177 960 2209 relicto
991 2177 1152 2210 exercitu
1179 2175 1365 2208 Narsetem
1395 2175 1432 2208 in
1459 2175 1626 2208 Armenia
1652 2186 1744 2208 con-

263 2222 401 2262 veniat,
429 2227 466 2256 et
492 2223 597 2256 Prisci
623 2223 818 2257 adventum
853 2224 963 2257 faciat
986 2224 1230 2257 manifestum.
1282 2221 1523 2268 Philippicum
1549 2223 1742 2268 siquidem,

265 2275 306 2304 ut
329 2275 459 2316 quarta
489 2271 663 2316 stipendii
694 2278 797 2317 parte
823 2273 981 2317 privaret
1005 2272 1220 2311 exercitum,
1250 2271 1380 2304 litteris
1405 2271 1559 2304 iusserat
1582 2272 1742 2316 impera-

264 2324 336 2352 tor.
387 2318 562 2352 avaritiae
584 2320 723 2366 quippe
749 2319 875 2353 morbo
903 2320 1043 2363 gravius
1064 2318 1254 2352 laborabat
1279 2318 1488 2352 Mauricius.
1540 2324 1578 2352 at
1604 2319 1743 2366 Philip-

263 2367 367 2413 picus
393 2371 581 2408 metuens,
608 2378 654 2400 ne
679 2367 766 2400 inde
792 2367 994 2410 tyrannidis
1030 2366 1242 2400 excitandae
1271 2367 1412 2400 occasio
1439 2367 1597 2408 daretur,
1625 2367 1742 2413 impe-

266 2414 377 2448 ratori
400 2414 546 2447 minime
571 2415 702 2460 paruit,
726 2415 825 2460 quod
851 2426 888 2448 se
923 2427 942 2448 a
971 2414 1118 2460 regendi
1151 2415 1331 2448 exercitus
1357 2426 1506 2448 munere
1528 2414 1743 2455 abdicasset.

265 2467 444 2496 caeterum
471 2463 611 2496 Priscus
635 2462 866 2495 Antiochiam
906 2464 1092 2508 appulsus,
1134 2463 1266 2496 milites
1303 2462 1349 2496 ad
1375 2463 1627 2497 Monocartum
1652 2475 1745 2497 con-

263 2512 387 2544 venire
413 2511 541 2544 iussit:
566 2515 605 2543 et
630 2511 824 2551 Germano,
849 2511 908 2543 cui
940 2510 1204 2544 Edessenorum
1230 2511 1453 2556 principatus
1472 2516 1550 2544 erat
1575 2512 1746 2545 commis-

263 2571 337 2600 suS,
380 2570 460 2592 cum
485 2557 584 2591 urbis
623 2558 789 2604 praesule
831 2557 1022 2599 advocato,
1049 2558 1184 2591 eisdem
1209 2559 1402 2592 comitibus
1427 2559 1587 2604 perrexit
1614 2558 1659 2592 ad
1685 2571 1746 2593 ca-

263 2612 348 2648 stra,
366 2618 438 2641 una
462 2617 541 2640 cum
559 2607 610 2639 eis
632 2606 838 2652 paschalem
862 2606 1132 2639 solemnitatem
1157 2612 1379 2652 peracturus.
1430 2607 1608 2640 exercitus
1633 2606 1743 2641 duces

262 2655 388 2688 castris
417 2654 547 2700 egressi
574 2653 619 2688 ad
644 2666 768 2700 passus
795 2654 851 2687 his
879 2654 978 2687 mille
1006 2653 1136 2688 bandis
1164 2655 1268 2688 elatis
1294 2660 1547 2701 processerunt
1571 2653 1714 2688 obviam
1731 2669 1741 2688 :

261 2702 402 2736 Priscus
427 2702 573 2748 pristini
599 2703 709 2736 moris
739 2702 876 2736 oblitus
903 2712 999 2748 equo
1041 2714 1115 2736 non
1143 2701 1293 2744 desiliit,
1323 2713 1444 2749 neque
1470 2702 1654 2736 consuetis
1683 2714 1738 2736 sa·-

262 2750 504 2786 lunationibus
535 2762 596 2787 eos
621 2751 774 2797 excepit.
824 2749 915 2784 haec
949 2751 1119 2785 concitati
1146 2753 1183 2784 in
1210 2762 1291 2785 eum
1320 2750 1397 2784 odii
1424 2750 1641 2797 primordia:
1667 2762 1738 2797 pu-
