1786 3204
259 166 278 200 1
293 164 365 200 20
812 156 1159 202 THEOPHANlS

135 271 179 306 V.
192 272 234 308 53
250 261 426 317 πόλεως,
459 260 566 306 ἄλλα
598 262 673 304 καί
702 259 872 319 Θρᾴκης
902 258 974 302 καὶ
995 259 1147 309 Ἀσίας
1175 259 1249 300 καί
1264 253 1455 299 Πόντου.
1512 251 1624 299 ὥστε
1651 256 1728 298 καὶ

247 330 332 388 πρὸ
361 333 436 386 τῆς
464 329 588 384 ἁγίας
618 330 662 369 ἐν
692 326 936 384 Χαλκηδόνι
969 325 1148 369 συνόδου
1189 325 1273 367 ταῖν
1303 323 1534 379 ἐκκλησιῶν
1560 320 1725 365 τούτων

247 398 269 440 ὃ
311 394 800 444 Κωνσταντινουπόλεως
837 390 980 450 ἦρχεν.
1070 388 1396 440 Μακεδονιανὸς
1451 392 1500 433 δέ
1541 406 1608 439 τις
1650 388 1726 432 διὰ

246 467 324 522 τῆς
351 466 430 508 τοῦ
467 460 627 519 πατρὸς
654 463 934 510 διδασκαλίας
963 462 1203 516 προσῆλθεν
1233 460 1280 501 ἐν
1305 459 1359 516 τῇ
1388 457 1613 517 ἐκκλησίᾳ·
1645 476 1725 500 πα-

244 533 445 588 ραινέσας
477 532 523 573 δὲ
552 531 627 572 καί
652 531 706 586 τῇ
734 529 823 587 ἰδίᾳ
862 529 1033 584 γυναικί
1063 528 1318 581 ἐπιστρέψαι
1348 527 1423 568 καί
1451 526 1762 581 κοινωνῆσαι,5

242 599 366 655 μόλις
393 596 575 640 ἔπεισεν.
647 596 672 651 ἦ
705 598 752 639 δὲ
793 594 872 650 τήν
902 595 1124 637 κοινωνίαν
1155 595 1291 636 δοῦσα
1320 595 1372 651 τῇ
1401 592 1492 652 ἰδίᾳ
1521 594 1723 651 παιδίσκῃ

243 669 291 711 ἐκ
320 667 402 710 τῶν
431 665 780 717 Μακεδονιανιῦν,
811 664 1028 705 ἐκέλευσεν
1073 659 1188 715 ἔχειν
1213 663 1310 715 μεθ’
1337 658 1511 717 ἑαυτῆς.
1571 661 1646 702 καί
1673 657 1723 715 δι’]

242 735 541 791 προσελθοῦσα
569 734 628 789 τῷ
646 730 956 788 Χρυσοστόμῳ,
986 727 1060 771 καί
1082 728 1290 784 δεξαμένη
1321 727 1400 785 την
1423 729 1648 771 κοινωνίαν
1678 730 1726 771 ἐκ

201 805 324 851 Οτῶν
351 800 483 856 ἁγίων
507 799 642 842 αὐτοῦ
664 799 826 855 χειρῶν
842 831 853 849 ,
875 798 1161 854 ὖποκριθεῖσα
1186 797 1345 852 ταύτην
1369 795 1728 856 μεταλαμβάνειν,

239 866 434 925 ἐσχάτως
472 867 687 909 α’πέδωκεν
724 864 883 920 ταύτην
911 866 964 922 τῇ
989 863 1207 922 παιδίσκῃ,
1238 864 1313 906 καί
1329 864 1523 919 λαβοῦσα
1542 861 1619 914 τὴν
1645 864 1727 906 τῶν
1745 883 1786 910 10

239 934 579 981 Μακεδονιανῶν
618 932 824 989 προσάγει
866 933 928 990 τῷ
961 931 1144 985 στόματι
1171 930 1247 974 καί
1280 927 1404 990 εὗρεν
1433 928 1569 987 αὐτὴν
1606 933 1729 974 λίθον

240 1007 480 1059 γεγονυῖαν·
510 1000 585 1044 καί
615 1002 805 1058 φρίξασα
833 1001 1077 1056 προσῆλθεν
1104 996 1344 1056 ὑπότρομος
1372 1005 1462 1051 τοῖς
1490 1001 1616 1042 ποσίν
1639 1001 1727 1043 Ἰω-

244 1070 388 1120 άννου,
420 1066 733 1125 ἑξαγορεύουσα
762 1067 809 1109 τὸ
827 1065 1026 1123 τόλμημα
1045 1065 1120 1109 καί
1145 1069 1384 1124 εἰλικρινῶς
1405 1069 1727 1124 προσερχομένη

240 1139 291 1195 τῇ
323 1137 536 1196 ἐκκλησίᾳ.
597 1135 619 1177 ὃ
651 1137 697 1177 δὲ
719 1136 838 1184 λίθος
867 1136 913 1177 ἐν
946 1136 1005 1192 τῷ
1036 1137 1387 1194 σκευοφυλακείῳ
1416 1135 1607 1191 α’πετέθη
1637 1151 1723 1191 φυ·

239 1203 481 1248 mmo-Sat.
539 1200 565 1260 ἦ
597 1205 645 1246 δὲ
669 1205 748 1245 τοῦ
762 1201 1082 1258 Χρυσοστόμου
1118 1201 1318 1258 ἐπιστολὴ
1351 1202 1376 1259 ἦ
1411 1201 1786 1262 2:969Os615m-15

243 1288 319 1328 ρον
363 1273 695 1326 Μοψουεστιάς,
738 1268 839 1325 οὐχὶ
877 1267 985 1324 πρὸς
1025 1267 1102 1313 τὸν
1131 1272 1327 1325 πρῶτον,
1369 1266 1480 1314 ἄλλα
1513 1269 1622 1327 πρὸς
1650 1269 1723 1313 τὸν

244 1337 427 1396 ἔσχατον
454 1336 678 1395 γενόμενόν
706 1338 831 1384 ἐστιν.
883 1336 1108 1395 Ἀρσένιος
1138 1339 1185 1381 δὲ
1213 1337 1235 1380 ὁ
1262 1340 1398 1395 μέγας
1427 1337 1534 1381 κατὰ
1569 1335 1728 1393 κόσμον

352 1499 380 1520 ι.
406 1483 500 1522 ἀλλὰ
539 1487 604 1521 καὶ
639 1486 782 1534 Θρᾴκης
814 1487 880 1521 καὶ
915 1484 1045 1527 Ἀσίας
1076 1488 1144 1522 καὶ
1167 1486 1327 1524 Πόντου
1351 1486 1399 1529 A,
1425 1481 1521 1521 ἀλλὰ
1548 1487 1613 1522 καὶ
1640 1484 1728 1527 τούς

349 1537 502 1582 Θρᾷκας
525 1537 590 1569 καὶ
609 1534 743 1574 Ἀσίας
769 1537 836 1570 καὶ
855 1534 1014 1572 Πόντον
1039 1536 1137 1580 vulg.
1281 1546 1315 1569 2.
1339 1535 1418 1574 τῶν
1442 1534 1650 1578 ἐκκλησιῶν
1672 1536 1700 1569 A
1715 1561 1727 1577 ,

338 1578 406 1623 τὰς
428 1584 621 1627 ἐκκλησίας
643 1584 740 1628 vulg.
884 1583 917 1616 3.
943 1583 1190 1623 Μακεδόνως
1219 1584 1249 1617 A
1274 1584 1301 1618 f.
1443 1583 1477 1627 4.
1504 1585 1547 1620 ἐν
1569 1582 1654 1617 add.
1681 1594 1727 1617 ex

336 1634 368 1666 A
392 1631 416 1665 b
442 1643 472 1666 e.
592 1633 627 1666 6.
654 1626 721 1676 τὴν
747 1642 900 1667 κοινων.
926 1630 957 1664 Α
984 1643 1027 1673 e,
1051 1644 1147 1669 κοιν.
1173 1632 1272 1678 vulg.
1411 1642 1444 1677 7.
1471 1632 1663 1667 ἐκέλευσεν
1683 1632 1726 1673 A,

335 1679 515 1728 ἐκόμισεν
540 1680 638 1724 vulg.
771 1681 806 1714 8.
825 1679 876 1726 τῴ
901 1678 987 1723 add.
1015 1691 1061 1714 ex
1083 1681 1126 1714 A.
1281 1690 1334 1714 ιο.
1364 1679 1562 1716 ἀπέδωκεν
1588 1679 1727 1723 ταύτην

340 1730 385 1771 A,
412 1728 514 1764 ἐπὲδ.
541 1723 659 1770 αὐτὴν
682 1727 780 1772 vulg.
852 1725 872 1770 ἢ
898 1727 1080 1772 παιδίσκη
1105 1729 1135 1762 A
1162 1738 1194 1770 e,
1219 1727 1261 1777 τῇ
1287 1727 1470 1776 παιδίσκῃ
1494 1728 1592 1774 vulg.
1671 1739 1724 1762 ια.

333 1777 567 1823 προσῆλθεν]
593 1772 706 1819 ἦλθεν
733 1777 774 1817 Α,
795 1774 971 1819 εἰσῆλθεν
996 1786 1027 1809 e.
1154 1779 1207 1822 ¹4·
1229 1775 1495 1824 φυλάττεσθαι
1516 1777 1558 1819 A,
1579 1777 1726 1825 φυλατ-

334 1823 495 1872 τόμενος
521 1824 616 1869 vulg.
719 1824 770 1857 16.
798 1826 1074 1870 Μοψουεστίας
1098 1844 1147 1852 --
1172 1845 1221 1852 —
1246 1819 1339 1859 ἀλλὰ
1364 1824 1449 1860 add.
1477 1836 1522 1859 ex
1549 1825 1590 1858 A.
1673 1837 1724 1871 ¹7.

334 1873 366 1906 A
392 1878 429 1907 et
454 1884 474 1907 e
498 1872 775 1920 inscriptionem
800 1873 1068 1919 praemittunt:
1092 1874 1185 1922 περὶ
1207 1873 1274 1910 τοῦ
1298 1872 1469 1922 μεγάλου
1483 1872 1700 1922 Ἁρσενίου.

246 2021 416 2056 ecclesias
442 2022 655 2058 illustravit:
686 2035 730 2057 ex
756 2034 829 2069 quo
855 2029 999 2059 constat
1019 2025 1130 2059 etiam
1155 2030 1242 2059 ante
1268 2023 1464 2060 concilium
1492 2023 1726 2059 Chalcedone

248 2076 412 2104 coactum
439 2076 617 2104 tractuum
646 2070 853 2104 huiusmodi
879 2073 1051 2107 ecclesias
1080 2073 1277 2119 Cpolitano
1307 2073 1469 2120 praesuli
1497 2073 1610 2107 fuisse
1636 2073 1726 2107 sub-

245 2118 370 2151 iectas.
421 2125 599 2152 caeterum
639 2131 659 2152 e
688 2119 898 2153 Macedonii
929 2127 1027 2154 secta
1055 2122 1239 2167 quispiam
1264 2122 1439 2156 exsiliens
1469 2127 1586 2155 sancti
1612 2122 1727 2167 patris

247 2177 354 2199 suasu
395 2172 432 2200 et
459 2166 623 2200 doctrina
667 2166 780 2201 rediit
805 2167 852 2201 ad
876 2169 1085 2203 ecclesiam:
1121 2181 1203 2203 cum
1237 2180 1323 2205 vero
1349 2169 1535 2216 propriam
1561 2181 1727 2211 uxorem,

246 2219 288 2247 ut
317 2212 445 2247 eodem
465 2220 718 2256 reverteretur,
748 2220 786 2249 et
810 2216 984 2250 ecclesiae
999 2218 1293 2251 communionem
1316 2223 1528 2260 resumeret,
1554 2218 1727 2263 frequens

245 2261 412 2295 hortator
442 2262 672 2308 impelleret,
708 2263 769 2296 vix
810 2263 983 2299 obtinuit.
1048 2266 1115 2299 illa
1155 2265 1337 2300 deductae
1378 2277 1502 2299 secum
1525 2266 1682 2300 ancillae
1706 2277 1727 2299 e

245 2308 595 2343 Macedonianorum
624 2315 730 2344 coetu
756 2313 1046 2347 communionem
1070 2319 1256 2359 acceptam
1283 2313 1449 2356 tradidit,
1474 2319 1512 2348 et
1540 2320 1580 2348 ut
1605 2325 1727 2347 secum

246 2357 409 2391 deferret
446 2358 644 2403 praecepit.
709 2358 795 2392 inde
832 2359 880 2393 ad
905 2360 1201 2405 Chrysostomum
1231 2374 1435 2408 progressa,
1461 2367 1499 2396 et
1523 2374 1566 2395 ex
1592 2362 1728 2395 sanctis

247 2405 328 2438 eius
367 2405 534 2438 manibus
571 2407 861 2441 communionem
886 2420 1051 2451 sumens,
1089 2416 1167 2444 tum
1202 2411 1426 2444 comestione
1451 2411 1634 2451 simulata,
1661 2409 1728 2443 de·-

245 2464 345 2487 mum
371 2453 410 2486 in
438 2454 593 2486 ancillae
619 2465 745 2487 manus
777 2466 856 2488 eam
891 2457 1014 2499 mittit,
1039 2462 1077 2491 et
1103 2470 1210 2504 quam
1239 2470 1259 2492 a
1284 2458 1561 2492 Macedonianis
1589 2458 1729 2492 tulerat

245 2506 433 2546 acceptam
459 2502 512 2545 ori
541 2500 722 2542 admovet,
745 2507 782 2536 et
803 2515 889 2536 mox
917 2505 955 2538 in
990 2505 1151 2551 lapidem
1175 2517 1388 2541 conversam
1415 2507 1612 2553 experitur.
1661 2517 1728 2540 ex—

246 2548 460 2583 horrescens
497 2549 562 2582 illa
595 2555 634 2583 et
667 2549 909 2584 tremebunda
945 2552 993 2587 ad
1030 2554 1144 2599 pedes
1182 2555 1332 2589 Ioannis
1363 2553 1583 2595 advolvitur,
1608 2554 1728 2588 scelus

245 2602 468 2631 attentatum
499 2597 635 2631 fatetur
651 2622 660 2638 ‚
690 2597 736 2630 ad
764 2599 952 2633 ecclesiam
978 2602 1135 2648 supplex
1160 2603 1329 2638 accedit:
1353 2603 1449 2649 lapis
1476 2601 1607 2638 exinde
1631 2602 1729 2636 inter

245 2645 395 2678 sacrarii
434 2656 519 2678 vasa
554 2644 752 2678 servandus
788 2645 997 2692 deponitur.
1060 2649 1308 2695 Chrysostomi
1348 2661 1436 2685 vero
1483 2650 1640 2696 epistola
1682 2648 1730 2682 ad

244 2692 483 2727 Theodorum
506 2693 758 2739 Mopsuestiae
804 2695 1038 2741 episcopum,
1076 2710 1153 2731 non
1186 2699 1231 2732 ad
1262 2699 1441 2746 primum,
1472 2698 1537 2733 sed
1562 2698 1610 2731 ad
1633 2709 1731 2738 eum,

245 2741 310 2787 qui
338 2741 468 2774 ultimo
493 2746 703 2786 promotus,
733 2743 937 2788 conscripta
958 2743 1039 2778 fuit.
1099 2747 1272 2781 Arsenius
1297 2747 1445 2781 demum
1471 2747 1536 2793 qui
1561 2757 1735 2790 magnam.-

244 2800 312 2836 per
338 2789 546 2826 universum
570 2789 695 2825 orbem
723 2789 795 2826 sibi
819 2791 952 2828 samam
967 2793 1188 2837 conciliavit,
1213 2796 1431 2844 cunctisque
1460 2794 1569 2831 rebus
1594 2793 1728 2841 despe-
