1768 3106
263 152 381 225 404
827 166 1173 216 THEOPHANJS

262 276 478 332 τοκράτωρ
509 274 700 324 ἱππικαῖς
729 277 935 329 θεωρίαις
963 275 1035 315 καί
1067 270 1327 328 πανηγύρεσι
1350 269 1431 326 τὴν
1459 266 1582 312 πόλιν
1608 270 1734 326 ἐφαί-

261 347 439 400 δρυνεν,
477 344 553 385 καί
578 340 654 392 τὰς
680 345 800 392 νίκας
838 339 1164 396 ἐθριάμβευσεν.
1225 337 1246 380 ὅ
1278 340 1325 380 δὲ
1343 338 1577 392 Ὁρμίσδας
1604 353 1733 391 στρα-

260 409 390 467 τηγὸν
426 409 726 467 χειροτονήσας
765 407 840 452 τὸν
881 407 1042 461 Βαρὰμ
1083 404 1173 460 ἅμα
1209 408 1282 448 καί
1324 402 1531 459 δυνάμεσι
1560 406 1735 452 πολλαῖς

259 476 364 521 κατὰ
393 478 603 526 ,Σουανίας
631 477 844 529 ἐκπέμπει.
903 474 1120 529 ἀδοκήτως
1150 475 1197 516 δὲ
1226 471 1360 531 ταύτῃ
1389 470 1575 527 ἐπιστάς,
1605 486 1736 512 κατα-

261 546 582 601 πολεμηθέντων
612 545 696 585 τῶν
730 541 930 598 Τούρκων
960 539 1043 583 ὖπὸ
1078 542 1161 583 τῶν
1192 542 1391 596 Περσῶν,
1419 540 1614 582 τοσοῦτον
1637 538 1768 593 ‘OQ-5

260 614 415 666 μίσδας
468 609 656 667 ηὗξήθη,
694 607 751 660 ὥς
791 610 864 651 καί
904 606 1062 666 φόρους
1102 606 1145 663 μ’
1183 607 1384 663 χιλιάδας
1421 606 1590 662 χρυσοῦ
1617 606 1733 661 παρὰ

261 680 347 721 τῶν
381 676 581 734 Τοῦρκων
614 680 772 733 λαβεῖν,
797 675 1006 731 πρότερον
1043 675 1198 718 τούτου
1228 673 1280 718 τοὶ
1312 674 1386 718 ἶσα
1414 681 1502 724 τοῖς
1536 672 1737 728 Τούρκοις

259 747 491 803 τελοῦντος.
551 747 631 787 τοῦ
657 746 704 787 δὲ
736 744 902 798 Βαρὰμ
931 741 1154 798 περιδύξου
1186 740 1291 785 κατὰ
1325 741 1399 784 τὸν
1427 739 1609 795 πόλεμον
1637 742 1736 782 τοῦ..

222 819 331 856 (Στον
357 812 584 868 γεγονότος,
613 812 687 853 καί
714 812 773 861 εἰς
802 810 874 854 τὸν
909 809 1091 866 Ἀράξην
1123 809 1315 863 ποταμὸν
1342 808 1736 864 στρατοπεδευομέ-

260 895 349 936 νου,
378 879 400 921 ὁ
431 881 680 932 Μαυρίκιος
705 880 829 921 τοῦτο
854 877 1008 932 μαθὼν
1030 876 1251 931 Ῥωμανὸν
1287 880 1529 933 χειροτονεῖ
1553 892 1733 932 στρατη-
1756 895 1766 920 1

259 946 342 1004 γόν,
373 948 448 989 καί
475 947 520 988 ἐν
551 946 737 1004 Σουανίᾳ
769 945 878 1000 μετὰ
924 942 1144 999 δυνάμεως
1169 947 1338 998 πέμπει.
1406 941 1658 998 καταλαβών
1689 945 1735 985 δὲ

262 1013 284 1055 ὃ
306 1012 524 1068 Ῥωμανός
551 1012 629 1069 τὴν
658 1013 867 1070 Λαζικήν,
908 1012 982 1055 καί
1009 1014 1069 1061 εἰς
1098 1011 1173 1054 τὸν
1205 1011 1378 1054 Φάσιδα
1413 1008 1633 1066 λεγόμενον
1661 1026 1735 1051 πο·

260 1081 410 1138 ταμόν,
439 1082 511 1124 ἐπί
530 1078 605 1136 τὴν
628 1080 865 1134 ’Λλβανιάν
893 1077 1289 1134 στρατοπεδεύεται.
1350 1079 1372 1119 ὅ
1404 1080 1450 1121 δὲ
1478 1077 1639 1134 Βαρὰμ
1667 1076 1738 1120 τὸν

260 1150 344 1191 τῶν
370 1148 594 1202 Ῥωμαίων
632 1144 817 1203 στρατὸν
857 1146 1178 1203 ἐπιδημήσαντα
1227 1144 1440 1202 ἀκηκοώς,
1484 1146 1652 1200 διεγέλα
1692 1142 1736 1185 τό

260 1218 457 1271 πρᾶγμα·
513 1213 722 1268 ἐπεθύμει
750 1215 798 1256 δὲ
813 1216 887 1256 καί
907 1214 1148 1270 Ῥωμαϊκῆς
1179 1213 1457 1269 παρατάξεως
1485 1219 1636 1268 πεῖραν
1664 1215 1768 1254 λα-1

260 1285 375 1337 βεϊν·
433 1282 486 1323 ου’
514 1281 596 1337 γὰρ
626 1277 680 1336 ἦν
711 1283 810 1324 ποτὲ
835 1281 1073 1334 Ῥωμαίους
1104 1279 1358 1336 πολεμήσας.
1417 1278 1571 1334 διαβάς
1599 1282 1740 1322 τοίνυν

262 1349 336 1391 τόν
367 1348 530 1404 γείτονα
558 1346 762 1405 ποταμόν,
793 1347 851 1398 ὥς
880 1349 952 1391 ἐπί
977 1347 1028 1390 τὰ
1059 1345 1259 1404 ὲνδότερα
1288 1349 1397 1404 μέρη
1427 1349 1501 1403 τῆς
1520 1345 1739 1402 Περσίδος

261 1416 362 1465 τούς
395 1416 636 1469 Ῥωμαίους
682 1412 960 1471 ἐφελκόμενος
985 1410 1077 1472 ᾔει·
1121 1452 1124 1464 ,
1148 1413 1170 1456 ὅ
1199 1416 1246 1457 δὲ
1268 1412 1494 1468 “Ρωμανός
1523 1413 1601 1469 τήν
1626 1414 1740 1456 ‘Pm-

261 1483 422 1538 μαϊκὴν
456 1481 624 1538 πληθύν
652 1484 872 1538 ἐχώρισεν,
902 1480 1000 1532 τούς
1030 1482 1262 1536 α’δοκίμους
1293 1483 1354 1532 εἰς
1381 1480 1426 1524 τὸ
1462 1483 1639 1524 τοῦλδον
1664 1498 1736 1523 κα-

262 1548 463 1607 ταλιπών,
494 1552 568 1592 καί
591 1551 693 1591 δέκα
722 1550 926 1605 χιλιάδας
956 1550 1197 1598 ἐπιλέκτους
1227 1547 1491 1604 παραλαβών
1520 1547 1623 1591 κατα
1654 1549 1768 1589 τῶνα

218 1615 494 1674 Ββαρβὰρων
523 1616 676 1674 ἐχώρει
694 1633 705 1644 ·
766 1615 844 1658 δύο
875 1618 921 1658 δὲ
938 1614 1141 1670 χιλιάδας
1172 1617 1424 1671 προτρέχειν
1451 1618 1528 1658 τοῦ
1554 1615 1740 1671 στρατοῦ

357 1776 390 1810 3.
418 1779 482 1810 καὶ
507 1776 589 1810 add.
616 1788 660 1810 ex
686 1776 727 1810 A.
824 1777 856 1820 4.
886 1779 1109 1824 Σουμανίας
1132 1777 1171 1810 Α.
1286 1787 1320 1820 9.
1342 1776 1499 1824 Ἄραξιν
1525 1778 1566 1811 Α.
1688 1787 1738 1810 ¹2.

355 1824 565 1872 γενόμενον
589 1825 628 1858 Α.
732 1824 783 1858 13.
810 1823 1013 1861 ’.Αλκανίαν
1032 1825 1060 1858 A
1090 1824 1126 1858 11.
1146 1825 1169 1858 l.
1199 1830 1236 1859 et
1260 1825 1369 1858 infra.
1474 1836 1524 1869 ¹9·
1555 1822 1740 1871 ἐχώρισεν

354 1874 395 1914 Α,
422 1873 605 1919 ἐχώριζεν
631 1872 727 1917 vulg.
858 1883 916 1906 20.
947 1870 1073 1918 λαβὼν
1093 1874 1134 1906 Α.

264 2013 504 2056 exhilaravit,
542 2021 580 2049 et
612 2015 660 2050 ob
688 2021 826 2062 partam
874 2016 1063 2050 victoriam
1096 2014 1318 2061 triumphum
1356 2015 1473 2049 duxit.
1531 2015 1740 2050 Hormisdas

261 2073 371 2108 porro
408 2064 532 2096 Bai-am
571 2062 697 2097 ducem
740 2064 934 2108 designans
970 2076 1050 2098 cum
1086 2063 1295 2108 ingentibus
1337 2064 1450 2108 copiis
1491 2064 1528 2096 in
1566 2064 1740 2097 suaniam

262 2111 487 2144 transmittit.
538 2111 608 2153 hic,
634 2113 869 2157 impressione
894 2113 932 2144 in
973 2123 1053 2145 eam
1081 2112 1190 2153 facta,
1214 2112 1352 2145 Turco's
1377 2111 1539 2145 Persicae
1567 2112 1743 2158 potestati

265 2169 444 2191 armorum
470 2159 506 2191 vi
538 2160 686 2193 omnino
712 2159 871 2200 subiicit,
897 2160 988 2193 adeo
1009 2165 1049 2193 ut
1077 2158 1290 2193 Hormisdae
1315 2170 1369 2191 res
1396 2164 1537 2193 tantuin
1567 2159 1652 2193 inde
1680 2171 1742 2193 ce-

265 2206 391 2252 perint
414 2206 700 2248 incrementum,
733 2213 773 2240 ut
811 2206 1051 2253 quadraginta
1088 2207 1166 2239 auri
1198 2206 1313 2239 millia
1338 2207 1375 2239 in
1400 2207 1553 2252 vectigal
1582 2219 1743 2241 annuum

265 2254 401 2287 Turcis-
416 2254 628 2298 imperaret,
656 2266 736 2288 cum
766 2255 843 2300 ipse
861 2256 988 2289 'furcis
1015 2260 1121 2288 antea
1138 2253 1353 2287 tantundem
1378 2255 1567 2300 penderet.
1617 2257 1744 2289 Baram

268 2312 311 2335 ea
332 2301 485 2334 victoria
520 2302 613 2334 circa
656 2313 711 2335 res
738 2301 889 2335 bellicas
925 2313 1093 2347 magnum
1120 2313 1253 2335 nomen
1287 2302 1433 2348 adepto,
1459 2308 1496 2336 et
1520 2302 1567 2336 ad
1590 2303 1744 2337 Araxem

266 2349 414 2383 fluvium
439 2350 510 2381 iam
533 2355 647 2383 castra
674 2355 848 2391 metante,
878 2351 1011 2383 certior
1038 2350 1153 2383 factus
1170 2349 1366 2384 Mauricius
1385 2352 1582 2384 Romanum
1615 2351 1744 2385 ducem

266 2397 474 2431 institutum
501 2408 580 2430 cum
607 2397 766 2430 exercitu
788 2399 827 2430 in
856 2398 1025 2431 suaniam
1051 2397 1186 2441 dirigit.
1249 2398 1278 2430 is
1304 2398 1366 2431 uhi
1397 2399 1560 2433 Lazicam
1584 2399 1744 2440 devenit,

267 2450 306 2478 et
332 2443 379 2477 ad
403 2444 590 2478 phasidem
626 2455 765 2477 amnem
804 2446 959 2490 appulit,
991 2446 1031 2478 in
1069 2444 1260 2478 Albaniam
1297 2452 1414 2480 castra
1438 2452 1568 2482 movet.
1617 2448 1744 2480 Raram

267 2493 511 2526 Romanorum
540 2492 652 2525 aciem
672 2491 796 2525 adesse
815 2493 1034 2536 intelligens,
1061 2491 1193 2526 factum
1211 2492 1374 2528 ridebat:
1400 2500 1437 2528 et
1460 2493 1622 2529 nondum
1651 2495 1744 2528 inito

268 2540 326 2573 illi
355 2551 435 2573 cum
467 2540 636 2574 Romanis
664 2539 879 2580 certamine,
918 2541 1112 2573 Romanam
1153 2539 1318 2575 bellandi
1353 2548 1466 2576 artem
1498 2543 1652 2588 experiri
1678 2554 1743 2576 cu-

268 2587 409 2634 piebat.
466 2588 619 2622 traiecto
656 2588 782 2634 itaque
822 2587 942 2622 vicino
981 2587 1051 2621 sibi
1092 2587 1260 2630 flumine,
1298 2588 1344 2622 ad
1369 2590 1563 2624 interiores
1588 2590 1744 2625 Persidis

270 2635 478 2681 provincias
504 2636 682 2670 Romanos
711 2641 969 2680 pertracturus,
1003 2635 1314 2681 progrediebatur.
1365 2639 1545 2671 Romanus
1568 2638 1745 2684 bipertito

273 2684 435 2717 exercitu
474 2683 575 2718 bello
608 2683 819 2728 inexpertos
854 2682 900 2716 ad
938 2682 1198 2729 impedimenta
1233 2685 1392 2730 reliquit,
1424 2692 1462 2719 et
1486 2697 1566 2719 cum
1594 2686 1745 2731 reliquis

274 2730 399 2764 decem
426 2730 591 2765 millibus
623 2731 768 2765 selectis
809 2730 982 2764 barbaros
1021 2731 1237 2776 insequutus
1275 2738 1341 2766 est.
1400 2744 1443 2766 ex
1479 2732 1535 2767 his
1560 2733 1617 2767 his
1646 2733 1745 2766 mille

275 2784 439 2813 caeteros
465 2778 693 2825 praecedere,
719 2784 756 2813 et
783 2790 888 2812 cursu
916 2778 1056 2813 anteire
1080 2778 1264 2822 iubentur,
1298 2780 1360 2826 qui
1387 2781 1569 2814 Persarum
1598 2779 1746 2827 paribus
