1786 3204
261 138 338 194 66
833 142 1183 189 THEoPnANis

258 258 471 312 συνῆλθον
494 255 713 298 ἐπίσκοποι
734 246 986 306 τριακόσιοι,
1015 240 1318 288 ἅνατολικοίδὲ
1335 238 1565 295 τριάκοντα
1585 235 1642 290 ἕξ.
1675 230 1751 279 οὖ-

258 341 324 369 τοι
355 330 444 373 τοῖς
478 325 664 370 δυτικοῖς
703 318 967 370 (ἔντέπιπτον,
990 315 1208 358 αἰτοῦντες
1238 308 1520 361 ἑξελασθῆναι
1548 305 1751 361 πρότερον

252 391 525 436 Ἀθανάσιον
554 387 625 430 καί
644 386 850 430 Παῦλον·
912 380 933 424 ὄ
964 383 1011 424 δὲ
1037 378 1178 427 “Oozog
1210 376 1231 417 ὁ
1259 374 1548 430 Κουδρούβης
1578 373 1749 416 ἐπίσκο-

256 474 335 509 πος
365 457 438 500 καί
465 456 747 509 Πρωτογένης
794 451 817 493 ὅ
847 449 1091 504 Σαρδικῆς,
1134 441 1213 486 οὐκ
1244 443 1475 499 ἠνέσχοντο
1503 439 1747 498 wissam?-

256 542 327 569 ναι
358 523 458 574 τούς
490 521 635 578 ἁγίους
664 518 935 563 Ἀθανάσιον
961 518 1035 558 καί
1062 515 1256 557 Παῦλον.
1313 508 1408 554 τότε
1439 507 1478 553 οἱ
1503 509 1786 552 ἀνατολικοίὅ

256 595 301 635 ἐν
334 590 551 635 Φιλίππου
604 586 722 630 πόλει
751 585 990 642 γενόμενοι,
1038 582 1226 630 ἀναιδῶς
1256 578 1303 621 τὸ
1336 576 1567 632 ὁμοούσιον
1596 578 1748 642 οἷνεθε-

211 657 449 714 nucinam.
509 656 548 700 οἱ
583 658 630 698 δὲ
660 657 705 697 ἑν
740 654 932 710 Σαρδικῇ
963 648 1190 707 ὀρθόδοξοι
1220 644 1291 690 τὸν
1324 644 1461 702 ὀρθὸν
1488 647 1564 702 τῆς
1594 647 1639 688 ἐν
1659 649 1746 690 Νι-

253 728 353 785 καία
386 727 564 773 πίστεως
591 718 690 779 ὅρον
719 719 968 776 ἐκύρωσαν,
1001 716 1047 760 τὸ
1087 714 1290 770 ἀνόμοιον
1319 714 1742 768 ἄναθεματίσαντες·

255 791 553 836 α’ποδεδιόκασι
596 792 643 833 δὲ
689 791 763 831 καί
799 786 898 837 τούς
937 784 1119 842 θρόνους
1157 783 1418 841 Ἀθανασίῳ
1464 780 1539 824 καί
1569 779 1742 841 Παύλῳ

253 862 328 903 καί
359 861 602 917 Μαρκέλλῳ
648 859 707 916 τῷ
737 853 955 911 Ἀγκύρας
997 851 1276 906 ὁμολογοῦντι
1319 848 1367 892 τὸ
1404 848 1638 903 ὁμοούσιον
1672 849 1786 891 nain

251 929 576 983 α’πολογουμέντιιι
608 925 666 980 μη
701 925 939 966 ἐννοεῖσθαι
968 920 1017 964 τὰ
1051 917 1353 975 συγγραφέντα
1374 918 1494 974 αύτῷ
1526 922 1615 967 τοῖς
1649 918 1743 959 δια-

247 992 480 1050 βάλλουσιν
511 989 654 1035 αὐτόν.
732 987 844 1033 οὕτω
890 991 965 1045 τῆς
999 990 1044 1031 ἐν
1074 986 1268 1044 Σαρδικῇ
1295 982 1481 1028 συνόδου
1521 982 1744 1040 πραξάσης

248 1060 356 1104 κατὰ
390 1060 472 1103 τῶν
498 1057 849 1102 ἀποδιαστοέντων
877 1056 1140 1099 ἀνατολικῶν
1169 1056 1245 1096 καί
1271 1051 1529 1109 κυρωσάσης
1556 1051 1603 1095 τὸ
1638 1051 1743 1105 ὁμο-

249 1129 409 1181 ούσιον,
444 1126 738 1175 Κωνστάντιος
768 1126 899 1180 δῆθεν
927 1120 1196 1166 Ἀθανάσιυν
1241 1123 1317 1164 καί
1341 1122 1528 1164 Παῦλον
1558 1121 1742 1172 ἐντίμως

248 1197 440 1248 ἐδέξατο,
485 1194 557 1237 καί
592 1193 688 1243 τούς
729 1195 864 1242 ἰδιόυς
905 1188 1091 1247 θρόνους
1137 1189 1432 1231 ἀποδέδωκεν·
1502 1188 1578 1230 καί
1605 1186 1786 1237 οὕτωςιὲ

137 1266 230 1315 Ρ.37
245 1261 510 1312 Ἀθανάσιος
548 1263 592 1304 ἐν
617 1258 928 1316 Ἀλεξανδρείᾳ
965 1252 1124 1314 ἦλθεν,
1154 1258 1228 1298 καί
1269 1257 1431 1313 ἐδέχθη
1459 1253 1569 1310 μετὰ
1595 1257 1740 1312 χαρᾶς

245 1331 432 1386 μεγάλης
456 1328 614 1381 ἐξώσας
643 1329 857 1383 Γεωργιον
884 1327 956 1369 τὸν
979 1324 1226 1379 Ἀρειανόν.

365 1397 638 1452 ΝΙαγνεντίου
681 1398 728 1438 δὲ
769 1398 813 1437 ἐν
858 1396 899 1436 Γ
898 1391 1067 1442 αλλιἀις
1108 1389 1454 1447 τυραννήσαντος
1495 1391 1568 1434 καί
1611 1387 1741 1434 Κών-

246 1483 407 1510 σταντα
438 1464 512 1508 τὸν
541 1465 695 1520 εὐσεβῆ
724 1461 957 1515 ἀνελόντος,
981 1460 1282 1511 Κωνστάντιος
1304 1458 1326 1503 ὁ
1354 1454 1614 1516 Αὔγουστος
1641 1461 1738 1501 δια-

350 1637 377 1658 ι.
409 1625 617 1661 ἐπίσκοποι
646 1636 717 1658 om.
738 1623 811 1656 alii.
914 1624 946 1656 3.
976 1621 1244 1671 Κουδρούβης;
1271 1621 1324 1655 sic
1349 1621 1457 1655 codd.
1486 1632 1624 1655 omnes.
1702 1632 1734 1666 7.

345 1672 548 1720 ὀρθόδοξοι
574 1675 621 1715 A,
650 1672 860 1718 ὀρθόδοξον
884 1672 979 1715 vulg.
1125 1682 1176 1704 12.
1212 1669 1488 1717 παραταξάσης
1514 1670 1553 1704 Α.
1686 1670 1736 1701 16.

343 1720 594 1803 ἔτιέἇιίῗδεέχθ-ἏΙ),
750 1723 801 1755 18.
828 1719 1068 1756 Κώνσταντα
1096 1719 1137 1762 Α,
1161 1718 1358 1756 Κώνσταν
1381 1718 1480 1764 vulg.
1638 1729 1687 1764 ¹9·
1716 1715 1735 1752 ὃ

247 1930 290 1952 ex
318 1917 555 1952 orientalibus
589 1917 738 1962 triginta
777 1928 838 1950 sex
865 1921 1116 1950 convenerunt
1155 1916 1331 1963 episcopi.
1396 1915 1434 1949 hi
1474 1915 1520 1949 de
1559 1915 1673 1948 Paulo
1700 1920 1738 1948 et

247 1966 443 2000 Athanasio
481 1966 669 2000 eiiciendis
704 1966 798 1999 facta
840 1965 877 1998 in
909 1965 1033 2010 primis
1062 1966 1336 2011 postulatione,
1362 1964 1629 1999 controversias
1654 1975 1736 1997 cum

247 2012 536 2047 occidentalibus
564 2025 683 2059 egere.
743 2013 876 2046 Hosius
901 2024 987 2046 vero
1013 2013 1259 2047 Cordubensis
1294 2019 1332 2047 et
1358 2014 1580 2058 Protogenes
1607 2011 1737 2045 Sardi-

247 2062 365 2096 censis
395 2062 557 2108 episcopi
581 2063 676 2095 viros
703 2067 845 2095 sanctos
873 2061 1021 2094 Paulum
1050 2068 1161 2109 atque
1205 2061 1446 2096 Athanasium
1472 2061 1630 2095 concilio
1660 2072 1736 2094 non

247 2111 424 2144 interesse
452 2110 598 2143 minime
626 2111 810 2155 patienter
834 2109 1052 2144 tolerabant.
1106 2118 1193 2144 tunc
1220 2111 1333 2157 igitur
1361 2109 1562 2144 orientales
1591 2108 1736 2154 Philip-

247 2158 412 2204 popolim
440 2159 676 2198 secedentes,
714 2158 945 2191 anathemate
986 2159 1310 2193 consubstantialis
1348 2170 1474 2193 vocem
1502 2157 1739 2203 impudenter

249 2206 534 2240 damnaverunt:
560 2208 623 2252 qui
648 2217 733 2239 vero
761 2206 929 2240 sardicae
952 2214 1214 2250 remanserunt,
1241 2213 1375 2241 rectam
1401 2212 1438 2241 et
1465 2218 1588 2241 sanam
1616 2211 1735 2239 recte-

250 2266 322 2300 que
349 2260 386 2287 et
427 2265 510 2287 sane
546 2254 721 2299 prolatam
746 2254 902 2287 Nicaeae
934 2254 1209 2298 definitionem,
1235 2258 1506 2290 Anomaeorum
1542 2254 1737 2300 repudiata

251 2301 454 2343 sententia,
483 2302 686 2335 firmavere:
713 2308 788 2335 tum
819 2302 963 2335 demum
991 2303 1100 2337 Paulo
1131 2311 1168 2339 et
1184 2304 1411 2346 Athanasio,
1436 2315 1505 2338 nec
1530 2315 1607 2336 non
1638 2303 1738 2335 Mar-

251 2351 347 2384 cello
366 2351 530 2394 Ancyrae
562 2350 721 2396 praesuli
758 2352 890 2396 scripta
925 2363 988 2384 sua
1021 2351 1066 2385 ab
1094 2353 1369 2387 accusatoribus
1409 2364 1592 2400 nusquam
1623 2350 1740 2384 intel-

251 2397 346 2432 lecta
374 2398 557 2438 causanti,
582 2405 618 2431 et
647 2398 966 2433 consubstantialis
1004 2400 1113 2434 fidem
1142 2402 1357 2448 profitenti,
1384 2400 1525 2435 ablatas
1551 2399 1656 2433 sedes
1682 2409 1739 2432 re-

251 2447 464 2480 stituerunt.
529 2447 580 2479 ita
595 2446 816 2479 Sardicensis
848 2447 1008 2491 synodus
1037 2448 1211 2484 adversus
1238 2450 1449 2491 orientales,
1477 2449 1542 2495 qui
1567 2459 1605 2482 se
1631 2458 1738 2493 sepa·
1771 2459 1775 2463 ’

249 2500 430 2536 raverant,
459 2494 781 2528 consubstantialis
819 2495 960 2529 firmato
989 2496 1177 2542 dogmate,
1218 2499 1385 2532 sancivit.
1435 2496 1615 2544 posthoc
1641 2496 1739 2529 Con-

247 2544 403 2577 stantius
430 2543 629 2576 Athanasio
669 2543 856 2588 Pauloque
884 2555 964 2576 cum
991 2543 1130 2579 honore
1171 2548 1350 2593 susceptis
1378 2547 1547 2592 proprios
1575 2543 1737 2579 reddidit

246 2590 418 2625 thronos:
451 2597 488 2625 et
513 2592 551 2624 in
579 2590 850 2631 hunc-modum
878 2592 1133 2627 Alexandriam
1162 2596 1314 2642 repetiit
1333 2594 1567 2634 Athanasius,
1597 2598 1636 2627 et
1662 2591 1738 2625 Ge-

245 2641 346 2685 orgio
373 2639 504 2672 Ariano
532 2639 712 2686 depulso,
741 2639 820 2685 ipse
846 2643 1027 2674 communi
1066 2643 1198 2676 civium
1228 2644 1446 2678 laetantium
1472 2643 1652 2690 applausu
1677 2651 1737 2674 re—
1775 2638 1781 2641 λ

244 2694 372 2734 ceptus
397 2694 461 2721 est.
1510 2695 1515 2700 ·
1598 2691 1602 2699 '

381 2735 596 2781 Magnentio
621 2745 707 2769 vero
733 2735 966 2780 tyrannidem
990 2737 1028 2770 in
1057 2737 1190 2772 Galliis
1229 2744 1442 2781 exercente,
1471 2742 1510 2772 et
1537 2737 1738 2772 Constante

244 2783 416 2830 religioso
448 2785 617 2831 principe
641 2782 687 2817 ab
715 2795 759 2818 eo
784 2783 950 2827 sublato,
981 2785 1216 2821 Constantius
1234 2788 1419 2833 Augustus
1443 2792 1532 2821 tunc
1559 2784 1737 2832 temporis
