1768 3106
247 147 362 223 470
809 139 1158 209 'rquPuANis

245 267 492 321 ἐποιοῦντο,
529 269 605 310 καί
632 269 679 310 ἐν
708 270 837 311 παντί
872 267 912 310 οἱ
936 268 1140 321 Ῥωμαῖοι
1173 263 1423 322 ἒπρώτευον,
1454 263 1528 307 καί
1559 262 1722 320 θάρσος

242 334 317 376 ἐπὶ
342 338 484 376 πλεῖον
524 334 545 377 ὅ
575 333 753 390 στρατὸς
783 335 1039 390 ἐλάμβανεν,
1069 332 1252 389 ὁρῶντες
1284 332 1353 375 τὸν
1387 334 1569 387 βασιλέα
1596 334 1725 374 παντὶ

242 403 537 457 προπηδῶντα,
571 406 644 445 κατ’
670 402 886 455 εὐτόλμως
913 402 1191 455 πολεμοῦντα.
1259 402 1436 457 Πέρσης
1465 401 1514 444 δέ
1544 415 1610 450 τις
1637 397 1719 454 πρὸ

243 469 390 523 ὀλίγου
416 469 576 525 χρόνου
605 469 800 526 πρόσφυξ
816 467 1039 523 γενόμενος
1067 470 1112 511 ἑν
1141 469 1200 526 τῷ
1222 470 1386 525 στρατῷ
1414 469 1493 510 τοῦ
1512 468 1721 522 βασιλέως

244 537 442 591 ἑγένετο.’
480 532 602 587 οὗτος
635 536 827 592 ἀποδράς
856 535 963 591 πρὸς
992 535 1088 586 τοὺς
1111 538 1290 591 Πέρσας
1319 536 1512 589 ἀπῆλθεν
1540 532 1760 585 ἑλπίζωνὸ

244 605 407 654 αύτούς
433 603 511 660 τήν
534 602 761 657 Ῥωμαίων
789 606 1018 658 στρατείαν
1041 603 1200 646 ὀλέσαι.
1260 601 1367 646 ἰδών
1394 603 1441 645 δὲ
1474 602 1619 644 αΰτῶν
1647 601 1725 655 τὴν

110 680 146 714 P.
163 681 232 716 256
246 672 408 716 δειλίαν
437 669 545 726 μετά
576 671 754 727 δεκάτην
780 671 948 727 ἡμέραν
992 670 1097 727 πρὸς
1126 669 1195 714 τὸν
1220 672 1398 724 βασιλέα
1426 670 1622 725 α’νῆλθεν,
1652 669 1726 709 καί

242 742 385 783 πᾶσαν
431 740 620 794 α’κριβῶς
661 737 737 793 τὴν
765 741 848 781 τῶν
884 738 1115 794 βαρβάρων
1148 739 1311 788 ἐξεῖπεν
1349 735 1567 791 ἀτολμίαν.
1624 734 1646 776 ὅ
1676 736 1723 777 δὲ

241 807 467 863 Σάρβαρος
495 809 647 862 μηκέτι
674 806 906 863 ὑποφέρων
933 804 1010 861 τήν
1037 807 1083 848 ἑν
1111 806 1170 863 τῷ
1204 800 1294 860 ὄρει
1324 803 1563 860 διατριβήν,
1597 805 1723 858 ἠναγ-

240 875 377 931 κάσθη
418 873 526 928 πρὸς
567 874 751 926 πόλεμον
794 874 998 928 ὁρμῆσαι,
1027 874 1087 923 εἰς
1127 875 1226 927 τριά
1263 874 1310 916 δὲ
1340 874 1449 928 μέρη
1493 870 1646 914 διελών
1673 873 1720 912 τό
1742 889 1768 913 ιι

241 940 485 998 στράτευμα
516 943 753 998 κατῆλθεν,
797 937 921 998 ἄφνω
970 938 1297 998 ἑπιφωσκούσης
1336 939 1500 995 ἡμέρας
1539 937 1622 996 πρὸ
1651 939 1726 993 τῆς

241 1012 319 1052 τοῦ
358 1009 480 1065 ἧλιόυ
523 1007 772 1063 ἀναβάσεως
813 1007 1172 1063 εὐτρεπισάμενος
1214 1006 1322 1062 πρὸς
1354 1005 1554 1061 πόλεμον.
1621 1004 1644 1047 ὅ
1677 1006 1726 1047 δὲ

243 1075 446 1132 βασιλεύς
474 1075 692 1133 προγνούς,
713 1080 787 1119 καί
803 1076 1017 1129 συντάξας
1045 1074 1120 1118 τὸν
1149 1074 1329 1132 στρατὸν
1349 1074 1505 1128 ὁμοίως
1523 1074 1584 1123 εἷς
1609 1078 1724 1128 τρεῖς

246 1143 481 1201 φάλαγγας,
512 1145 572 1195 εἰς
613 1143 691 1199 τήν
719 1142 864 1200 μάχην
892 1143 1145 1204 προήγαγεν.
1221 1144 1296 1185 τοῦ
1326 1144 1373 1184 δὲ
1402 1142 1525 1197 ῆλιόυ
1554 1140 1725 1183 α’νατεί-

246 1216 395 1262 λαντος
438 1214 511 1254 καί
556 1213 635 1254 τοῦ
660 1215 871 1266 βασιλέως
906 1210 1024 1262 ,κατὰ
1068 1208 1278 1260 ἀνατολάς
1317 1208 1578 1264 εὑρεθέντος,
1622 1204 1724 1256 τούς
1742 1224 1768 1250 1:

206 1281 426 1334 ΒΠέρσας
454 1278 663 1331 ἐσκότιζεν
689 1279 713 1335 ἡ
743 1278 898 1321 τούτου
928 1279 1043 1328 α’κτίς
1061 1296 1071 1306 ·
1128 1277 1176 1320 ὃν
1209 1277 1265 1327 ὥς
1294 1274 1397 1319 θεὸν
1419 1274 1720 1332 προσεκύνουν.

245 1347 268 1389 ὅ
301 1348 348 1390 δὲ
388 1345 592 1401 βασιλεῦς
634 1345 896 1402 ἐσχημάτισε
941 1345 1017 1388 τὸν
1056 1344 1159 1388 λαὸν
1199 1346 1332 1388 αὐτοῦ
1357 1345 1419 1393 εἷς
1452 1341 1593 1400 φυγήν
1621 1358 1725 1397 τρα-

243 1416 411 1470 πέντας,
438 1413 514 1457 καί
541 1413 748 1464 λύσαντες
790 1416 940 1457 ἐκεῖνοι
970 1411 1047 1464 τάς
1086 1413 1305 1471 φάλαγγας
1332 1412 1532 1468 α’κρατῶς
1557 1407 1726 1452 διώκειν

243 1481 422 1531 τούτους
456 1482 663 1535 ἐνόμιζον.
732 1482 1067 1538 ἐπιστραφέντες
1105 1475 1180 1522 οὖν
1220 1478 1258 1522 οἱ
1282 1476 1489 1532 Ῥωμαῖοι
1517 1477 1725 1531 εὐψύχως

244 1545 425 1599 τούτους
466 1547 729 1605 ὲστρέψαντο
770 1551 843 1592 καί
877 1547 1059 1599 πολλοὺς
1098 1549 1286 1603 α’νεῖλον,
1316 1543 1540 1596 ἐλάσαντες
1568 1542 1768 1595 αὖτούςαι

348 1738 375 1761 ι.
405 1725 621 1773 ἓπρώτευον
649 1726 675 1769 f,
703 1727 963 1774 ἔπρωτέρευον
989 1726 1086 1770 vulg.
1210 1727 1244 1761 8.
1274 1725 1436 1765 ἐξειπεῖν
1463 1722 1490 1756 f.
1634 1721 1655 1758 ὁ
1682 1721 1723 1759 δὲ

343 1771 510 1823 σοβαρὸς
538 1775 635 1821 vulg.
764 1787 817 1810 ιο.
847 1775 1008 1823 ὁρμίσαι
1032 1774 1130 1819 vulg.
1256 1776 1307 1808 16.
1334 1770 1394 1821 ὃν]
1421 1768 1467 1815 ἦν
1489 1779 1510 1804 a
1537 1770 1562 1804 f·

245 1927 313 1962 hus
342 1938 483 1972 semper
526 1926 730 1972 superiores
767 1937 913 1960 evasere
949 1924 1111 1965 Romani,
1150 1930 1188 1958 et
1214 1923 1344 1957 robore
1368 1921 1572 1967 animisque
1599 1931 1723 1954 eorum

247 1976 426 2009 exercitus
452 1975 491 2007 in
516 1973 592 2007 dies
619 1974 833 2018 augebatur,
860 1973 958 2020 quod
980 1975 1236 2019 imperatorem
1253 1972 1293 2005 in
1320 1971 1469 2016 primam
1498 1970 1611 2002 aciem
1636 1980 1723 2014 pro-

245 2023 439 2063 silientem,
454 2034 494 2056 ac
510 2022 654 2056 fortiter
666 2022 898 2056 dimicantem
917 2021 1053 2067 ubique
1078 2019 1255 2054 viderent.
1282 2030 1389 2064 porro
1403 2017 1550 2064 quidam
1561 2017 1723 2050 Persicae

245 2071 400 2104 militiae
421 2069 588 2104 desertor
613 2069 658 2102 ad
683 2071 910 2116 imperatoris
935 2075 1054 2116 partes
1067 2068 1171 2102 Persa
1199 2067 1402 2101 transierat.
1428 2066 1457 2099 is
1484 2064 1530 2097 ad
1555 2076 1638 2098 suos
1668 2076 1725 2097 re-

246 2119 331 2162 fuga
358 2119 534 2151 Romanas
559 2119 653 2150 acies
677 2118 722 2151 ab
750 2119 801 2151 eis
830 2117 1058 2163 dissipandas
1086 2128 1126 2149 ac
1152 2114 1354 2161 perdendas
1378 2113 1556 2158 sperabat.
1597 2119 1634 2146 at
1659 2112 1722 2144 ubi

247 2166 339 2199 viles
368 2177 491 2199 eorum
520 2166 658 2199 animos
700 2172 735 2199 et
759 2172 896 2199 metum
933 2170 1103 2211 expertus
1131 2168 1208 2204 est,
1236 2168 1320 2207 post
1350 2162 1446 2195 diem
1471 2160 1650 2194 decimum
1677 2160 1723 2193 ad

247 2215 504 2259 imperatorem
531 2225 712 2254 reversus,
748 2215 916 2247 afflictum
955 2219 992 2247 et
1024 2212 1278 2246 meticulosum
1315 2209 1550 2242 barbarorum
1591 2215 1722 2242 statum

248 2273 393 2296 omnem
419 2262 643 2295 enucleatius
667 2262 846 2306 exposuit.
910 2267 1092 2294 caeterum
1132 2258 1292 2291 insolens
1327 2258 1390 2291 ille
1427 2258 1611 2290 Persarum
1649 2257 1723 2289 dux

247 2321 370 2343 morae
396 2309 532 2343 tamdiu
568 2321 633 2354 per
660 2315 830 2342 montana
857 2309 1055 2354 productae
1095 2307 1299 2352 impafiem,
1322 2311 1359 2339 et
1382 2306 1420 2338 in
1446 2311 1629 2339 certamen
1655 2305 1721 2338 de-

248 2357 420 2392 scendere
452 2358 671 2391 necessitate
705 2357 930 2400 compulsus,
973 2356 1087 2390 diviso
1115 2355 1152 2387 in
1178 2354 1245 2387 tria
1271 2354 1414 2397 agmina
1451 2354 1626 2394 exercitu,
1655 2353 1721 2386 sub

245 2407 401 2452 primum
429 2411 578 2438 aurorae
603 2405 853 2449 crepusculum
893 2410 931 2438 et
955 2404 1115 2437 nondum
1147 2402 1341 2435 manifesto
1374 2401 1477 2435 terris
1502 2402 1592 2442 sole,
1617 2413 1723 2447 para-

245 2459 302 2488 tus
328 2454 374 2487 ad
402 2464 556 2499 pugnam
589 2464 632 2485 ex
666 2453 860 2497 improviso
899 2453 1076 2497 apparuit.
1142 2451 1337 2495 imperator
1377 2450 1618 2495 praecognitis
1644 2449 1721 2482 eius

244 2503 418 2542 consiliis,
446 2501 660 2546 dispositum
697 2501 835 2545 pariter
877 2511 918 2532 ac
943 2500 1178 2533 distributum
1216 2499 1254 2531 in
1290 2498 1383 2531 acies
1411 2503 1483 2531 tres
1512 2498 1722 2536 exercitum,

242 2550 291 2583 ad
318 2561 476 2596 pugnam
502 2549 641 2583 eduxit.
691 2549 910 2593 imperatore
930 2559 1014 2580 vero
1041 2547 1085 2580 ad
1114 2547 1291 2580 orientem
1311 2547 1522 2586 constituto,
1552 2545 1721 2579 exorien—

241 2599 288 2632 tis
314 2609 462 2644 quoque
492 2597 577 2631 solis
598 2596 702 2636 radii,
730 2607 837 2642 quem
854 2597 980 2629 Persae
1009 2601 1180 2641 tanquam
1205 2594 1314 2628 deum
1339 2598 1568 2634 venerantur,
1596 2604 1720 2626 eorum

240 2647 366 2679 oculos
396 2646 512 2679 acrius
551 2644 831 2690 perstringebat.
896 2644 1092 2688 imperator
1118 2643 1241 2690 itaque
1269 2642 1391 2687 fugam
1417 2642 1588 2675 simulare
1615 2642 1720 2674 iussit

241 2695 462 2727 exereitum:
493 2704 604 2740 qnare
634 2693 759 2725 Persae
787 2691 1007 2737 phalangium
1028 2703 1170 2725 suarum
1197 2691 1326 2724 solutis
1352 2689 1541 2723 ordinibus
1570 2700 1633 2722 eos
1661 2689 1718 2721 in-

237 2742 502 2787 temperantius
542 2739 788 2786 insequendos
821 2739 1036 2774 decernunt.
1097 2745 1135 2772 at
1159 2739 1308 2783 Romani
1335 2749 1436 2771 versa
1473 2738 1511 2770 in
1537 2747 1597 2770 eos
1628 2737 1718 2769 facie

238 2790 512 2835 impressionem
548 2800 674 2823 eorum
711 2788 857 2823 fortiter
889 2788 1081 2830 sustinent,
1108 2793 1144 2821 et
1172 2793 1270 2833 terga
1290 2787 1378 2820 dare
1403 2785 1655 2832 compellunt:
1682 2789 1719 2817 et
