1768 3106
259 142 370 198 560
827 157 1176 199 THEOPHANIS

256 260 436 310 ὁπλίσας
474 258 635 309 αὐτούς
675 257 949 312 ἐπωνόμασεν
989 259 1147 308 αύτούς
1187 257 1291 301 λαὸν
1323 257 1589 315 περιούσιον,
1647 255 1729 315 ἆρ-

253 326 385 384 χοντά
415 344 458 370 τε
487 327 630 370 αὐτῶν
651 328 868 381 Νέβουλον
897 322 1096 379 τοῦνομα.
1154 325 1379 383 θαρρήσας
1407 328 1454 368 δὲ
1483 328 1542 376 εἰς
1572 326 1731 376 αιίωὐς

252 395 492 453 γεγράφηκε
520 399 609 444 τοῖς
626 388 794 449 ’Ἄραψι
821 392 880 449 μη
910 395 1107 447 ἐμμένειν
1123 393 1253 436 αὐτὸν
1283 395 1336 451 τῇ
1365 392 1591 450 ἐγγράφως
1623 411 1732 447 συμ-

255 466 502 523 φωνηθείσῃ
532 461 689 520 εἰρήνῃ.
718 464 792 503 καί
823 461 1087 518 παραλαβών
1128 462 1197 504 τὸν
1234 461 1481 518 περιούσιον
1517 461 1618 504 λαὸν
1661 461 1734 504 καί

253 534 390 575 πάντα
421 529 472 573 τά
506 527 796 584 καβαλλαρικὰ
825 531 1003 582 θέματα,
1025 530 1240 585 ἐπορεύθη
1271 530 1316 571 ἐν
1334 527 1651 583 Σεβαστοπόλει.
1680 530 1768 586 τῇ5

254 598 367 656 παρὰ
400 597 645 641 θάλασσαν.
705 599 789 638 τῶν
809 598 855 638 δὲ
887 598 1080 651 Ἀράβων
1110 597 1451 652 ὑποκρινομὲνων
1477 600 1552 638 καί
1578 595 1635 651 μὴ
1668 595 1733 638 αἱ-

256 667 476 725 ρουμένων
515 667 644 707 λῦσαι
679 663 753 719 την
790 661 984 721 εἰρήνην,
1032 665 1140 706 ἀλλὰ
1182 666 1234 721 τῇ
1275 667 1477 722 βασιλικῇ
1515 663 1631 721 αἰτίᾳ
1658 665 1736 706 καί

255 733 484 792 προπετείᾳ
517 733 643 775 τοῦτο
673 735 834 787 πρᾶξαι
851 733 1214 788 ἀναγκαζομένων,
1245 732 1517 781 ὁπλισθέντες
1547 735 1619 773 καί
1651 731 1735 772 αὕ-

212 811 240 844 D
254 802 320 846 τοί
349 803 629 856 παρεγένοντο
669 801 714 843 ἐν
745 798 1070 856 Σεβαστοπόλει,
1102 798 1531 855 προσμαρτυρόμενοι
1570 801 1630 856 τῷ
1656 802 1734 852 βα-

256 875 371 913 σιλεῖ
396 867 447 911 τὰ
481 868 584 923 μεθ’
620 865 746 924 ὅρκον
785 867 1026 922 ἄναμεταξύ
1064 862 1206 910 αὐτῶν
1237 869 1518 922 στοιχηθέντα
1549 865 1610 922 μή
1643 869 1732 908 ὸια-
1754 879 1767 904 1

256 939 527 994 στραφῆναι·
597 937 693 978 ἐπεί
714 936 785 978 τοί
806 951 852 990 γε
890 933 1053 985 ἔκδικος
1082 934 1155 977 καί
1197 933 1342 991 κριτὴς
1372 934 1394 976 ὁ
1423 933 1524 984 θεὸς
1555 937 1641 977 τῶν
1670 936 1738 976 αἰ-

254 1007 358 1048 τιῶν
384 1004 616 1060 γενήσεται.
673 1005 747 1046 τοῦ
778 1004 826 1045 δὲ
852 1005 1063 1058 βασιλέως
1093 1004 1204 1059 μηδὲ
1234 1005 1290 1044 δι’
1320 1003 1446 1059 ἀκοῆς
1468 1006 1603 1046 ταῦτα
1633 1003 1737 1044 (ἱνα-

255 1075 495 1129 σχομένου,
526 1070 637 1114 α’λλὰ
682 1069 790 1127 πρὸς
824 1070 970 1126 μάχην
1010 1073 1173 1125 μᾶλλον
1201 1072 1540 1125 κατεπείγοντος,
1571 1069 1643 1113 τὸν
1665 1073 1739 1126 τῆς

255 1141 422 1197 εἰρήνης
452 1138 666 1197 ἔγγραφον
695 1139 818 1194 λόγον
842 1137 1060 1196 λύσαντες,
1093 1140 1169 1180 καί
1195 1138 1268 1181 ἐπὶ
1281 1138 1450 1194 ὑψηλῆς
1479 1134 1615 1189 ἅστας
1643 1138 1741 1181 α’ντί

256 1206 510 1265 φλαμούλου
539 1204 740 1263 προάγειν
757 1203 1058 1263 κρεμάσαντες,
1086 1205 1193 1248 κατὰ
1221 1208 1307 1249 τῶν
1329 1206 1561 1259 (Ρωμαίων
1590 1203 1768 1261 ώ’ρμη-1

255 1293 357 1332 σαν,
402 1276 625 1329 ΖΠουαμὲδ
654 1273 895 1330 στρατηγὸν
932 1272 1121 1331 ἔχοντες,
1162 1276 1235 1315 καί
1271 1276 1504 1328 συνέβαλον
1544 1271 1738 1326 πόλεμον.

256 1347 329 1386 καί
372 1341 413 1386 td
463 1345 542 1396 μὲν
577 1343 745 1398 πρῶτον
784 1339 1031 1398 ἡττήθησαν
1078 1341 1117 1384 οἱ
1154 1337 1356 1397 ’Ἄραβες
1426 1339 1655 1394 ὑποβαλών
1692 1344 1739 1384 δὲ

256 1413 482 1463 Momm&
509 1412 569 1470 τῷ
587 1411 892 1464 συμμαχοῦντι
916 1407 1154 1463 ε,Ρωμαίοις
1171 1410 1392 1467 στρατηγῷ
1419 1411 1505 1451 τῶν
1521 1407 1740 1464 Σκλάβων,

122 1492 158 1525 Ρ,
176 1491 245 1526 306
257 1480 416 1532 πέμπει
438 1479 554 1536 αὐτῷ
584 1475 847 1534 κουρκουρὸν
875 1478 1005 1531 γέμον
1024 1474 1312 1531 νομισμάτων,
1341 1478 1417 1518 καί
1433 1480 1611 1526 πολλαῖς
1641 1476 1741 1517 ὑπο-

256 1548 431 1603 σχέσεσι
451 1547 598 1588 τοῦτον
618 1541 845 1600 α’πατήσας
871 1543 1014 1586 πείθει
1034 1550 1298 1601 προσφυγεῖν
1317 1545 1423 1599 πρὸς
1452 1542 1608 1594 αὐτούς
1637 1542 1739 1597 μετὰ
1755 1560 1768 1584 a

355 1701 386 1734 7.
411 1687 524 1723 λῦσαι
548 1687 633 1721 add.
654 1699 699 1721 ex
717 1686 759 1720 A.
855 1698 889 1731 9.
919 1697 1134 1734 προσμαρτ.
1150 1688 1190 1727 Α,
1215 1699 1333 1734 προμ.
1359 1687 1456 1730 vulg.
1561 1697 1612 1718 ιο.
1640 1696 1740 1720 στοι-

348 1737 526 1784 χηθέντα]
556 1736 864 1784 συμφωνηθέντα
884 1736 926 1769 A.
1024 1734 1311 1783 διαστραφῆναι
1330 1735 1369 1776 Α,
1397 1734 1620 1781 στραφῆναι
1646 1735 1738 1778 vulg.

363 1798 415 1819 ια.
443 1784 539 1833 μηδὲ
564 1785 611 1820 δι’
641 1784 755 1827 ἀκοῆς
781 1787 820 1825 Α,
843 1785 924 1830 μετ’
951 1782 1063 1826 ἀκοῆς
1079 1784 1176 1828 vulg.
1281 1783 1331 1827 ¹4·
1362 1783 1482 1822 λύσας
1504 1784 1532 1816 Α
1559 1782 1585 1815 f.
1690 1794 1739 1825 ¹9-

351 1828 564 1880 κουκουρόν
586 1833 616 1867 Α
644 1832 670 1874 f,
695 1826 931 1880 κουρκουρόν
957 1832 1055 1876 vulg.

260 1966 413 2007 struxit,
441 1977 531 2011 quos
552 1965 666 1998 aciem
687 1963 1046 2010 superabundantem
1071 1963 1310 2008 nuncupavit,
1337 1966 1375 1996 et
1401 1973 1526 1996 eorum
1555 1961 1741 1994 ductorem

259 2014 455 2048 Nebulum.
509 2025 631 2057 eorum
662 2012 783 2045 robori
816 2012 1005 2046 confidens
1046 2008 1227 2045 Arabibus
1260 2010 1426 2056 scripsit,
1453 2021 1492 2044 se
1526 2010 1626 2056 pacis
1653 2021 1673 2041 a
1703 2021 1740 2042 se

260 2063 413 2108 scriptae
439 2060 711 2095 conditionibus
749 2072 825 2094 non
857 2060 1012 2105 amplius
1054 2065 1149 2093 stare
1180 2070 1298 2104 posse.
1361 2063 1398 2092 et
1430 2057 1742 2102 superabundanti

259 2111 325 2143 illa
362 2110 437 2142 acie
486 2109 792 2155 equestribusque
826 2108 1034 2153 legionibus
1070 2105 1548 2151 eductis,„Sebastopolim,
1575 2116 1668 2150 quae
1695 2105 1742 2138 ad

259 2168 358 2191 mare
382 2163 447 2198 est,
474 2156 677 2190 contendit.
736 2156 872 2190 Arabes
908 2168 952 2189 ex
976 2155 1124 2190 adverso
1165 2155 1263 2200 pacis
1289 2165 1327 2188 se
1353 2154 1534 2188 studiosos
1557 2153 1742 2195 simulare,

259 2217 328 2239 nec
355 2216 432 2238 eam
451 2205 548 2238 velle
574 2205 786 2249 infringere,
814 2204 911 2238 illius
935 2203 1134 2237 violandae
1158 2214 1301 2236 causam
1326 2213 1370 2235 ex
1392 2202 1610 2247 imperatore
1635 2207 1742 2242 stare,

260 2260 298 2288 et
326 2264 370 2286 ex
408 2253 483 2285 eius
509 2254 701 2298 praecipiti
735 2253 855 2286 animo
897 2251 943 2285 ad
967 2251 1105 2285 bellum
1142 2249 1388 2284 renovandum
1421 2250 1516 2294 cogi:
1545 2249 1679 2282 deinde
1707 2255 1744 2283 et

260 2302 331 2348 ipsi
358 2312 454 2334 arma
479 2300 687 2340 induentes,
713 2300 984 2345 Sebastopolim
1013 2298 1218 2340 accedunt,
1241 2297 1367 2343 ibique
1390 2298 1646 2344 imperatorem
1674 2297 1744 2330 ob-

262 2354 463 2389 testantur,
488 2359 534 2381 ne
567 2354 670 2393 pacta
696 2359 791 2393 quae
817 2349 914 2381 inter
938 2359 976 2381 se
1012 2348 1167 2381 invicem
1194 2346 1415 2390 interposito
1440 2344 1656 2379 iusiurando
1683 2345 1745 2378 fir-

261 2402 459 2437 maverant,
486 2395 654 2436 solveret,
697 2395 804 2429 deum
830 2396 996 2441 alioquin
1021 2396 1178 2428 ultorem
1204 2400 1314 2440 atque
1341 2393 1499 2427 iudicem
1528 2393 1744 2427 iniuriarum

263 2446 438 2480 futurum.
457 2445 676 2489 imperatore
691 2454 738 2476 ne
757 2443 884 2477 auditu
903 2442 1049 2489 quidem
1066 2442 1156 2476 haec
1181 2442 1275 2476 ferre
1294 2453 1412 2488 passo,
1441 2442 1534 2488 quin
1560 2442 1669 2475 immo
1698 2441 1745 2474 ad

262 2494 442 2540 praelium
469 2492 688 2538 quantocius
718 2497 967 2537 procurrente,
998 2490 1149 2531 Arabes,
1173 2491 1321 2536 scriptas
1347 2489 1393 2524 de
1423 2501 1514 2536 pace
1539 2489 1681 2524 tabulas
1707 2489 1746 2522 in

265 2553 383 2575 aerem
412 2551 587 2586 expansas
617 2545 654 2573 et
679 2550 723 2572 ex
758 2539 867 2582 longa
892 2537 996 2573 hasta
1027 2538 1165 2572 flamuli
1205 2539 1283 2572 vice
1310 2550 1501 2584 suspensas
1526 2536 1745 2584 praecedere

265 2589 447 2630 iubentes,
471 2589 556 2634 ipsI‚
579 2587 750 2631 Muumed
775 2587 879 2627 duce,
903 2588 943 2619 in
966 2588 1142 2622 Romanos
1168 2587 1324 2628 irruunt,
1351 2592 1388 2620 et
1414 2585 1555 2619 bellum
1580 2585 1747 2619 commit-

266 2644 361 2672 tunt.
412 2643 448 2671 et
473 2637 588 2683 primo
613 2635 763 2682 quidem
788 2635 960 2668 conflictu
985 2635 1181 2668 vincuntur
1203 2635 1350 2668 Arabes.
1378 2640 1415 2668 at
1428 2633 1623 2675 Muamed,
1644 2633 1747 2667 Scla-

266 2697 404 2726 vorum,
430 2685 493 2732 qui
521 2696 600 2718 cum
625 2683 793 2717 Romanis
836 2682 1031 2716 auxiliares
1061 2683 1293 2724 militabant,
1318 2683 1447 2716 ducem
1473 2683 1563 2716 clam
1589 2687 1748 2720 tentans,

267 2734 471 2767 transmissa
500 2731 546 2765 ad
571 2743 650 2766 eum
668 2730 838 2777 pharetra
857 2732 1013 2765 nummis
1039 2731 1157 2764 aureis
1189 2732 1311 2775 plena,
1365 2730 1506 2764 Iuribus
1530 2730 1637 2764 etiam
1667 2727 1749 2773 pol-

267 2782 376 2816 licitis
404 2781 612 2823 delinitum,
637 2791 718 2814 cum
753 2780 933 2814 sociorum
963 2779 1093 2824 viginti
1120 2778 1281 2812 millibus
1308 2742 1360 2812 ag
1377 2789 1456 2812 suas
1482 2782 1604 2825 partes
1627 2782 1748 2811 trans-
