1786 3204
268 134 384 192 306
818 150 1166 194 THEOPHANJS

265 256 374 313 θάς,
404 254 462 307 ὥς
506 250 639 311 ἇλογα
668 255 783 311 ζῶα,
826 249 996 310 ἄνεφθα
1029 255 1262 295 ἐσθίουσιν.
1319 249 1528 302 τοιούτοις
1561 251 1742 306 Γελίμερ

263 319 527 379 περιπεσών,
571 323 731 379 γράφει
777 322 883 377 πρὸς
912 322 1092 375 Φαρᾶν,
1136 318 1185 362 ὃν
1225 316 1480 374 Βελισάριος
1523 321 1744 362 κατέλιπεν

223 387 499 448 Βφυλάσσειν
544 388 699 441 αὐτόν,
744 390 997 444 πεμφθῆναι
1039 386 1157 444 αὐτῷ
1189 384 1376 443 κιθάραν
1406 385 1480 428 καί
1509 382 1637 442 ἄρτον
1668 385 1742 429 ἕνα

260 457 335 500 καί
361 454 552 512 σπόγγον.
611 456 634 498 ὅ
666 458 714 499 δὲ
744 458 896 510 Φαροῒς
926 452 1132 510 διηπόρει,
1167 456 1214 497 τί
1239 450 1292 497 (ἲν
1320 452 1385 510 εἴη
1415 455 1556 508 τοῦτο,
1584 452 1664 504 ἕως
1693 450 1745 496 ἂν

261 524 283 567 ὅ
323 523 402 580 τὴν
453 522 674 578 ἐπιστολήν
733 524 911 576 κομίσας
966 518 1102 564 εἶπεν·
1181 522 1238 571 ὥς
1291 516 1422 575 ἄρτον
1468 522 1548 574 μὲν
1588 522 1782 564 ἐπιθυ-5

258 598 336 648 μεῖ
368 592 617 634 θεάσασθαι
646 593 826 646 Γελίμερ
849 621 861 643 ,
901 587 958 645 μή
1005 587 1109 632 ἰδών
1145 585 1296 644 ἄρτον,
1339 588 1415 645 ἀφ’
1458 583 1509 630 οὗ
1537 589 1745 645 ἀναβέβη-

259 675 353 714 κεν,
387 657 565 713 σπόγγον
605 660 652 702 δὲ
697 657 770 701 διὰ
813 655 857 700 τὸ
901 656 1002 707 τούς
1040 654 1298 715 ὀφθαλμοὺς
1336 658 1381 698 ἐκ
1427 657 1500 711 τῆς
1529 656 1744 706 [ἀλουσίας

261 728 514 781 κακοῦσθαι,
548 722 659 776 ὅπως
692 724 860 784 σπόγγῳ
899 725 1075 774 τούτους
1109 722 1500 780 παραμυθήσηται·
1557 723 1744 778 κιθάραν

262 796 309 837 δὲ
344 796 575 851 κιθαριστῇ
601 793 754 852 ἀγαθῷ
784 789 884 847 ὄντι,
915 790 1029 843 ὅπως
1055 791 1130 848 την
1161 793 1392 848 συμφορὰν
1423 789 1497 847 τὴν
1521 793 1744 847 παροῦσαν

257 865 311 918 τῇ
343 860 504 919 κιθάρᾳ
533 860 724 918 θρηνὴσῃ
759 860 832 903 καί
861 859 1198 915 ἁποκλαύσηται.
1257 861 1394 901 ταῦτα
1427 856 1615 907 οἰκούσας
1651 861 1786 901 (Da-1«

259 931 351 985 ρᾶς,
380 931 668 984 περιαλγήσας
695 944 738 971 τε
782 929 854 971 καί
880 926 1015 983 τύχην
1058 925 1134 983 τὴν
1165 926 1436 983 ἀνθρωπίνην
1469 925 1745 983 ἀπολοφυρό-

261 1011 398 1052 μενος,
425 995 529 1038 κατὰ
577 995 629 1038 τοὶ
669 998 940 1052 γεγραμμένα
983 997 1114 1038 ἐποίει
1133 1028 1144 1045 ,
1177 993 1251 1036 καί
1275 994 1412 1036 πάντα
1441 991 1631 1047 ἔπεμψεν
1663 991 1743 1036 ὅσα

224 1062 441 1119 (ζέχρηζεν
474 1066 532 1122 τῷ
565 1064 779 1118 Γελιζιιερι.
841 1066 919 1105 τοῦ
951 1065 998 1105 δὲ
1025 1065 1233 1117 χειμῶνος
1264 1061 1743 1117 παρελθόντος,ιδέὁιώς

263 1131 285 1173 ὅ
323 1133 504 1188 Γελίμερ
534 1130 611 1187 τήν
640 1132 884 1185 πολιορκίαν
913 1129 1136 1182 Ῥωμαίων
1157 1131 1231 1171 καί
1257 1130 1431 1184 ἐλεήσας
1459 1128 1510 1171 τοὶ
1532 1131 1613 1171 τῶν
1641 1145 1743 1183 συγ-

261 1201 393 1254 γενῶν
423 1202 543 1242 τέκνα
573 1199 789 1254 σκώληκας
819 1201 864 1240 ἐν
896 1199 1005 1254 αὐτῇ
1050 1199 1105 1255 τῇ
1131 1199 1402 1254 ταλαιπωρίᾳ
1425 1200 1446 1220 *
1474 1195 1742 1252 πεποιηκότα,
1762 1209 1776 1235 1

262 1266 478 1323 ε’θηλύνθη
508 1282 554 1309 τε
599 1266 672 1322 την
715 1263 907 1309 διάνοιαν
939 1263 1148 1320 καὶπρὸς
1182 1266 1335 1320 Φαρᾶν
1377 1262 1584 1320 ἔγραψεν,
1630 1260 1745 1314 ὅπως

261 1334 312 1380 τοὶ
341 1334 469 1378 πιστοὶ
500 1334 659 1389 λαβών,
690 1332 822 1384 αὐτός
852 1349 898 1376 τε
926 1335 1000 1375 καί
1027 1331 1066 1375 οἱ
1096 1331 1174 1375 σὺν
1205 1332 1323 1389 αὐτῷ
1350 1330 1457 1388 πρὸς
1487 1329 1745 1388 Βελισάριον

263 1405 598 1459 παραγένωνται.
627 1399 648 1442 ὃ
682 1404 729 1444 δὲ
759 1398 868 1460 ὅρκῳ
895 1402 1018 1444 τοῦτο
1048 1398 1399 1458 πληροφορὴσας,
1431 1397 1575 1454 λαβών
1607 1395 1745 1441 ἅπαν-

263 1487 341 1520 τας
371 1471 432 1520 εἰς
463 1467 730 1525 Καρχηδόνα
774 1464 885 1524 ἧκεν.
954 1467 1203 1524 Βελισάριος
1247 1469 1292 1510 δὲ
1322 1468 1471 1509 τοῦτον
1503 1469 1744 1523 περιχαρῶς

263 1538 448 1591 ἐδέξατο,
481 1536 502 1579 ὅ
535 1539 582 1579 δὲ
614 1539 793 1592 Γελίμερ
824 1538 957 1592 γελῶν
998 1537 1102 1592 πρὸς
1131 1536 1388 1590 Βελισιίριον
1417 1535 1636 1590 εἰσῆλθεν·
1694 1531 1786 1576 ὃν2<

360 1703 394 1736 5.
425 1701 531 1737 εἶπεν
559 1713 625 1734 om.
654 1701 678 1734 Α
709 1712 739 1734 e.
820 1701 892 1749 μὲν
921 1701 946 1735 Α
972 1713 1002 1742 a,
1031 1698 1079 1737 ἂν
1102 1701 1198 1745 vulg.
1295 1701 1326 1734 8.
1351 1698 1676 1746 παραμυθὴσηται
1703 1699 1742 1740 Α,

357 1750 617 1797 παραμυθήσῃ
641 1750 737 1793 vulg.
879 1750 1047 1795 κιθάραν
1074 1750 1114 1784 δὲ
1147 1747 1343 1798 κιθαριστῇ
1369 1746 1504 1794 dyst-9⁵25
1531 1758 1563 1789 a,
1587 1751 1742 1794 κιθαρι-

361 1799 427 1846 στῇ
456 1798 496 1832 δὲ
521 1796 656 1843 ἀγαθῷ
683 1798 778 1840 vulg.
904 1810 938 1842 9.
965 1797 1047 1832 ὄντι
1075 1809 1146 1830 om.
1174 1799 1215 1831 A.
1349 1806 1401 1840 19.
1430 1788 1531 1844 ἧκεν]
1572 1792 1684 1839 ἦλθεν
1710 1807 1742 1829 e.

360 1857 418 1879 20.
445 1846 636 1890 εἰσῆλθεν·
687 1842 732 1881 ὃν
761 1847 800 1887 Λ,
828 1842 962 1889 ἦλθεν·
992 1839 1047 1882 ὧν
1071 1846 1167 1890 vulg.

268 1999 485 2034 comedunt:
524 1999 561 2033 in
597 2011 675 2033 eam
703 2000 945 2034 calamitatem
985 2000 1161 2035 adductus
1187 2000 1350 2033 Gelimer
1380 2011 1400 2033 a
1425 1999 1600 2041 Pharano,
1636 1999 1744 2045 quem

267 2048 463 2081 Belisarius
505 2047 551 2081 ad
586 2048 816 2082 obsidionem
860 2049 1145 2082 continuandam
1188 2049 1349 2093 reliquit,
1385 2048 1570 2087 citharam,
1614 2058 1745 2092 panem

268 2107 393 2137 unum,
421 2101 458 2128 et
485 2097 674 2141 spongiam
701 2096 771 2129 sibi
789 2097 886 2130 mitti
911 2108 976 2142 per
1004 2098 1142 2131 litteras
1168 2096 1289 2142 petiit.
1341 2095 1505 2128 Pharano
1533 2094 1744 2135 haesitanti,

269 2154 337 2177 uec
364 2142 455 2189 quid
469 2143 558 2176 haec
583 2144 653 2177 sibi
669 2145 817 2185 vellent,
845 2151 1053 2190 assequuto,
1081 2145 1144 2191 qui
1169 2144 1305 2178 tulerat
1320 2144 1511 2188 epistolam
1532 2142 1744 2175 tabellarius

269 2189 430 2224 addidit:
479 2190 642 2224 nondum
679 2194 755 2225 viso
782 2203 899 2238 pane,
928 2204 972 2226 ex
998 2204 1070 2239 quo
1097 2197 1254 2225 montem
1288 2190 1451 2224 ascendit
1478 2190 1653 2231 Gelimer,
1678 2202 1745 2236 pa-

269 2250 353 2272 nem
379 2237 505 2272 videre
533 2238 734 2283 desiderat3
761 2241 876 2274 oculis
901 2240 945 2273 ab
975 2252 1018 2274 eo
1045 2247 1208 2285 tempore
1234 2239 1360 2279 illotis,
1386 2244 1423 2272 et
1450 2239 1518 2283 iam
1544 2237 1650 2271 sorde
1676 2249 1747 2283 op—

269 2286 381 2332 pletis
410 2297 452 2318 ac
471 2285 694 2328 dolentibus,
723 2299 819 2320 nunc
838 2288 1018 2322 leniendis
1046 2295 1083 2322 et
1099 2286 1347 2332 abstergendis
1369 2286 1558 2332 spongiam
1586 2287 1744 2331 expetit:

270 2334 446 2368 citharam
473 2333 652 2378 denique,
680 2336 758 2380 ipse
786 2336 987 2381 pulsandae
1013 2336 1170 2370 citharae
1195 2335 1284 2367 mire
1309 2335 1458 2380 peritus,
1485 2340 1646 2380 exoptat,
1673 2345 1746 2380 qua

270 2382 472 2428 praesentis
499 2381 694 2415 infortunii
717 2383 959 2417 calamitatem
986 2383 1119 2417 deflere
1145 2388 1182 2416 et
1211 2383 1312 2416 luctu
1338 2383 1451 2428 possit
1473 2381 1657 2428 prosequi.
1689 2380 1745 2414 his

271 2429 409 2468 auditis
437 2428 618 2463 Pharanus
651 2430 821 2472 indoluit,
865 2438 902 2464 et
939 2438 1072 2465 sortem
1098 2431 1289 2464 humanam
1326 2430 1532 2476 deplorans,
1558 2428 1657 2476 quod
1681 2440 1748 2474 per

272 2478 412 2511 litteras
449 2477 606 2522 petierat
643 2478 805 2510 Gelimer
843 2480 1031 2518 concessit,
1067 2485 1178 2524 atque
1215 2479 1361 2520 omnia,
1394 2489 1487 2525 quae
1516 2489 1606 2523 opus
1633 2481 1747 2518 erant,

270 2525 480 2559 transmisit.
533 2530 658 2558 exacta
691 2527 759 2558 iam
801 2525 942 2568 hieme,
968 2527 1102 2560 veritus
1127 2522 1287 2560 Gelimer
1317 2539 1363 2560 ne
1390 2527 1501 2571 magis
1528 2525 1650 2559 stricta
1677 2525 1747 2557 Ro-

270 2585 460 2611 manorum
486 2572 679 2608 obsidione
706 2580 943 2618 premeretur,
970 2575 1125 2607 filiorum
1145 2576 1299 2608 maxime
1323 2575 1379 2608 sui
1395 2573 1549 2619 generis,
1579 2572 1642 2619 qui
1667 2583 1748 2605 νει-ο

272 2622 393 2654 mibus
421 2619 612 2654 scatebant
635 2626 673 2654 et
699 2620 927 2661 laborabant,
952 2622 1145 2663 misertus,
1177 2623 1297 2656 animo
1325 2623 1509 2656 emollitus
1534 2626 1571 2654 et
1597 2622 1746 2653 omnino

275 2670 419 2710 fractus,
446 2667 492 2702 ad
518 2667 716 2702 Pharanum
746 2669 941 2714 rescripsit,
970 2675 1010 2703 ut
1029 2670 1112 2704 data
1138 2671 1341 2704 securitatis
1358 2670 1440 2712 fide,
1466 2671 1541 2716 ipse
1565 2679 1643 2714 cum
1673 2667 1748 2701 suis

274 2716 320 2749 ad
347 2717 553 2750 Belisarium
584 2716 736 2750 transire
764 2723 923 2763 possent.
951 2717 1132 2751 Pharanus
1164 2719 1380 2764 interposito
1407 2715 1641 2752 iureiurando
1667 2726 1747 2748 cum

274 2764 451 2798 Gelimeri
491 2764 638 2799 fecisset
664 2764 770 2807 satis,
805 2771 954 2800 cunctos
991 2766 1030 2801 in
1055 2772 1276 2813 potestatem
1301 2765 1466 2814 receptos
1493 2763 1749 2809 Carthaginem
