1786 3204
267 163 368 220 152
813 174 1159 218 THEOPHAle
1204 180 1208 187 ·

256 298 327 325 νον
356 281 488 335 αὐτὴν
512 281 698 334 ἐρεθίζει
735 276 842 319 κατὰ
873 278 946 331 τῆς
987 273 1144 323 οἰκείας
1172 270 1346 327 μητρός,
1378 268 1453 312 καὶ
1479 267 1724 313 &normam

258 349 366 405 αὐτῇ
395 348 644 402 λοιδορῆσαι
678 343 811 399 αὐτὴν
833 341 951 396 παρὰ
981 344 1039 398 τῷ
1057 344 1232 394 βασιλεῖ
1255 335 1362 391 πρὸς
1393 335 1442 379 τὸ
1470 340 1616 392 λαβεῖν
1645 337 1723 379 αύ-

256 414 333 470 τὴν
360 412 436 457 τόν
470 412 774 466 πραιπόσιτον·
850 408 996 462 ἐπειδὴ
1030 407 1056 462 ἦ
1087 406 1341 459 Πουλχεριά
1371 405 1432 454 εἰς
1458 401 1536 460 τήν
1566 405 1724 459 διοίκη-

217 494 325 529 Βσιν
355 483 440 522 τῶν
470 479 729 535 πραγμάτων
758 476 998 532 ἀναγκαίως
1027 469 1116 528 εἶχε
1142 471 1217 514 τόν
1246 469 1544 526 πραιπόσΙ-τον.
1619 469 1642 512 δ
1677 471 1724 512 δὲ

254 545 459 601 βασιλεὺς
486 545 567 587 ὑπὸ
601 546 674 600 τῆς
711 542 910 599 γυναικός
947 538 1268 595 ἐνοχλούμενος,
1300 538 1585 591 διαπέμπεται
1618 538 1726 595 αὐτῇ
1738 541 1763 583 5

254 615 407 667 λέγων·
436 611 496 668 μή
527 629 574 655 σε
603 614 729 654 τοῦτο
774 608 955 666 λυπήσῃ·
992 605 1273 661 πραιπόσιτον
1316 603 1396 660 γὰρ
1428 602 1544 659 ἔχειν
1572 620 1619 647 σε
1648 600 1727 646 οῦκ

255 679 347 722 ἔστι
380 676 562 721 δυνατόν
581 696 592 707 ·
628 679 728 719 ον’δὲ
757 675 831 732 την
859 674 965 730 ἐμὴν
996 671 1187 730 α’δελφὴν
1215 673 1354 721 καλῶς
1385 673 1626 714 διοικοῦσαν
1656 672 1729 713 καί

255 747 464 801 ἐμπείρως
493 744 563 786 καὶ
603 743 790 798 εὐσεβῶς
823 741 901 796 ἐγώ
933 743 1229 796 παραστέλλω.
1303 737 1459 781 τούτου
1490 739 1537 780 δὲ
1567 739 1727 780 α’ποτυ-

251 812 344 867 χών
365 811 385 853 ὃ
409 811 667 867 Χρυσάφιος
694 812 762 866 ἐφ’
791 806 942 863 ἑτέραν
960 810 1213 862 μετέρχεται
1241 802 1409 861 σκευήν,
1437 804 1512 848 καὶ
1527 804 1727 848 ὑποτίθε-

253 897 324 923 ται
352 881 405 936 τῇ
433 879 617 935 Εύδοκία
648 876 828 931 ὄχλῆσαι
859 876 919 933 τῷ
946 878 1136 929 βασιλεῖ’,
1179 873 1254 916 καί
1298 874 1530 928 ἐπιτρέψαι
1558 873 1616 930 τῷ
1644 889 1726 914 πα·
1745 888 1786 915 ιο

255 943 438 1001 τριάρχῃ
476 945 773 998 χειροτονῆσαι
816 940 948 997 αὐτὴν
979 939 1191 996 διάκονον,
1230 939 1287 990 ὥς
1319 937 1600 996 παρθενεύειν
1626 938 1730 996 ᾑρη-

254 1014 394 1067 μένην.
462 1011 536 1052 καί
570 1008 642 1051 εἠἰ
675 1013 819 1051 πλεῖον
859 1009 931 1063 τῆς
971 1007 1185 1056 Εύδοκίας
1226 1006 1450 1062 ὀχλούσης,
1481 1003 1623 1048 ἔπεισε
1650 1003 1729 1061 τὴν

254 1075 493 1134 κουφότητα
524 1078 602 1118 τοῦ
630 1078 853 1131 βασιλέως.
920 1075 995 1116 καί
1022 1075 1148 1116 τοῦτο
1175 1072 1431 1129 προτραπείς
1463 1071 1486 1113 0‘
1515 1071 1728 1128 μακάριος

259 1141 502 1198 Φλαβιανὸς
546 1141 661 1197 παρὰ
699 1143 777 1184 τοῦ
803 1141 1013 1196 βασιλέως
1052 1140 1247 1196 ἐλυπήθη
1275 1137 1449 1197 σφόδρα
1478 1141 1728 1195 προβλέπων

219 1210 306 1255 Cui
344 1211 572 1264 μέλλοντα’
595 1213 641 1253 ἑκ
679 1206 828 1252 τούτου
874 1209 1123 1265 ἀναφυῆναι
1163 1208 1395 1249 σκάνδαλα.
1467 1206 1540 1249 καί
1565 1207 1623 1264 τῷ
1650 1207 1730 1259 μὲν
1747 1205 1786 1247 ιὲ

256 1282 431 1332 βασιλεῖ
453 1277 676 1332 ὑπέσχετο.
704 1277 758 1332 τῇ
787 1277 834 1318 δὲ
862 1273 1115 1332 Πουλχερίᾳ
1146 1272 1333 1330 ἔγραψεν
1358 1274 1617 1330 παρακαλῶν
1651 1272 1731 1314 αὖ·

257 1343 336 1400 τήν
364 1343 422 1399 μή
456 1345 665 1398 δεχθῆναι
703 1345 763 1392 εἰς
800 1341 1029 1399 πρόσωπον
1065 1343 1223 1396 αὐτῆς,
1263 1341 1332 1383 ἵνα
1360 1338 1420 1397 μή
1454 1336 1732 1395 ἀναγκασθῶ,

257 1415 399 1468 φησίν,
428 1413 510 1453 τῶν
537 1409 779 1453 λυπούντων
808 1425 858 1452 σε
886 1409 1051 1464 πρᾶξαί
1071 1425 1123 1450 τι.
1182 1407 1208 1463 ἦ
1240 1409 1287 1450 δὲ
1310 1409 1356 1450 ἐκ
1373 1409 1458 1449 τῶν
1482 1408 1733 1464 γραφέντων

256 1479 443 1532 νοήσασα
474 1475 520 1519 τό
552 1476 870 1531 μελετώμενον,
909 1474 981 1518 τόν
1008 1478 1089 1529 μὲν
1139 1472 1420 1531 πραιπόσιτον
1460 1477 1512 1532 τῇ
1543 1473 1732 1532 Εύδοκίᾳ

257 1545 525 1587 ἀπέστειλεν·
555 1544 617 1593 εἰς
638 1545 684 1586 δὲ
709 1542 753 1586 τὸ
773 1540 979 1598 Ἕβδομον
1007 1544 1241 1595 ἐξελθοῦσα
1268 1542 1499 1598 ἡσύχαζεν.
1557 1543 1604 1585 ἐκ
1631 1540 1730 1584 τού·
1745 1556 1786 1582 at

351 1703 385 1725 2.
412 1690 504 1740 αὐτῇ
525 1690 744 1738 λοιδορῆσαι
768 1704 836 1725 om.
863 1692 902 1725 A.
1046 1693 1080 1727 3.
1109 1689 1129 1734 ἦ
1154 1692 1297 1736 Πουλχ.
1323 1684 1390 1734 τὴν
1418 1687 1531 1724 διοίκ..
1556 1687 1634 1724 τῶν
1660 1698 1728 1733 πρ.

352 1740 500 1785 ἐκράτει
522 1743 586 1774 καὶ
612 1739 747 1786 ἀναγκ.
771 1740 807 1773 b.
942 1749 976 1782 9.
1004 1737 1024 1774 ὅ
1052 1738 1135 1772 add.
1166 1750 1210 1772 ex
1234 1739 1276 1772 A.
1401 1748 1453 1772 ιι.
1478 1734 1732 1783 παρθενεύειν

350 1787 539 1835 ᾑρημένην
565 1789 604 1830 Α,
628 1790 865 1834 παρθενείην
890 1788 1090 1835 εἰρημένην
1115 1787 1212 1831 vulg.
1315 1795 1367 1819 ια.
1392 1783 1617 1833 ὀχλουμένης
1637 1783 1680 1817 A.

260 1937 337 1959 sese
367 1926 520 1971 primum
546 1926 727 1967 insinuat,
771 1930 808 1960 et
831 1926 868 1959 in
893 1926 1061 1972 propriae
1082 1926 1205 1960 matris
1229 1925 1427 1971 perniciem
1451 1922 1612 1958 invidiae
1636 1923 1733 1957 faces

257 1973 434 2014 accendit,
463 1974 571 2019 eique:
596 1975 765 2018 suggerit,
788 1980 829 2008 ut
854 1985 932 2007 eam
947 1974 1044 2019 apud
1061 1972 1316 2020 imperatorem
1341 1972 1544 2019 praepositi
1569 1970 1639 2004 sihi
1665 1970 1732 2004 ad—

257 2020 433 2054 sciscendi
458 2021 528 2054 fine
555 2027 678 2067 carpat
711 2027 748 2054 et
771 2021 931 2055 incuset:
959 2021 1148 2055 Pulcheria
1182 2032 1339 2067 namque
1365 2020 1594 2054 coniunctam
1624 2029 1732 2063 prae-

257 2069 371 2115 positi
401 2079 543 2113 operam
574 2069 611 2101 in
637 2069 795 2112 negotiis
822 2068 988 2113 gerendis
1028 2070 1231 2103 necessario
1259 2067 1438 2113 exigebat.
1489 2067 1687 2113 imperator
1713 2076 1734 2100 a

258 2115 413 2160 coniuge
438 2115 628 2149 molestius
654 2116 924 2160 interpellatus,
952 2116 1022 2150 hoc
1051 2117 1095 2150 ad
1117 2124 1201 2151 eam·
1220 2127 1435 2161 responsum
1462 2113 1534 2148 dat.
1587 2113 1733 2159 depone

257 2163 368 2195 animi
397 2164 636 2206 anxietatem3
663 2165 910 2208 praepositum
936 2165 1030 2197 enim
1056 2165 1222 2199 obtinere
1249 2163 1396 2210 nequis:
1425 2172 1547 2208 neque
1573 2172 1733 2196 sororem

256 2209 443 2255 praeclare
471 2210 625 2243 solerter
649 2215 686 2243 et
712 2222 789 2244 cum
815 2212 958 2256 pietate
989 2224 1042 2245 res
1072 2213 1214 2258 imperii
1242 2211 1555 2245 administrantem
1580 2220 1645 2254 ego
1673 2220 1733 2242 re-

255 2268 397 2290 moveo.
448 2258 597 2291 intentis
618 2258 807 2291 frustratus
824 2258 1085 2304 Chrysaphius,
1111 2261 1218 2293 aliam
1244 2259 1413 2293 dolorum
1443 2257 1632 2303 componit
1654 2267 1732 2290 ma-

257 2303 410 2338 chinam.
442 2304 483 2338 fit
498 2305 682 2338 Eudociae
711 2311 847 2347 auctor,
872 2312 912 2340 ut
941 2308 1019 2352 ipsa
1048 2308 1214 2353 precibus
1239 2304 1496 2353 imperatorem
1524 2305 1665 2349 fatiget,
1691 2314 1733 2336 ac

254 2351 491 2391 Pulcheriam,
519 2357 690 2398 tanquam
721 2352 766 2386 ad
790 2354 1032 2398 virginitatem
1062 2354 1304 2396 destinatam,
1331 2366 1352 2388 a
1375 2352 1581 2401 patriarcha
1608 2351 1732 2386 diaco-

256 2400 389 2432 nissam
422 2398 681 2441 ordinandam,
715 2411 757 2433 eo
802 2401 974 2443 iubente,
1008 2403 1191 2448 impetret.
1241 2403 1293 2437 ita
1318 2401 1480 2436 Eudocia
1504 2401 1542 2436 in
1571 2399 1732 2444 rogando

257 2447 501 2493 frequentior,
530 2452 566 2480 et
594 2448 632 2480 in
655 2448 848 2493 postulatis
880 2450 1067 2494 exigendis
1091 2451 1347 2497 importunior,
1372 2449 1551 2482 leniorem
1575 2448 1735 2493 impera·

257 2495 347 2527 toris
373 2494 554 2534 animum,
585 2505 657 2539 quo
695 2495 938 2538 desiderabat,
963 2497 1132 2543 impellit.
1183 2498 1312 2532 beatus
1337 2497 1557 2538 Flavianus,
1581 2500 1732 2540 accepto

256 2542 486 2586 imperatoris
515 2542 624 2582 iusso,
650 2543 742 2576 mala
771 2554 814 2576 ex
840 2555 895 2585 eo,
923 2545 953 2577 si
982 2545 1055 2585 fiat,
1084 2546 1270 2581 nascitura
1298 2543 1510 2590 praesentit,
1536 2548 1574 2578 et
1597 2543 1636 2579 in
1666 2553 1732 2575 an-

256 2590 430 2623 xietatem
473 2589 673 2623 coniicitur.
741 2590 970 2636 imperatoris
997 2598 1118 2628 tamen
1155 2593 1260 2628 dictis
1297 2592 1559 2638 obsequentem
1585 2601 1623 2624 se
1652 2590 1732 2623 fore

256 2636 470 2681 pollicetur3
505 2648 547 2669 ae
579 2637 686 2670 simul
720 2637 953 2679 pulcheriae,
994 2651 1041 2672 ne
1070 2641 1108 2673 in
1134 2641 1212 2675 eius
1240 2646 1474 2686 conspectum
1503 2638 1733 2679 admittatur,

257 2695 303 2716 ne
322 2684 456 2725 forsan,
484 2684 617 2732 inquit,
643 2684 742 2730 quod
766 2697 787 2718 a
813 2691 848 2719 te
867 2686 1026 2720 libenter
1051 2699 1124 2721 non
1149 2689 1197 2722 sit
1218 2688 1420 2729 ferendum,
1441 2687 1535 2720 circa
1561 2692 1598 2720 te
1624 2685 1734 2731 quip-

257 2731 354 2775 piam
397 2731 529 2778 exequi
557 2742 688 2776 cogar,
713 2732 845 2766 litteris
884 2734 1074 2778 significat.
1135 2747 1179 2769 ex
1207 2737 1371 2782 scriptis,
1399 2733 1500 2782 quod
1524 2732 1732 2780 parabatur.

257 2778 321 2812 illa
347 2778 568 2822 conficiens,
598 2781 805 2828 praeposito
844 2780 890 2814 ad
916 2781 1096 2817 Eudociae
1137 2784 1283 2821 libitum
1307 2783 1416 2826 cedit,
1455 2787 1492 2817 et
1519 2781 1557 2817 in
1582 2778 1733 2818 nebda-
