<?xml version="1.0" encoding="UTF-8"?>
<!DOCTYPE html PUBLIC "-//W3C//DTD XHTML 1.0 Transitional//EN"
    "http://www.w3.org/TR/xhtml1/DTD/xhtml1-transitional.dtd">
<html xmlns="http://www.w3.org/1999/xhtml" xml:lang="en" lang="en">
 <head>
  <title>
</title>
<meta http-equiv="Content-Type" content="text/html;charset=utf-8" />
  <meta name='ocr-system' content='tesseract 3.04.00' />
  <meta name='ocr-capabilities' content='ocr_page ocr_carea ocr_par ocr_line ocrx_word'/>
</head>
<body>
  <div class='ocr_page' id='page_1' title='image "./corpusscriptorum46niebuoft_0416.png"; bbox 0 0 1768 3106; ppageno 0'>
   <div class='ocr_carea' id='block_1_1' title="bbox 217 157 1094 219">
    <p class='ocr_par' dir='ltr' id='par_1_1' title="bbox 217 157 1094 219">
     <span class='ocr_line' id='line_1_1' title="bbox 217 157 1094 219; baseline 0.007 -6"><span class='ocrx_word' id='word_1_1' title='bbox 217 157 333 214; x_wconf 86' lang='lat'>356</span> <span class='ocrx_word' id='word_1_2' title='bbox 717 158 720 162; x_wconf 84' lang='grc'>’</span> <span class='ocrx_word' id='word_1_3' title='bbox 744 175 1094 219; x_wconf 77' lang='lat' dir='ltr'>THEOPHANJS</span> 
     </span>
    </p>
   </div>
   <div class='ocr_carea' id='block_1_2' title="bbox 19 274 1763 1543">
    <p class='ocr_par' dir='ltr' id='par_1_2' title="bbox 211 274 1695 333">
     <span class='ocr_line' id='line_1_2' title="bbox 211 274 1695 333; baseline -0.003 -12"><span class='ocrx_word' id='word_1_4' title='bbox 211 277 423 321; x_wconf 80' lang='grc' dir='ltr'><em>Ἰουδαῖοι</em></span> <span class='ocrx_word' id='word_1_5' title='bbox 454 277 527 320; x_wconf 81' lang='grc' dir='ltr'>καί</span> <span class='ocrx_word' id='word_1_6' title='bbox 550 278 818 332; x_wconf 80' lang='grc' dir='ltr'><em>Σαμαρεῖται</em></span> <span class='ocrx_word' id='word_1_7' title='bbox 844 278 890 320; x_wconf 78' lang='grc' dir='ltr'><em>ἐν</em></span> <span class='ocrx_word' id='word_1_8' title='bbox 911 276 1154 333; x_wconf 69' lang='grc' dir='ltr'><em>Καισαρείᾳ</em></span> <span class='ocrx_word' id='word_1_9' title='bbox 1179 275 1256 330; x_wconf 71' lang='grc' dir='ltr'>τῆς</span> <span class='ocrx_word' id='word_1_10' title='bbox 1285 274 1592 329; x_wconf 77' lang='grc' dir='ltr'><em>Παλαιστίνης,</em></span> <span class='ocrx_word' id='word_1_11' title='bbox 1622 274 1695 316; x_wconf 82' lang='grc' dir='ltr'>καί</span> 
     </span>
    </p>

    <p class='ocr_par' dir='ltr' id='par_1_3' title="bbox 216 342 1694 400">
     <span class='ocr_line' id='line_1_3' title="bbox 216 342 1694 400; baseline -0.001 -14"><span class='ocrx_word' id='word_1_12' title='bbox 216 345 470 400; x_wconf 80' lang='grc' dir='ltr'><em>ποιήσαντες</em></span> <span class='ocrx_word' id='word_1_13' title='bbox 502 343 607 398; x_wconf 82' lang='grc' dir='ltr'><em>πρὸς</em></span> <span class='ocrx_word' id='word_1_14' title='bbox 633 344 842 400; x_wconf 73' lang='grc' dir='ltr'><strong><em>ἀλλήλους</em></strong></span> <span class='ocrx_word' id='word_1_15' title='bbox 871 345 917 387; x_wconf 83' lang='grc' dir='ltr'><em>ἑν</em></span> <span class='ocrx_word' id='word_1_16' title='bbox 958 342 1073 395; x_wconf 77' lang='grc' dir='ltr'><em>τάξει</em></span> <span class='ocrx_word' id='word_1_17' title='bbox 1103 343 1483 399; x_wconf 81' lang='grc' dir='ltr'><em>Πρασινοβενέτων</em></span> <span class='ocrx_word' id='word_1_18' title='bbox 1510 344 1694 397; x_wconf 77' lang='grc' dir='ltr'><em>ἐπῆλθον</em></span> 
     </span>
    </p>

    <p class='ocr_par' dir='ltr' id='par_1_4' title="bbox 213 407 1697 468">
     <span class='ocr_line' id='line_1_4' title="bbox 213 407 1697 468; baseline -0.002 -14"><span class='ocrx_word' id='word_1_19' title='bbox 213 418 302 462; x_wconf 81' lang='grc' dir='ltr'><em>τοῖς</em></span> <span class='ocrx_word' id='word_1_20' title='bbox 330 414 606 468; x_wconf 86' lang='grc' dir='ltr'><em>Χριστιανοῖς</em></span> <span class='ocrx_word' id='word_1_21' title='bbox 637 412 711 467; x_wconf 84' lang='grc' dir='ltr'>τῆς</span> <span class='ocrx_word' id='word_1_22' title='bbox 741 413 873 466; x_wconf 73' lang='grc' dir='ltr'><em>αὐτῆς</em></span> <span class='ocrx_word' id='word_1_23' title='bbox 901 409 1076 466; x_wconf 84' lang='grc' dir='ltr'><em>πόλεως,</em></span> <span class='ocrx_word' id='word_1_24' title='bbox 1107 410 1179 451; x_wconf 90' lang='grc' dir='ltr'><strong><em>καί</em></strong></span> <span class='ocrx_word' id='word_1_25' title='bbox 1209 407 1390 459; x_wconf 77' lang='grc' dir='ltr'><em>πολλοὺς</em></span> <span class='ocrx_word' id='word_1_26' title='bbox 1411 409 1591 466; x_wconf 75' lang='grc' dir='ltr'><em>ἀνεῖλον,</em></span> <span class='ocrx_word' id='word_1_27' title='bbox 1621 410 1697 451; x_wconf 79' lang='grc' dir='ltr'>καί</span> 
     </span>
    </p>

    <p class='ocr_par' dir='ltr' id='par_1_5' title="bbox 214 474 1694 535">
     <span class='ocr_line' id='line_1_5' title="bbox 214 474 1694 535; baseline -0.001 -15"><span class='ocrx_word' id='word_1_28' title='bbox 214 479 434 533; x_wconf 77' lang='grc' dir='ltr'><em>ἐκκλησίας</em></span> <span class='ocrx_word' id='word_1_29' title='bbox 463 481 728 522; x_wconf 83' lang='grc' dir='ltr'><em>κατέκαυσαν</em></span> <span class='ocrx_word' id='word_1_30' title='bbox 741 480 957 535; x_wconf 80' lang='grc' dir='ltr'><em>Στέφανον</em></span> <span class='ocrx_word' id='word_1_31' title='bbox 979 479 1026 520; x_wconf 79' lang='grc' dir='ltr'>δὲ</span> <span class='ocrx_word' id='word_1_32' title='bbox 1053 475 1125 520; x_wconf 80' lang='grc' dir='ltr'>τόν</span> <span class='ocrx_word' id='word_1_33' title='bbox 1154 474 1344 532; x_wconf 78' lang='grc' dir='ltr'><em>ἔπαρχον</em></span> <span class='ocrx_word' id='word_1_34' title='bbox 1370 477 1504 532; x_wconf 67' lang='grc' dir='ltr'><em>αὐτῆς</em></span> <span class='ocrx_word' id='word_1_35' title='bbox 1533 475 1694 525; x_wconf 85' lang='grc' dir='ltr'><em>πόλεως</em></span> 
     </span>
    </p>

    <p class='ocr_par' dir='ltr' id='par_1_6' title="bbox 19 542 1763 1142">
     <span class='ocr_line' id='line_1_6' title="bbox 19 542 1730 607; baseline -0.001 -20"><span class='ocrx_word' id='word_1_36' title='bbox 19 596 23 607; x_wconf 67' lang='lat'>,</span> <span class='ocrx_word' id='word_1_37' title='bbox 80 554 115 588; x_wconf 89' lang='grc' dir='ltr'>Ρ.</span> <span class='ocrx_word' id='word_1_38' title='bbox 137 556 199 603; x_wconf 86' lang='lat'>¹95</span> <span class='ocrx_word' id='word_1_39' title='bbox 214 545 259 588; x_wconf 78' lang='grc' dir='ltr'><em>ἐν</em></span> <span class='ocrx_word' id='word_1_40' title='bbox 289 547 348 604; x_wconf 76' lang='grc' dir='ltr'><em>τῷ</em></span> <span class='ocrx_word' id='word_1_41' title='bbox 378 545 642 605; x_wconf 80' lang='grc' dir='ltr'><em>Πραιτωρίῳ</em></span> <span class='ocrx_word' id='word_1_42' title='bbox 672 545 865 602; x_wconf 76' lang='grc' dir='ltr'><em>α’νεΐλον,</em></span> <span class='ocrx_word' id='word_1_43' title='bbox 896 543 969 587; x_wconf 81' lang='grc' dir='ltr'>καὶ</span> <span class='ocrx_word' id='word_1_44' title='bbox 994 543 1069 600; x_wconf 78' lang='grc' dir='ltr'>τὴν</span> <span class='ocrx_word' id='word_1_45' title='bbox 1107 542 1338 587; x_wconf 70' lang='grc' dir='ltr'><em>ὑπόστασιν</em></span> <span class='ocrx_word' id='word_1_46' title='bbox 1368 545 1505 587; x_wconf 67' lang='grc' dir='ltr'><em>αὐτοῦ</em></span> <span class='ocrx_word' id='word_1_47' title='bbox 1530 543 1730 599; x_wconf 74' lang='grc' dir='ltr'><em>καθήρ-’ὄ</em></span> 
     </span>
     <span class='ocr_line' id='line_1_7' title="bbox 214 609 1692 670; baseline -0.001 -15"><span class='ocrx_word' id='word_1_48' title='bbox 214 617 366 665; x_wconf 81' lang='grc' dir='ltr'><em>παξαν.</em></span> <span class='ocrx_word' id='word_1_49' title='bbox 440 610 465 667; x_wconf 83' lang='grc' dir='ltr'><strong><em>ἦ</em></strong></span> <span class='ocrx_word' id='word_1_50' title='bbox 496 614 543 655; x_wconf 74' lang='grc' dir='ltr'>δὲ</span> <span class='ocrx_word' id='word_1_51' title='bbox 571 611 676 668; x_wconf 78' lang='grc' dir='ltr'><em>γυνη</em></span> <span class='ocrx_word' id='word_1_52' title='bbox 709 613 843 654; x_wconf 74' lang='grc' dir='ltr'><em>αὐτοῦ</em></span> <span class='ocrx_word' id='word_1_53' title='bbox 871 612 1111 655; x_wconf 74' lang='grc' dir='ltr'><em>ἀνελθοῦσα</em></span> <span class='ocrx_word' id='word_1_54' title='bbox 1139 613 1183 654; x_wconf 81' lang='grc' dir='ltr'><em>ἐν</em></span> <span class='ocrx_word' id='word_1_55' title='bbox 1215 613 1269 670; x_wconf 85' lang='grc' dir='ltr'><em>τῇ</em></span> <span class='ocrx_word' id='word_1_56' title='bbox 1296 609 1430 668; x_wconf 81' lang='grc' dir='ltr'><em>πόλει,</em></span> <span class='ocrx_word' id='word_1_57' title='bbox 1452 613 1692 667; x_wconf 73' lang='grc' dir='ltr'><em>προσῆλθεν</em></span> 
     </span>
     <span class='ocr_line' id='line_1_8' title="bbox 214 677 1692 738; baseline -0.001 -16"><span class='ocrx_word' id='word_1_58' title='bbox 214 683 273 738; x_wconf 79' lang='grc' dir='ltr'><em>τῷ</em></span> <span class='ocrx_word' id='word_1_59' title='bbox 303 683 497 735; x_wconf 86' lang='grc' dir='ltr'><em>βασιλεῖ·</em></span> <span class='ocrx_word' id='word_1_60' title='bbox 572 679 646 721; x_wconf 80' lang='grc' dir='ltr'><strong><em>καί</em></strong></span> <span class='ocrx_word' id='word_1_61' title='bbox 672 681 890 722; x_wconf 81' lang='grc' dir='ltr'><em>ἐκέλευσεν</em></span> <span class='ocrx_word' id='word_1_62' title='bbox 916 680 1127 737; x_wconf 79' lang='grc' dir='ltr'><em>Ἀμαντίῳ</em></span> <span class='ocrx_word' id='word_1_63' title='bbox 1168 680 1226 736; x_wconf 79' lang='grc' dir='ltr'><em>τῷ</em></span> <span class='ocrx_word' id='word_1_64' title='bbox 1257 677 1521 737; x_wconf 80' lang='grc' dir='ltr'><em>στρατηλάτῃ</em></span> <span class='ocrx_word' id='word_1_65' title='bbox 1549 683 1692 721; x_wconf 90' lang='grc' dir='ltr'><em>κατελ-</em></span> 
     </span>
     <span class='ocr_line' id='line_1_9' title="bbox 212 744 1688 805; baseline -0.001 -16"><span class='ocrx_word' id='word_1_66' title='bbox 212 751 308 789; x_wconf 84' lang='grc' dir='ltr'><em>θεῖν</em></span> <span class='ocrx_word' id='word_1_67' title='bbox 337 750 380 790; x_wconf 82' lang='grc' dir='ltr'><em>ἐν</em></span> <span class='ocrx_word' id='word_1_68' title='bbox 410 751 694 805; x_wconf 77' lang='grc' dir='ltr'><em>Παλαιστίνῃ,</em></span> <span class='ocrx_word' id='word_1_69' title='bbox 723 747 797 789; x_wconf 83' lang='grc' dir='ltr'><em>καί</em></span> <span class='ocrx_word' id='word_1_70' title='bbox 823 746 894 790; x_wconf 82' lang='grc' dir='ltr'>τὸν</span> <span class='ocrx_word' id='word_1_71' title='bbox 924 744 1052 804; x_wconf 88' lang='grc' dir='ltr'><em>φόνον</em></span> <span class='ocrx_word' id='word_1_72' title='bbox 1083 750 1163 788; x_wconf 81' lang='grc' dir='ltr'><em>τοῦ</em></span> <span class='ocrx_word' id='word_1_73' title='bbox 1193 745 1413 803; x_wconf 77' lang='grc' dir='ltr'><em>Στεφάνου</em></span> <span class='ocrx_word' id='word_1_74' title='bbox 1448 747 1688 802; x_wconf 79' lang='grc' dir='ltr'><em>ἑκζητῆσαι·</em></span> 
     </span>
     <span class='ocr_line' id='line_1_10' title="bbox 213 811 1693 871; baseline -0.001 -16"><span class='ocrx_word' id='word_1_75' title='bbox 213 811 330 864; x_wconf 74' lang='grc' dir='ltr'><em>ὅστις</em></span> <span class='ocrx_word' id='word_1_76' title='bbox 361 814 500 870; x_wconf 74' lang='grc' dir='ltr'><em>εὑρών</em></span> <span class='ocrx_word' id='word_1_77' title='bbox 520 814 618 864; x_wconf 82' lang='grc' dir='ltr'><em>τοὺς</em></span> <span class='ocrx_word' id='word_1_78' title='bbox 647 816 726 866; x_wconf 84' lang='grc' dir='ltr'><em>μὲν</em></span> <span class='ocrx_word' id='word_1_79' title='bbox 753 813 1021 871; x_wconf 76' lang='grc' dir='ltr'><em>ἑφούρκισεν,</em></span> <span class='ocrx_word' id='word_1_80' title='bbox 1051 813 1152 864; x_wconf 78' lang='grc' dir='ltr'><em>τούς</em></span> <span class='ocrx_word' id='word_1_81' title='bbox 1173 815 1221 856; x_wconf 77' lang='grc' dir='ltr'>δὲ</span> <span class='ocrx_word' id='word_1_82' title='bbox 1242 812 1562 870; x_wconf 75' lang='grc' dir='ltr'><em>ἀπεκεφάλισεν,</em></span> <span class='ocrx_word' id='word_1_83' title='bbox 1590 813 1693 863; x_wconf 79' lang='grc' dir='ltr'><em>τούς</em></span> 
     </span>
     <span class='ocr_line' id='line_1_11' title="bbox 213 879 1763 938; baseline 0 -14"><span class='ocrx_word' id='word_1_84' title='bbox 213 883 260 924; x_wconf 78' lang='grc' dir='ltr'>δὲ</span> <span class='ocrx_word' id='word_1_85' title='bbox 289 882 607 938; x_wconf 79' lang='grc' dir='ltr'><em>ἤκρωτηρίασεν</em></span> <span class='ocrx_word' id='word_1_86' title='bbox 637 882 710 924; x_wconf 84' lang='grc' dir='ltr'><em>καί</em></span> <span class='ocrx_word' id='word_1_87' title='bbox 730 880 978 938; x_wconf 68' lang='grc' dir='ltr'><em>ἐδήμευσεν.</em></span> <span class='ocrx_word' id='word_1_88' title='bbox 1035 880 1109 924; x_wconf 77' lang='grc' dir='ltr'>καὶ</span> <span class='ocrx_word' id='word_1_89' title='bbox 1137 883 1296 936; x_wconf 82' lang='grc' dir='ltr'><em>ἐγένετο</em></span> <span class='ocrx_word' id='word_1_90' title='bbox 1329 879 1460 936; x_wconf 80' lang='grc' dir='ltr'><em>φόβος</em></span> <span class='ocrx_word' id='word_1_91' title='bbox 1487 883 1620 936; x_wconf 79' lang='grc' dir='ltr'><em>μέγας</em></span> <span class='ocrx_word' id='word_1_92' title='bbox 1647 883 1692 924; x_wconf 78' lang='grc' dir='ltr'><em>ἐν</em></span> <span class='ocrx_word' id='word_1_93' title='bbox 1710 897 1763 924; x_wconf 54' lang='lat' dir='ltr'>io&gt;</span> 
     </span>
     <span class='ocr_line' id='line_1_12' title="bbox 212 948 1691 1007; baseline -0.001 -16"><span class='ocrx_word' id='word_1_94' title='bbox 212 951 319 992; x_wconf 77' lang='grc' dir='ltr'><em>πᾶσι</em></span> <span class='ocrx_word' id='word_1_95' title='bbox 359 955 446 1000; x_wconf 80' lang='grc' dir='ltr'><em>τοῖς</em></span> <span class='ocrx_word' id='word_1_96' title='bbox 474 949 738 998; x_wconf 85' lang='grc' dir='ltr'><em>α’νατολικοῖς</em></span> <span class='ocrx_word' id='word_1_97' title='bbox 762 951 954 1004; x_wconf 81' lang='grc' dir='ltr'><em>μέρεσιν.</em></span> <span class='ocrx_word' id='word_1_98' title='bbox 1025 951 1084 1007; x_wconf 73' lang='grc' dir='ltr'><em>τῷ</em></span> <span class='ocrx_word' id='word_1_99' title='bbox 1115 949 1162 991; x_wconf 76' lang='grc' dir='ltr'>δὲ</span> <span class='ocrx_word' id='word_1_100' title='bbox 1189 951 1439 1007; x_wconf 71' lang='grc' dir='ltr'><em>Δεκεμβρίῳ</em></span> <span class='ocrx_word' id='word_1_101' title='bbox 1469 948 1575 1004; x_wconf 73' lang='grc' dir='ltr'><em>μηνί</em></span> <span class='ocrx_word' id='word_1_102' title='bbox 1599 950 1691 1003; x_wconf 75' lang='grc' dir='ltr'>ἐγέ-</span> 
     </span>
     <span class='ocr_line' id='line_1_13' title="bbox 213 1013 1693 1073; baseline -0.001 -14"><span class='ocrx_word' id='word_1_103' title='bbox 213 1032 305 1059; x_wconf 83' lang='grc' dir='ltr'><em>νετο</em></span> <span class='ocrx_word' id='word_1_104' title='bbox 338 1019 490 1072; x_wconf 82' lang='grc' dir='ltr'><em>θνῆσις</em></span> <span class='ocrx_word' id='word_1_105' title='bbox 523 1015 761 1072; x_wconf 71' lang='grc' dir='ltr'><em>ἀνθρώπων</em></span> <span class='ocrx_word' id='word_1_106' title='bbox 796 1017 840 1059; x_wconf 83' lang='grc' dir='ltr'><em>ἐν</em></span> <span class='ocrx_word' id='word_1_107' title='bbox 860 1015 1086 1073; x_wconf 75' lang='grc' dir='ltr'><em>διαφόροις</em></span> <span class='ocrx_word' id='word_1_108' title='bbox 1116 1013 1299 1072; x_wconf 81' lang='grc' dir='ltr'><em>πόλεσιν,</em></span> <span class='ocrx_word' id='word_1_109' title='bbox 1327 1016 1512 1068; x_wconf 84' lang='grc' dir='ltr'><em>μάλιστα</em></span> <span class='ocrx_word' id='word_1_110' title='bbox 1536 1018 1582 1058; x_wconf 76' lang='grc' dir='ltr'>δὲ</span> <span class='ocrx_word' id='word_1_111' title='bbox 1609 1019 1693 1058; x_wconf 77' lang='grc' dir='ltr'>τῶν</span> 
     </span>
     <span class='ocr_line' id='line_1_14' title="bbox 212 1079 1693 1142; baseline 0.001 -18"><span class='ocrx_word' id='word_1_112' title='bbox 212 1085 394 1126; x_wconf 79' lang='grc' dir='ltr'><em>παίδων.</em></span> <span class='ocrx_word' id='word_1_113' title='bbox 456 1082 612 1138; x_wconf 84' lang='grc' dir='ltr'><em>ὁμοίως</em></span> <span class='ocrx_word' id='word_1_114' title='bbox 640 1083 712 1126; x_wconf 82' lang='grc' dir='ltr'><em>καί</em></span> <span class='ocrx_word' id='word_1_115' title='bbox 741 1086 799 1141; x_wconf 75' lang='grc' dir='ltr'><em>τῷ</em></span> <span class='ocrx_word' id='word_1_116' title='bbox 830 1086 963 1142; x_wconf 74' lang='grc' dir='ltr'><em>Μαΐῳ</em></span> <span class='ocrx_word' id='word_1_117' title='bbox 979 1085 1084 1138; x_wconf 85' lang='grc' dir='ltr'>μηνί</span> <span class='ocrx_word' id='word_1_118' title='bbox 1112 1084 1273 1138; x_wconf 80' lang='grc' dir='ltr'><em>ἐγένετο</em></span> <span class='ocrx_word' id='word_1_119' title='bbox 1303 1082 1454 1132; x_wconf 81' lang='grc' dir='ltr'><em>σπάνις</em></span> <span class='ocrx_word' id='word_1_120' title='bbox 1488 1079 1619 1139; x_wconf 74' lang='grc' dir='ltr'><em>ἄρτου</em></span> <span class='ocrx_word' id='word_1_121' title='bbox 1647 1086 1693 1125; x_wconf 84' lang='grc' dir='ltr'><em>έν</em></span> 
     </span>
    </p>

    <p class='ocr_par' dir='ltr' id='par_1_7' title="bbox 171 1142 1760 1543">
     <span class='ocr_line' id='line_1_15' title="bbox 171 1142 1691 1209; baseline -0.001 -16"><span class='ocrx_word' id='word_1_122' title='bbox 171 1152 452 1209; x_wconf 81' lang='grc' dir='ltr'><em>ΒΒυζαντίῳ.</em></span> <span class='ocrx_word' id='word_1_123' title='bbox 512 1142 586 1193; x_wconf 74' lang='grc' dir='ltr'><em>καί</em></span> <span class='ocrx_word' id='word_1_124' title='bbox 622 1151 922 1206; x_wconf 82' lang='grc' dir='ltr'><em>ἐστενώθησαν</em></span> <span class='ocrx_word' id='word_1_125' title='bbox 950 1151 1025 1192; x_wconf 75' lang='grc' dir='ltr'>καί</span> <span class='ocrx_word' id='word_1_126' title='bbox 1069 1148 1248 1207; x_wconf 78' lang='grc' dir='ltr'><em>ἔκραξαν</em></span> <span class='ocrx_word' id='word_1_127' title='bbox 1279 1152 1337 1208; x_wconf 77' lang='grc' dir='ltr'><em>τῷ</em></span> <span class='ocrx_word' id='word_1_128' title='bbox 1363 1153 1564 1203; x_wconf 82' lang='grc' dir='ltr'><em>βασιλεῖ’·</em></span> <span class='ocrx_word' id='word_1_129' title='bbox 1623 1152 1691 1193; x_wconf 76' lang='grc' dir='ltr'>δέ·</span> 
     </span>
     <span class='ocr_line' id='line_1_16' title="bbox 210 1214 1760 1276; baseline -0.003 -15"><span class='ocrx_word' id='word_1_130' title='bbox 210 1234 371 1275; x_wconf 83' lang='grc' dir='ltr'><em>σποτα,</em></span> <span class='ocrx_word' id='word_1_131' title='bbox 417 1219 622 1276; x_wconf 73' lang='grc' dir='ltr'><em>εὐθηνίαν</em></span> <span class='ocrx_word' id='word_1_132' title='bbox 659 1220 712 1275; x_wconf 82' lang='grc' dir='ltr'><em>τῇ</em></span> <span class='ocrx_word' id='word_1_133' title='bbox 743 1218 870 1261; x_wconf 87' lang='grc' dir='ltr'><em>πόλει.</em></span> <span class='ocrx_word' id='word_1_134' title='bbox 929 1218 1004 1259; x_wconf 81' lang='grc' dir='ltr'><em>καί</em></span> <span class='ocrx_word' id='word_1_135' title='bbox 1046 1220 1295 1272; x_wconf 85' lang='grc' dir='ltr'><em>α’νέσκαψαν</em></span> <span class='ocrx_word' id='word_1_136' title='bbox 1321 1216 1395 1260; x_wconf 86' lang='grc' dir='ltr'><em>τόν</em></span> <span class='ocrx_word' id='word_1_137' title='bbox 1425 1214 1621 1274; x_wconf 68' lang='grc' dir='ltr'><em>ὕπαρχον</em></span> <span class='ocrx_word' id='word_1_138' title='bbox 1650 1215 1760 1261; x_wconf 72' lang='lat' dir='ltr'>s&#39;v15</span> 
     </span>
     <span class='ocr_line' id='line_1_17' title="bbox 210 1281 1696 1346; baseline -0.001 -18"><span class='ocrx_word' id='word_1_139' title='bbox 210 1288 472 1346; x_wconf 72' lang='grc' dir='ltr'><em>γενεθλιακῷ</em></span> <span class='ocrx_word' id='word_1_140' title='bbox 500 1288 681 1344; x_wconf 73' lang='grc' dir='ltr'><em>θεωρίῳ,</em></span> <span class='ocrx_word' id='word_1_141' title='bbox 714 1281 844 1328; x_wconf 75' lang='grc' dir='ltr'><em>ὄντων</em></span> <span class='ocrx_word' id='word_1_142' title='bbox 871 1287 916 1327; x_wconf 80' lang='grc' dir='ltr'><em>ἐν</em></span> <span class='ocrx_word' id='word_1_143' title='bbox 946 1287 1003 1342; x_wconf 71' lang='grc' dir='ltr'><em>τῷ</em></span> <span class='ocrx_word' id='word_1_144' title='bbox 1036 1283 1192 1343; x_wconf 70' lang='grc' dir='ltr'><em>ἱππικῷ</em></span> <span class='ocrx_word' id='word_1_145' title='bbox 1217 1287 1292 1327; x_wconf 85' lang='grc' dir='ltr'>καί</span> <span class='ocrx_word' id='word_1_146' title='bbox 1318 1287 1587 1339; x_wconf 75' lang='grc' dir='ltr'><em>πρεσβευτῶν</em></span> <span class='ocrx_word' id='word_1_147' title='bbox 1611 1287 1696 1327; x_wconf 79' lang='grc' dir='ltr'>τῶν</span> 
     </span>
     <span class='ocr_line' id='line_1_18' title="bbox 212 1349 1693 1411; baseline -0.001 -16"><span class='ocrx_word' id='word_1_148' title='bbox 212 1354 417 1408; x_wconf 77' lang='grc' dir='ltr'><em>Περσῶν.</em></span> <span class='ocrx_word' id='word_1_149' title='bbox 487 1354 562 1395; x_wconf 82' lang='grc' dir='ltr'><em>καί</em></span> <span class='ocrx_word' id='word_1_150' title='bbox 602 1349 895 1408; x_wconf 72' lang='grc' dir='ltr'><em>ἀγανακτήσας</em></span> <span class='ocrx_word' id='word_1_151' title='bbox 942 1350 962 1393; x_wconf 80' lang='grc' dir='ltr'>ὁ</span> <span class='ocrx_word' id='word_1_152' title='bbox 996 1350 1202 1406; x_wconf 67' lang='grc' dir='ltr'><em>βασιλεὺς</em></span> <span class='ocrx_word' id='word_1_153' title='bbox 1241 1353 1402 1393; x_wconf 75' lang='grc' dir='ltr'><em>κελεύει</em></span> <span class='ocrx_word' id='word_1_154' title='bbox 1431 1355 1693 1411; x_wconf 65' lang='grc' dir='ltr'><em>ΙΙΙουσουνίῳ</em></span> 
     </span>
     <span class='ocr_line' id='line_1_19' title="bbox 210 1418 1692 1479; baseline 0 -19"><span class='ocrx_word' id='word_1_155' title='bbox 210 1421 270 1477; x_wconf 77' lang='grc' dir='ltr'><em>τῷ</em></span> <span class='ocrx_word' id='word_1_156' title='bbox 299 1419 478 1479; x_wconf 75' lang='grc' dir='ltr'><em>ὑπάρχῳ</em></span> <span class='ocrx_word' id='word_1_157' title='bbox 501 1421 713 1474; x_wconf 81' lang='grc' dir='ltr'><em>κρατῆσαι</em></span> <span class='ocrx_word' id='word_1_158' title='bbox 728 1418 828 1469; x_wconf 77' lang='grc' dir='ltr'><em>τούς</em></span> <span class='ocrx_word' id='word_1_159' title='bbox 847 1422 969 1461; x_wconf 81' lang='grc' dir='ltr'><em>τοῦτο</em></span> <span class='ocrx_word' id='word_1_160' title='bbox 991 1419 1265 1473; x_wconf 64' lang='grc' dir='ltr'><em>ποιήσαντας,</em></span> <span class='ocrx_word' id='word_1_161' title='bbox 1294 1419 1368 1459; x_wconf 86' lang='grc' dir='ltr'><strong><em>καί</em></strong></span> <span class='ocrx_word' id='word_1_162' title='bbox 1389 1418 1692 1474; x_wconf 79' lang='grc' dir='ltr'><em>ἐκολάσθησαν.</em></span> 
     </span>
     <span class='ocr_line' id='line_1_20' title="bbox 212 1483 1695 1543; baseline -0.001 -14"><span class='ocrx_word' id='word_1_163' title='bbox 212 1485 525 1543; x_wconf 75' lang='grc' dir='ltr'><em>ἐλύπησανγὰρ</em></span> <span class='ocrx_word' id='word_1_164' title='bbox 549 1484 622 1529; x_wconf 76' lang='grc' dir='ltr'>τόν</span> <span class='ocrx_word' id='word_1_165' title='bbox 635 1488 829 1542; x_wconf 83' lang='grc' dir='ltr'><em>βασιλέα,</em></span> <span class='ocrx_word' id='word_1_166' title='bbox 860 1483 923 1528; x_wconf 81' lang='grc' dir='ltr'>ὅτι</span> <span class='ocrx_word' id='word_1_167' title='bbox 941 1485 1012 1527; x_wconf 72' lang='grc' dir='ltr'>ἐπὶ</span> <span class='ocrx_word' id='word_1_168' title='bbox 1027 1487 1103 1526; x_wconf 83' lang='grc' dir='ltr'><em>τοῦ</em></span> <span class='ocrx_word' id='word_1_169' title='bbox 1123 1484 1388 1541; x_wconf 80' lang='grc' dir='ltr'><em>πρεσβευτοῦ</em></span> <span class='ocrx_word' id='word_1_170' title='bbox 1413 1487 1495 1528; x_wconf 72' lang='grc' dir='ltr'><em>ταῖν</em></span> <span class='ocrx_word' id='word_1_171' title='bbox 1510 1487 1695 1541; x_wconf 75' lang='grc' dir='ltr'><em>Περσῶν</em></span> 
     </span>
    </p>
   </div>
   <div class='ocr_carea' id='block_1_3' title="bbox 308 1641 1693 1742">
    <p class='ocr_par' dir='ltr' id='par_1_8' title="bbox 308 1641 1693 1742">
     <span class='ocr_line' id='line_1_21' title="bbox 308 1641 1693 1692; baseline 0.001 -13"><span class='ocrx_word' id='word_1_172' title='bbox 308 1647 622 1692; x_wconf 70' lang='grc' dir='ltr'><em>2.ΙΙροιβινέῐων</em></span> <span class='ocrx_word' id='word_1_173' title='bbox 646 1645 683 1679; x_wconf 90' lang='lat' dir='ltr'>b.</span> <span class='ocrx_word' id='word_1_174' title='bbox 808 1644 841 1689; x_wconf 77' lang='grc'>4.</span> <span class='ocrx_word' id='word_1_175' title='bbox 868 1646 1035 1691; x_wconf 81' lang='grc' dir='ltr'><em>ἔπαρχον</em></span> <span class='ocrx_word' id='word_1_176' title='bbox 1062 1644 1097 1686; x_wconf 91' lang='lat' dir='ltr'>b,</span> <span class='ocrx_word' id='word_1_177' title='bbox 1125 1641 1301 1691; x_wconf 78' lang='grc' dir='ltr'><em>ὕπαρχον</em></span> <span class='ocrx_word' id='word_1_178' title='bbox 1325 1645 1422 1690; x_wconf 82' lang='lat' dir='ltr'>vulg.</span> <span class='ocrx_word' id='word_1_179' title='bbox 1541 1647 1573 1681; x_wconf 90' lang='lat'>8.</span> <span class='ocrx_word' id='word_1_180' title='bbox 1601 1647 1693 1681; x_wconf 81' lang='grc' dir='ltr'><em>Σιε-</em></span> 
     </span>
     <span class='ocr_line' id='line_1_22' title="bbox 309 1692 1692 1742; baseline -0.002 -14"><span class='ocrx_word' id='word_1_181' title='bbox 309 1693 452 1742; x_wconf 76' lang='grc' dir='ltr'><em>φιὲιόυ]</em></span> <span class='ocrx_word' id='word_1_182' title='bbox 482 1693 652 1740; x_wconf 77' lang='grc' dir='ltr'><em>ὑπάρχου</em></span> <span class='ocrx_word' id='word_1_183' title='bbox 678 1705 710 1728; x_wconf 84' lang='lat' dir='ltr'>a.</span> <span class='ocrx_word' id='word_1_184' title='bbox 814 1705 864 1728; x_wconf 88' lang='grc' dir='ltr'><em>ιι.</em></span> <span class='ocrx_word' id='word_1_185' title='bbox 889 1692 1062 1741; x_wconf 74' lang='grc' dir='ltr'><em>μέρεσιν]</em></span> <span class='ocrx_word' id='word_1_186' title='bbox 1090 1692 1224 1728; x_wconf 81' lang='grc' dir='ltr'><em>πόλεσι</em></span> <span class='ocrx_word' id='word_1_187' title='bbox 1247 1693 1283 1726; x_wconf 90' lang='lat' dir='ltr'>b.</span> <span class='ocrx_word' id='word_1_188' title='bbox 1391 1695 1440 1729; x_wconf 82' lang='lat'>16.</span> <span class='ocrx_word' id='word_1_189' title='bbox 1465 1696 1540 1730; x_wconf 73' lang='grc' dir='ltr'><em>τῶν</em></span> <span class='ocrx_word' id='word_1_190' title='bbox 1564 1706 1634 1728; x_wconf 88' lang='lat' dir='ltr'>om.</span> <span class='ocrx_word' id='word_1_191' title='bbox 1661 1705 1692 1729; x_wconf 76' lang='lat' dir='ltr'>a,</span> 
     </span>
    </p>
   </div>
   <div class='ocr_carea' id='block_1_4' title="bbox 316 1742 614 1789">
    <p class='ocr_par' dir='ltr' id='par_1_9' title="bbox 316 1742 614 1789">
     <span class='ocr_line' id='line_1_23' title="bbox 316 1742 614 1789; baseline 0 -14"><span class='ocrx_word' id='word_1_192' title='bbox 316 1744 365 1778; x_wconf 83' lang='lat'>18.</span> <span class='ocrx_word' id='word_1_193' title='bbox 395 1742 549 1789; x_wconf 75' lang='grc' dir='ltr'><em>ἐπάρχῳ</em></span> <span class='ocrx_word' id='word_1_194' title='bbox 578 1742 614 1776; x_wconf 91' lang='lat' dir='ltr'>b.</span> 
     </span>
    </p>
   </div>
   <div class='ocr_carea' id='block_1_5' title="bbox 214 1878 1768 2834">
    <p class='ocr_par' dir='ltr' id='par_1_10' title="bbox 214 1878 1768 2834">
     <span class='ocr_line' id='line_1_24' title="bbox 216 1878 1696 1920; baseline -0.001 -6"><span class='ocrx_word' id='word_1_195' title='bbox 216 1880 308 1914; x_wconf 76' lang='lat' dir='ltr'>suna</span> <span class='ocrx_word' id='word_1_196' title='bbox 338 1878 465 1913; x_wconf 87' lang='lat' dir='ltr'>Iudaei</span> <span class='ocrx_word' id='word_1_197' title='bbox 507 1885 544 1914; x_wconf 87' lang='lat' dir='ltr'>et</span> <span class='ocrx_word' id='word_1_198' title='bbox 576 1880 773 1914; x_wconf 81' lang='lat' dir='ltr'>Samaritae</span> <span class='ocrx_word' id='word_1_199' title='bbox 818 1879 1032 1914; x_wconf 83' lang='lat' dir='ltr'>tumultuati</span> <span class='ocrx_word' id='word_1_200' title='bbox 1074 1884 1183 1920; x_wconf 81' lang='lat' dir='ltr'>sunt,</span> <span class='ocrx_word' id='word_1_201' title='bbox 1213 1884 1250 1912; x_wconf 87' lang='lat' dir='ltr'>et</span> <span class='ocrx_word' id='word_1_202' title='bbox 1276 1878 1442 1912; x_wconf 78' lang='lat' dir='ltr'>factionis</span> <span class='ocrx_word' id='word_1_203' title='bbox 1468 1879 1631 1913; x_wconf 85' lang='lat' dir='ltr'>Prasinae</span> <span class='ocrx_word' id='word_1_204' title='bbox 1659 1885 1696 1912; x_wconf 78' lang='lat' dir='ltr'>et</span> 
     </span>
     <span class='ocr_line' id='line_1_25' title="bbox 214 1927 1694 1969; baseline -0.001 -8"><span class='ocrx_word' id='word_1_205' title='bbox 214 1927 381 1961; x_wconf 87' lang='lat' dir='ltr'>Venetae</span> <span class='ocrx_word' id='word_1_206' title='bbox 409 1927 561 1961; x_wconf 85' lang='lat' dir='ltr'>dissidia</span> <span class='ocrx_word' id='word_1_207' title='bbox 589 1929 686 1962; x_wconf 84' lang='lat' dir='ltr'>inter</span> <span class='ocrx_word' id='word_1_208' title='bbox 712 1940 749 1961; x_wconf 91' lang='lat' dir='ltr'>se</span> <span class='ocrx_word' id='word_1_209' title='bbox 775 1928 1000 1969; x_wconf 76' lang='lat' dir='ltr'>simulantes,</span> <span class='ocrx_word' id='word_1_210' title='bbox 1029 1928 1068 1960; x_wconf 90' lang='lat' dir='ltr'>in</span> <span class='ocrx_word' id='word_1_211' title='bbox 1095 1927 1317 1961; x_wconf 77' lang='lat' dir='ltr'>Christianos</span> <span class='ocrx_word' id='word_1_212' title='bbox 1352 1927 1450 1960; x_wconf 80' lang='lat' dir='ltr'>urbis</span> <span class='ocrx_word' id='word_1_213' title='bbox 1477 1927 1576 1960; x_wconf 86' lang='lat' dir='ltr'>illius</span> <span class='ocrx_word' id='word_1_214' title='bbox 1601 1927 1694 1960; x_wconf 77' lang='lat' dir='ltr'>cives</span> 
     </span>
     <span class='ocr_line' id='line_1_26' title="bbox 215 1974 1696 2021; baseline 0 -13"><span class='ocrx_word' id='word_1_215' title='bbox 215 1976 411 2016; x_wconf 75' lang='lat' dir='ltr'>irruerunt,</span> <span class='ocrx_word' id='word_1_216' title='bbox 442 1980 479 2009; x_wconf 80' lang='lat' dir='ltr'>et</span> <span class='ocrx_word' id='word_1_217' title='bbox 503 1976 626 2010; x_wconf 87' lang='lat' dir='ltr'>multis</span> <span class='ocrx_word' id='word_1_218' title='bbox 655 1987 779 2010; x_wconf 86' lang='lat' dir='ltr'>eorum</span> <span class='ocrx_word' id='word_1_219' title='bbox 807 1977 942 2016; x_wconf 87' lang='lat' dir='ltr'>occisis,</span> <span class='ocrx_word' id='word_1_220' title='bbox 969 1975 1235 2009; x_wconf 86' lang='lat' dir='ltr'>succenderunt</span> <span class='ocrx_word' id='word_1_221' title='bbox 1253 1975 1442 2008; x_wconf 87' lang='lat' dir='ltr'>ecclesias:</span> <span class='ocrx_word' id='word_1_222' title='bbox 1471 1974 1696 2021; x_wconf 80' lang='lat' dir='ltr'>Stephanum</span> 
     </span>
     <span class='ocr_line' id='line_1_27' title="bbox 216 2013 1697 2079; baseline -0.001 -23"><span class='ocrx_word' id='word_1_223' title='bbox 216 2023 367 2068; x_wconf 88' lang='lat' dir='ltr'>insuper</span> <span class='ocrx_word' id='word_1_224' title='bbox 394 2013 557 2056; x_wconf 87' lang='lat' dir='ltr'>eiusdem</span> <span class='ocrx_word' id='word_1_225' title='bbox 585 2024 742 2057; x_wconf 83' lang='lat' dir='ltr'>civitatis</span> <span class='ocrx_word' id='word_1_226' title='bbox 770 2024 995 2079; x_wconf 82' lang='lat' dir='ltr'>praefectum</span> <span class='ocrx_word' id='word_1_227' title='bbox 1018 2024 1244 2057; x_wconf 87' lang='lat' dir='ltr'>sustulerunt</span> <span class='ocrx_word' id='word_1_228' title='bbox 1269 2034 1288 2056; x_wconf 90' lang='lat' dir='ltr'>e</span> <span class='ocrx_word' id='word_1_229' title='bbox 1315 2015 1447 2063; x_wconf 87' lang='lat' dir='ltr'>medio,</span> <span class='ocrx_word' id='word_1_230' title='bbox 1479 2029 1516 2056; x_wconf 88' lang='lat' dir='ltr'>et</span> <span class='ocrx_word' id='word_1_231' title='bbox 1542 2023 1697 2056; x_wconf 82' lang='lat' dir='ltr'>faculta-</span> 
     </span>
     <span class='ocr_line' id='line_1_28' title="bbox 217 2070 1697 2117; baseline -0.001 -13"><span class='ocrx_word' id='word_1_232' title='bbox 217 2075 273 2104; x_wconf 84' lang='lat' dir='ltr'>tes</span> <span class='ocrx_word' id='word_1_233' title='bbox 299 2082 376 2103; x_wconf 81' lang='lat' dir='ltr'>elus</span> <span class='ocrx_word' id='word_1_234' title='bbox 407 2082 530 2104; x_wconf 85' lang='lat' dir='ltr'>omnes</span> <span class='ocrx_word' id='word_1_235' title='bbox 561 2070 770 2117; x_wconf 87' lang='lat' dir='ltr'>depraedati</span> <span class='ocrx_word' id='word_1_236' title='bbox 794 2077 886 2105; x_wconf 90' lang='lat' dir='ltr'>sunt</span> <span class='ocrx_word' id='word_1_237' title='bbox 917 2073 993 2105; x_wconf 91' lang='lat' dir='ltr'>eius</span> <span class='ocrx_word' id='word_1_238' title='bbox 1019 2083 1102 2104; x_wconf 89' lang='lat' dir='ltr'>vero</span> <span class='ocrx_word' id='word_1_239' title='bbox 1125 2072 1259 2104; x_wconf 82' lang='lat' dir='ltr'>coniux</span> <span class='ocrx_word' id='word_1_240' title='bbox 1276 2070 1416 2115; x_wconf 83' lang='lat' dir='ltr'>Cpolim</span> <span class='ocrx_word' id='word_1_241' title='bbox 1443 2070 1604 2115; x_wconf 86' lang='lat' dir='ltr'>profecta</span> <span class='ocrx_word' id='word_1_242' title='bbox 1627 2071 1697 2104; x_wconf 88' lang='lat' dir='ltr'>im-</span> 
     </span>
     <span class='ocr_line' id='line_1_29' title="bbox 217 2118 1698 2164; baseline 0.001 -14"><span class='ocrx_word' id='word_1_243' title='bbox 217 2123 423 2164; x_wconf 84' lang='lat' dir='ltr'>peratorem</span> <span class='ocrx_word' id='word_1_244' title='bbox 448 2118 551 2159; x_wconf 84' lang='lat' dir='ltr'>adiit,</span> <span class='ocrx_word' id='word_1_245' title='bbox 577 2120 639 2164; x_wconf 90' lang='lat' dir='ltr'>qui</span> <span class='ocrx_word' id='word_1_246' title='bbox 655 2120 863 2152; x_wconf 84' lang='lat' dir='ltr'>Amantium</span> <span class='ocrx_word' id='word_1_247' title='bbox 884 2120 1036 2153; x_wconf 85' lang='lat' dir='ltr'>militiae</span> <span class='ocrx_word' id='word_1_248' title='bbox 1061 2120 1269 2163; x_wconf 74' lang='lat' dir='ltr'>magistrum</span> <span class='ocrx_word' id='word_1_249' title='bbox 1290 2119 1328 2151; x_wconf 90' lang='lat' dir='ltr'>in</span> <span class='ocrx_word' id='word_1_250' title='bbox 1347 2118 1586 2151; x_wconf 80' lang='lat' dir='ltr'><strong>Palaestinam</strong></span> <span class='ocrx_word' id='word_1_251' title='bbox 1611 2119 1698 2152; x_wconf 86' lang='lat' dir='ltr'>mis-</span> 
     </span>
     <span class='ocr_line' id='line_1_30' title="bbox 220 2164 1768 2213; baseline 0.001 -15"><span class='ocrx_word' id='word_1_252' title='bbox 220 2177 298 2198; x_wconf 89' lang='lat' dir='ltr'>sum</span> <span class='ocrx_word' id='word_1_253' title='bbox 329 2164 374 2198; x_wconf 83' lang='lat' dir='ltr'>de</span> <span class='ocrx_word' id='word_1_254' title='bbox 401 2165 576 2211; x_wconf 81' lang='lat' dir='ltr'>Stephani</span> <span class='ocrx_word' id='word_1_255' title='bbox 601 2166 710 2201; x_wconf 87' lang='lat' dir='ltr'>caede</span> <span class='ocrx_word' id='word_1_256' title='bbox 736 2168 842 2201; x_wconf 84' lang='lat' dir='ltr'>iussit</span> <span class='ocrx_word' id='word_1_257' title='bbox 874 2168 1067 2213; x_wconf 86' lang='lat' dir='ltr'>inquirere.</span> <span class='ocrx_word' id='word_1_258' title='bbox 1092 2172 1212 2200; x_wconf 84' lang='lat' dir='ltr'>sontes</span> <span class='ocrx_word' id='word_1_259' title='bbox 1239 2177 1328 2211; x_wconf 87' lang='lat' dir='ltr'>quos</span> <span class='ocrx_word' id='word_1_260' title='bbox 1354 2166 1497 2211; x_wconf 86' lang='lat' dir='ltr'>reperit,</span> <span class='ocrx_word' id='word_1_261' title='bbox 1524 2166 1698 2212; x_wconf 87' lang='lat' dir='ltr'>quosdam</span> <span class='ocrx_word' id='word_1_262' title='bbox 1753 2164 1768 2209; x_wconf 40' lang='grc' dir='ltr'>μ’</span> 
     </span>
     <span class='ocr_line' id='line_1_31' title="bbox 222 2212 1698 2270; baseline 0.001 -25"><span class='ocrx_word' id='word_1_263' title='bbox 222 2212 445 2258; x_wconf 81' lang='lat' dir='ltr'>suspendiO,</span> <span class='ocrx_word' id='word_1_264' title='bbox 474 2213 565 2246; x_wconf 81' lang='lat' dir='ltr'>alios</span> <span class='ocrx_word' id='word_1_265' title='bbox 591 2215 719 2260; x_wconf 88' lang='lat' dir='ltr'>capitis</span> <span class='ocrx_word' id='word_1_266' title='bbox 744 2214 974 2270; x_wconf 80' lang='lat' dir='ltr'>abscissione,</span> <span class='ocrx_word' id='word_1_267' title='bbox 1010 2214 1238 2248; x_wconf 81' lang='lat' dir='ltr'>truncatione</span> <span class='ocrx_word' id='word_1_268' title='bbox 1267 2213 1510 2247; x_wconf 85' lang='lat' dir='ltr'>membrorum</span> <span class='ocrx_word' id='word_1_269' title='bbox 1535 2215 1698 2247; x_wconf 87' lang='lat' dir='ltr'>nonnul-</span> 
     </span>
     <span class='ocr_line' id='line_1_32' title="bbox 221 2260 1697 2308; baseline 0.001 -14"><span class='ocrx_word' id='word_1_270' title='bbox 221 2260 289 2301; x_wconf 86' lang='lat' dir='ltr'>los,</span> <span class='ocrx_word' id='word_1_271' title='bbox 314 2261 508 2307; x_wconf 86' lang='lat' dir='ltr'>plerosque</span> <span class='ocrx_word' id='word_1_272' title='bbox 539 2261 753 2295; x_wconf 81' lang='lat' dir='ltr'>facultatum</span> <span class='ocrx_word' id='word_1_273' title='bbox 793 2263 983 2296; x_wconf 87' lang='lat' dir='ltr'>amissione</span> <span class='ocrx_word' id='word_1_274' title='bbox 1007 2263 1214 2296; x_wconf 78' lang='lat' dir='ltr'>muletavit:</span> <span class='ocrx_word' id='word_1_275' title='bbox 1259 2273 1302 2294; x_wconf 82' lang='lat' dir='ltr'>ex</span> <span class='ocrx_word' id='word_1_276' title='bbox 1328 2273 1401 2307; x_wconf 87' lang='lat' dir='ltr'>quo</span> <span class='ocrx_word' id='word_1_277' title='bbox 1430 2267 1545 2296; x_wconf 81' lang='lat' dir='ltr'>metus</span> <span class='ocrx_word' id='word_1_278' title='bbox 1570 2263 1697 2308; x_wconf 85' lang='lat' dir='ltr'>ingens</span> 
     </span>
     <span class='ocr_line' id='line_1_33' title="bbox 222 2309 1697 2354; baseline 0.001 -12"><span class='ocrx_word' id='word_1_279' title='bbox 222 2309 262 2342; x_wconf 87' lang='lat' dir='ltr'>in</span> <span class='ocrx_word' id='word_1_280' title='bbox 289 2314 410 2354; x_wconf 88' lang='lat' dir='ltr'>partes</span> <span class='ocrx_word' id='word_1_281' title='bbox 439 2319 562 2341; x_wconf 87' lang='lat' dir='ltr'>omnes</span> <span class='ocrx_word' id='word_1_282' title='bbox 591 2310 787 2343; x_wconf 74' lang='lat' dir='ltr'>orientales</span> <span class='ocrx_word' id='word_1_283' title='bbox 817 2310 996 2344; x_wconf 85' lang='lat' dir='ltr'>incubuit.</span> <span class='ocrx_word' id='word_1_284' title='bbox 1046 2315 1226 2343; x_wconf 88' lang='lat' dir='ltr'>caeterum</span> <span class='ocrx_word' id='word_1_285' title='bbox 1267 2321 1389 2343; x_wconf 87' lang='lat' dir='ltr'>mense</span> <span class='ocrx_word' id='word_1_286' title='bbox 1413 2309 1608 2344; x_wconf 88' lang='lat' dir='ltr'>Decembri</span> <span class='ocrx_word' id='word_1_287' title='bbox 1634 2321 1697 2344; x_wconf 85' lang='lat' dir='ltr'>va-</span> 
     </span>
     <span class='ocr_line' id='line_1_34' title="bbox 223 2355 1755 2412; baseline 0.002 -23"><span class='ocrx_word' id='word_1_288' title='bbox 223 2357 285 2390; x_wconf 86' lang='lat' dir='ltr'>riis</span> <span class='ocrx_word' id='word_1_289' title='bbox 311 2355 349 2389; x_wconf 88' lang='lat' dir='ltr'>in</span> <span class='ocrx_word' id='word_1_290' title='bbox 379 2355 585 2389; x_wconf 80' lang='lat' dir='ltr'>civitatibus</span> <span class='ocrx_word' id='word_1_291' title='bbox 611 2356 810 2398; x_wconf 85' lang='lat' dir='ltr'>hominum,</span> <span class='ocrx_word' id='word_1_292' title='bbox 836 2359 989 2391; x_wconf 69' lang='lat' dir='ltr'>maxime</span> <span class='ocrx_word' id='word_1_293' title='bbox 1014 2369 1100 2392; x_wconf 90' lang='lat' dir='ltr'>vero</span> <span class='ocrx_word' id='word_1_294' title='bbox 1126 2368 1342 2412; x_wconf 76' lang='lat' dir='ltr'>puerorum,</span> <span class='ocrx_word' id='word_1_295' title='bbox 1381 2359 1582 2392; x_wconf 78' lang='lat' dir='ltr'>mortalitas</span> <span class='ocrx_word' id='word_1_296' title='bbox 1610 2369 1697 2404; x_wconf 86' lang='lat' dir='ltr'>per-</span> <span class='ocrx_word' id='word_1_297' title='bbox 1752 2378 1755 2379; x_wconf 30' lang='grc' dir='ltr'>ν</span> 
     </span>
     <span class='ocr_line' id='line_1_35' title="bbox 222 2404 1699 2452; baseline 0.001 -14"><span class='ocrx_word' id='word_1_298' title='bbox 222 2409 349 2448; x_wconf 83' lang='lat' dir='ltr'>vagata</span> <span class='ocrx_word' id='word_1_299' title='bbox 378 2409 443 2437; x_wconf 88' lang='lat' dir='ltr'>est.</span> <span class='ocrx_word' id='word_1_300' title='bbox 495 2404 594 2437; x_wconf 86' lang='lat' dir='ltr'>Maio</span> <span class='ocrx_word' id='word_1_301' title='bbox 620 2405 756 2450; x_wconf 85' lang='lat' dir='ltr'>pariter</span> <span class='ocrx_word' id='word_1_302' title='bbox 781 2417 902 2438; x_wconf 86' lang='lat' dir='ltr'>mense</span> <span class='ocrx_word' id='word_1_303' title='bbox 927 2405 1031 2451; x_wconf 88' lang='lat' dir='ltr'>panis</span> <span class='ocrx_word' id='word_1_304' title='bbox 1068 2406 1193 2438; x_wconf 85' lang='lat' dir='ltr'>raritas</span> <span class='ocrx_word' id='word_1_305' title='bbox 1223 2406 1428 2449; x_wconf 74' lang='lat' dir='ltr'>Byzantium</span> <span class='ocrx_word' id='word_1_306' title='bbox 1454 2406 1598 2440; x_wconf 79' lang='lat' dir='ltr'>afflixit:</span> <span class='ocrx_word' id='word_1_307' title='bbox 1628 2419 1699 2452; x_wconf 82' lang='lat' dir='ltr'>po-</span> 
     </span>
     <span class='ocr_line' id='line_1_36' title="bbox 223 2451 1698 2508; baseline 0.001 -23"><span class='ocrx_word' id='word_1_308' title='bbox 223 2451 407 2498; x_wconf 87' lang='lat' dir='ltr'>pnlusqne</span> <span class='ocrx_word' id='word_1_309' title='bbox 429 2451 468 2484; x_wconf 89' lang='lat' dir='ltr'>in</span> <span class='ocrx_word' id='word_1_310' title='bbox 495 2454 677 2495; x_wconf 77' lang='lat' dir='ltr'>angustias</span> <span class='ocrx_word' id='word_1_311' title='bbox 705 2453 902 2493; x_wconf 87' lang='lat' dir='ltr'>coniectus,</span> <span class='ocrx_word' id='word_1_312' title='bbox 928 2452 972 2486; x_wconf 91' lang='lat' dir='ltr'>ad</span> <span class='ocrx_word' id='word_1_313' title='bbox 1000 2453 1254 2508; x_wconf 82' lang='lat' dir='ltr'>imperatorem</span> <span class='ocrx_word' id='word_1_314' title='bbox 1281 2454 1498 2487; x_wconf 79' lang='lat' dir='ltr'>vociferatus</span> <span class='ocrx_word' id='word_1_315' title='bbox 1529 2460 1602 2488; x_wconf 87' lang='lat' dir='ltr'>est.</span> <span class='ocrx_word' id='word_1_316' title='bbox 1631 2454 1698 2487; x_wconf 81' lang='lat' dir='ltr'>do-</span> 
     </span>
     <span class='ocr_line' id='line_1_37' title="bbox 223 2498 1697 2548; baseline 0.001 -15"><span class='ocrx_word' id='word_1_317' title='bbox 223 2500 333 2540; x_wconf 89' lang='lat' dir='ltr'>mine,</span> <span class='ocrx_word' id='word_1_318' title='bbox 361 2498 407 2532; x_wconf 84' lang='lat' dir='ltr'>da</span> <span class='ocrx_word' id='word_1_319' title='bbox 432 2498 512 2532; x_wconf 89' lang='lat' dir='ltr'>urbi</span> <span class='ocrx_word' id='word_1_320' title='bbox 538 2498 811 2533; x_wconf 80' lang='lat' dir='ltr'>abundantiam.</span> <span class='ocrx_word' id='word_1_321' title='bbox 862 2506 936 2533; x_wconf 82' lang='lat' dir='ltr'>tum</span> <span class='ocrx_word' id='word_1_322' title='bbox 967 2501 1004 2533; x_wconf 89' lang='lat' dir='ltr'>in</span> <span class='ocrx_word' id='word_1_323' title='bbox 1034 2501 1117 2545; x_wconf 87' lang='lat' dir='ltr'>ipsis</span> <span class='ocrx_word' id='word_1_324' title='bbox 1141 2502 1318 2535; x_wconf 74' lang='lat' dir='ltr'>natalitiis</span> <span class='ocrx_word' id='word_1_325' title='bbox 1349 2503 1587 2548; x_wconf 84' lang='lat' dir='ltr'>spectaculis,</span> <span class='ocrx_word' id='word_1_326' title='bbox 1612 2503 1697 2535; x_wconf 87' lang='lat' dir='ltr'>Per-</span> 
     </span>
     <span class='ocr_line' id='line_1_38' title="bbox 226 2546 1768 2593; baseline 0.001 -13"><span class='ocrx_word' id='word_1_327' title='bbox 226 2558 344 2583; x_wconf 77' lang='lat' dir='ltr'>sarum</span> <span class='ocrx_word' id='word_1_328' title='bbox 370 2547 496 2591; x_wconf 80' lang='lat' dir='ltr'>legatis</span> <span class='ocrx_word' id='word_1_329' title='bbox 523 2546 561 2580; x_wconf 91' lang='lat' dir='ltr'>in</span> <span class='ocrx_word' id='word_1_330' title='bbox 588 2547 682 2581; x_wconf 86' lang='lat' dir='ltr'>circo</span> <span class='ocrx_word' id='word_1_331' title='bbox 710 2546 995 2588; x_wconf 83' lang='lat' dir='ltr'>considentibus,</span> <span class='ocrx_word' id='word_1_332' title='bbox 1023 2548 1198 2593; x_wconf 77' lang='lat' dir='ltr'>praefecti</span> <span class='ocrx_word' id='word_1_333' title='bbox 1223 2549 1371 2583; x_wconf 87' lang='lat' dir='ltr'>domum</span> <span class='ocrx_word' id='word_1_334' title='bbox 1398 2554 1624 2584; x_wconf 80' lang='lat' dir='ltr'>everterunt:</span> <span class='ocrx_word' id='word_1_335' title='bbox 1653 2561 1694 2582; x_wconf 79' lang='lat' dir='ltr'>ex</span> <span class='ocrx_word' id='word_1_336' title='bbox 1764 2578 1768 2579; x_wconf 16' lang='grc' dir='ltr'><em>γ</em></span> 
     </span>
     <span class='ocr_line' id='line_1_39' title="bbox 226 2594 1755 2651; baseline 0.001 -23"><span class='ocrx_word' id='word_1_337' title='bbox 226 2607 299 2641; x_wconf 87' lang='lat' dir='ltr'>quo</span> <span class='ocrx_word' id='word_1_338' title='bbox 327 2594 536 2640; x_wconf 82' lang='lat' dir='ltr'>indignatus</span> <span class='ocrx_word' id='word_1_339' title='bbox 563 2595 760 2640; x_wconf 83' lang='lat' dir='ltr'>imperator</span> <span class='ocrx_word' id='word_1_340' title='bbox 792 2596 1013 2651; x_wconf 37' lang='lat' dir='ltr'>praefectorum</span> <span class='ocrx_word' id='word_1_341' title='bbox 1041 2596 1248 2630; x_wconf 87' lang='lat' dir='ltr'>Musonium</span> <span class='ocrx_word' id='word_1_342' title='bbox 1285 2603 1419 2632; x_wconf 83' lang='lat' dir='ltr'>tetrum</span> <span class='ocrx_word' id='word_1_343' title='bbox 1443 2597 1534 2631; x_wconf 84' lang='lat' dir='ltr'>adeo</span> <span class='ocrx_word' id='word_1_344' title='bbox 1560 2598 1698 2631; x_wconf 83' lang='lat' dir='ltr'>facinus</span> <span class='ocrx_word' id='word_1_345' title='bbox 1748 2610 1755 2633; x_wconf 70' lang='lat' dir='ltr'>j</span> 
     </span>
     <span class='ocr_line' id='line_1_40' title="bbox 225 2642 1699 2690; baseline 0.002 -15"><span class='ocrx_word' id='word_1_346' title='bbox 225 2653 408 2687; x_wconf 83' lang='lat' dir='ltr'>aggressos</span> <span class='ocrx_word' id='word_1_347' title='bbox 435 2642 612 2684; x_wconf 79' lang='lat' dir='ltr'>detinere,</span> <span class='ocrx_word' id='word_1_348' title='bbox 639 2648 676 2676; x_wconf 82' lang='lat' dir='ltr'>et</span> <span class='ocrx_word' id='word_1_349' title='bbox 699 2643 738 2676; x_wconf 90' lang='lat' dir='ltr'>in</span> <span class='ocrx_word' id='word_1_350' title='bbox 764 2653 824 2676; x_wconf 88' lang='lat' dir='ltr'>eos</span> <span class='ocrx_word' id='word_1_351' title='bbox 849 2644 1007 2677; x_wconf 85' lang='lat' dir='ltr'>severius</span> <span class='ocrx_word' id='word_1_352' title='bbox 1032 2643 1318 2679; x_wconf 81' lang='lat' dir='ltr'>animadvertere</span> <span class='ocrx_word' id='word_1_353' title='bbox 1349 2645 1466 2679; x_wconf 86' lang='lat' dir='ltr'>iussit.</span> <span class='ocrx_word' id='word_1_354' title='bbox 1503 2646 1699 2690; x_wconf 83' lang='lat' dir='ltr'>imperator</span> 
     </span>
     <span class='ocr_line' id='line_1_41' title="bbox 226 2690 1700 2738; baseline 0.001 -15"><span class='ocrx_word' id='word_1_355' title='bbox 226 2690 407 2736; x_wconf 87' lang='lat' dir='ltr'>siquidem</span> <span class='ocrx_word' id='word_1_356' title='bbox 431 2690 593 2724; x_wconf 87' lang='lat' dir='ltr'>indoluit</span> <span class='ocrx_word' id='word_1_357' title='bbox 617 2690 745 2736; x_wconf 89' lang='lat' dir='ltr'>populi</span> <span class='ocrx_word' id='word_1_358' title='bbox 771 2690 945 2725; x_wconf 84' lang='lat' dir='ltr'>sactiones</span> <span class='ocrx_word' id='word_1_359' title='bbox 971 2703 1089 2726; x_wconf 90' lang='lat' dir='ltr'>coram</span> <span class='ocrx_word' id='word_1_360' title='bbox 1115 2693 1297 2727; x_wconf 87' lang='lat' dir='ltr'>Persarum</span> <span class='ocrx_word' id='word_1_361' title='bbox 1324 2694 1442 2738; x_wconf 82' lang='lat' dir='ltr'>legato</span> <span class='ocrx_word' id='word_1_362' title='bbox 1469 2693 1507 2726; x_wconf 88' lang='lat' dir='ltr'>in</span> <span class='ocrx_word' id='word_1_363' title='bbox 1533 2704 1614 2726; x_wconf 87' lang='lat' dir='ltr'>eum</span> <span class='ocrx_word' id='word_1_364' title='bbox 1631 2693 1700 2725; x_wconf 90' lang='lat' dir='ltr'>im-</span> 
     </span>
     <span class='ocr_line' id='line_1_42' title="bbox 225 2737 1699 2785; baseline 0.001 -15"><span class='ocrx_word' id='word_1_365' title='bbox 225 2737 406 2783; x_wconf 83' lang='lat' dir='ltr'>pudenter</span> <span class='ocrx_word' id='word_1_366' title='bbox 440 2738 680 2772; x_wconf 70' lang='lat' dir='ltr'>vociferatus:</span> <span class='ocrx_word' id='word_1_367' title='bbox 716 2738 793 2772; x_wconf 87' lang='lat' dir='ltr'>vini</span> <span class='ocrx_word' id='word_1_368' title='bbox 830 2740 977 2781; x_wconf 88' lang='lat' dir='ltr'>etenim,</span> <span class='ocrx_word' id='word_1_369' title='bbox 1008 2739 1205 2785; x_wconf 67' lang='lat' dir='ltr'>larhlique,</span> <span class='ocrx_word' id='word_1_370' title='bbox 1245 2746 1282 2775; x_wconf 82' lang='lat' dir='ltr'>et</span> <span class='ocrx_word' id='word_1_371' title='bbox 1315 2740 1514 2774; x_wconf 88' lang='lat' dir='ltr'>cuiuslibet</span> <span class='ocrx_word' id='word_1_372' title='bbox 1538 2740 1699 2774; x_wconf 86' lang='lat' dir='ltr'>ciborum</span> 
     </span>
     <span class='ocr_line' id='line_1_43' title="bbox 227 2785 1697 2834; baseline 0 -15"><span class='ocrx_word' id='word_1_373' title='bbox 227 2786 361 2831; x_wconf 84' lang='lat' dir='ltr'>speciei</span> <span class='ocrx_word' id='word_1_374' title='bbox 381 2785 526 2821; x_wconf 82' lang='lat' dir='ltr'>ubertas</span> <span class='ocrx_word' id='word_1_375' title='bbox 543 2791 620 2822; x_wconf 84' lang='lat' dir='ltr'>erat</span> <span class='ocrx_word' id='word_1_376' title='bbox 638 2797 743 2833; x_wconf 83' lang='lat' dir='ltr'>quam</span> <span class='ocrx_word' id='word_1_377' title='bbox 769 2787 942 2822; x_wconf 76' lang='lat' dir='ltr'>maxima:</span> <span class='ocrx_word' id='word_1_378' title='bbox 970 2793 1112 2830; x_wconf 63' lang='lat' dir='ltr'>tantum</span> <span class='ocrx_word' id='word_1_379' title='bbox 1136 2788 1308 2823; x_wconf 84' lang='lat' dir='ltr'>frumenti</span> <span class='ocrx_word' id='word_1_380' title='bbox 1333 2795 1370 2823; x_wconf 87' lang='lat' dir='ltr'>et</span> <span class='ocrx_word' id='word_1_381' title='bbox 1389 2788 1515 2823; x_wconf 88' lang='lat' dir='ltr'>hordei</span> <span class='ocrx_word' id='word_1_382' title='bbox 1534 2788 1697 2834; x_wconf 84' lang='lat' dir='ltr'>penuria.</span> 
     </span>
    </p>
   </div>
  </div>
 </body>
</html>
