1820 3120
279 153 391 229 750
841 173 1194 218 TIOEOPHANIS

268 278 429 331 χεσθαι
456 272 598 330 αὐτόν,
619 278 821 334 φανερῶς
845 276 1172 334 κατεπολεμήθη
1190 274 1276 320 ὑπὸ
1308 279 1384 321 τοῦ
1404 279 1529 336 ἁγίου
1559 281 1632 325 καί
1655 285 1769 327 θαυ-

271 345 524 400 ματουργοῦ
552 343 787 391 Νικολάου.
855 345 996 389 ἐλθών
1032 344 1117 402 γὰρ
1145 346 1208 396 εἰς
1239 345 1292 389 τά
1329 349 1468 405 Μῦρα
1497 349 1574 392 καὶ
1597 349 1676 407 τὴν
1707 349 1770 394 ἴε-

272 410 355 467 ράν
383 407 520 455 αὖτοῦ
561 417 798 470 συντρίψαι
839 416 1064 471 πειραθείς
1090 414 1298 472 λάρνακα,
1336 411 1469 473 ἄλλην
1492 413 1581 462 ἀντ’
1609 420 1771 477 ἐκείνης

270 483 448 537 πλησίον
479 482 614 537 αὐτῆς
639 483 918 525 κατέκλασεν·
956 484 1110 526 αὐτίκα
1142 498 1190 526 τε
1219 482 1354 541 πολλή
1383 485 1555 540 ἀνέμων
1583 487 1659 530 κατ’
1686 490 1771 530 θα-

270 552 450 593 λαττίων
477 550 702 607 κυμάτων,
729 553 917 605 βροντῶν
955 566 1001 594 τε
1036 549 1113 594 καὶ
1151 552 1387 608 α’στραπῶν
1428 552 1656 608 ἀνωμαλία
1697 554 1808 602 τὸν5

271 617 423 661 στόλον
449 619 695 675 κατέλαβεν,
727 617 786 668 ὥς
814 616 939 662 ἱκανοὶ
971 620 1253 677 συντριβῆναι
1281 620 1442 679 σκάφη,
1473 622 1606 666 αὐτόν
1622 638 1668 666 τε
1698 623 1772 667 τὸν

272 685 491 742 θεομάχον
506 688 710 741 Χουμεῒδ
725 688 956 743 ἐπιγνῶναι
974 684 1055 745 τήν
1085 689 1163 731 τοῦ
1195 687 1319 744 ἁγίου
1345 686 1544 748 δύναμιν,
1569 691 1645 734 καί
1667 695 1772 748 παρ’

227 753 428 798 Βέλπίὸα
456 753 528 799 τὸν
556 755 753 798 κίνδυνον
780 757 999 813 ἐκφυγεῖν.
1059 757 1115 815 τῇ
1144 758 1192 800 δὲ
1222 755 1254 799 κ’
1286 758 1364 800 τοῦ
1390 758 1660 815 Δεκεμβρίου
1688 777 1770 816 μη.

270 823 344 876 νὸς
367 821 618 881 Νικηφόρος
645 822 755 879 μετά
786 821 947 881 πολλὴν
982 822 1158 881 ἐκλογὴν
1184 826 1415 883 παρθένων
1445 827 1492 869 ἐκ
1525 827 1666 885 πάσης
1694 829 1772 885 τῆς

270 889 347 935 ὑπ’
378 887 511 935 αὐτοῦ
541 893 740 945 ἐξουσίας
767 893 828 942 εἰς
856 892 904 936 τὸ
935 894 1084 946 ζεῦξαι
1108 894 1381 951 Σταυράκιον
1410 893 1484 938 τὸν
1512 893 1608 938 υἱὸν
1637 896 1773 939 adro&
1789 914 1820 940 n

271 959 568 1017 ποιησάμενος,
601 959 816 1018 &sequana
847 958 926 1018 τήν
952 960 1194 1018 Ἀθηναίαν
1209 965 1425 1020 προσγενῆ
1452 965 1526 1019 τῆς
1552 967 1772 1021 μακαρίας

272 1027 457 1086 Εἰρήνης
484 1029 864 1087 μεμνηστευμένην
892 1029 1033 1086 α’νὸρί,
1062 1031 1137 1074 καὶ
1164 1029 1369 1083 πολλάκις
1402 1032 1518 1091 αὐτῷ
1545 1048 1774 1089 συγκοιτα-

272 1101 479 1152 σθεῖσαν,
519 1099 715 1154 χωρίσας
758 1097 894 1155 αὐτὴν
934 1098 1010 1141 ἀπ’
1049 1099 1209 1156 αὐτοῦ’,
1241 1102 1299 1159 τῷ
1336 1101 1477 1159 α’θλίῳ
1519 1103 1772 1160 Σταυρακίῳ

269 1167 533 1223 συνέζευξεν,
563 1165 622 1216 αἷς
650 1166 711 1218 εἷς
738 1164 882 1210 πάντα
913 1166 989 1210 καί
1005 1169 1067 1218 εἰς
1096 1170 1222 1211 τοῦτο
1239 1166 1550 1226 παρανομήσας
1568 1168 1772 1226 ἀναιδῶς,

131 1241 255 1278 v.325
270 1231 403 1285 ἄλλας
432 1234 511 1277 δύο
538 1234 693 1293 ταύτης
724 1233 989 1293 ὦραιοτὲρας
1018 1234 1321 1292 ἐκλεξάμενος·
1355 1235 1437 1282 σύν
1456 1233 1567 1296 αὐτῇ
1596 1253 1770 1296 προφα-
1790 1242 1820 1283 1!

269 1306 355 1354 ναῖς
381 1301 518 1354 αὐτάς
550 1301 754 1361 ἔφθειρεν
782 1308 877 1347 κατ’
900 1302 1040 1355 αὐτὰς
1071 1305 1147 1356 τας
1175 1304 1344 1362 ἡμέρας
1373 1307 1453 1349 τοῦ
1480 1304 1622 1363 γάμου
1650 1304 1768 1362 παρά

136 1379 258 1424 Ρ.4ο9
271 1371 442 1415 πάντων
468 1370 491 1414 ὅ
518 1370 677 1428 μιαρὸς
704 1370 964 1428 γελώμενος.
1035 1375 1096 1433 τῷ
1137 1375 1184 1417 δὲ
1216 1376 1502 1435 Φεβρουαρίῳ
1534 1375 1643 1432 μηνὶ
1668 1372 1772 1419 στά-

270 1456 340 1483 σιν
371 1438 648 1496 έννοήσαντες
679 1445 772 1483 κατ’
818 1439 957 1483 αὐτοῦ
1000 1443 1149 1484 πολλοὶ
1189 1443 1274 1486 τῶν
1313 1444 1359 1486 έν
1387 1445 1521 1499 τέλει,
1552 1443 1772 1501 Ἀρσαβὴρ

267 1506 341 1551 τὸν
371 1506 636 1565 κοιαίστωρα
675 1511 751 1552 καί
793 1509 1019 1564 πατρίκιον
1050 1504 1190 1566 ἄνδρα
1230 1511 1388 1568 εὐσεβῆ
1416 1514 1492 1554 καί
1517 1511 1772 1567 λογιώτατον

268 1577 544 1635 ἐψηφίζοντο.
601 1575 731 1633 γνοὺς
763 1578 810 1620 δὲ
838 1578 967 1621 τοῦτο
1000 1577 1021 1620 ὅ
1066 1576 1367 1636 πολυμήχανος
1398 1579 1664 1639 Νικηφόρος,
1693 1580 1771 1624 αὖ·
1784 1597 1820 1622 2(

366 1704 401 1749 4.
430 1703 595 1747 πλησίον
625 1701 754 1748 αὐτῆς]
781 1705 1065 1751 παρακειμένην
1088 1704 1130 1737 Λ.
1229 1706 1265 1740 6.
1292 1699 1359 1741 τὸν
1386 1703 1471 1738 add.
1499 1716 1555 1740 ex.
1584 1705 1625 1739 A.
1732 1707 1766 1741 8.

364 1748 434 1788 τὸν
456 1751 638 1788 κίνδυνον
662 1754 703 1794 A,
733 1746 800 1798 τὴν
826 1751 998 1800 δύναμιν
1023 1752 1120 1797 vulg.
1261 1764 1295 1798 9.
1323 1755 1364 1790 ἐκ
1387 1752 1513 1797 πάσης
1538 1754 1623 1788 add.
1652 1766 1696 1789 ex
1725 1756 1766 1789 Λ,

371 1801 423 1845 14.
450 1802 493 1837 ἐν
515 1800 634 1848 τούτῳ
663 1801 705 1834 Α.
832 1813 885 1848 ¹9·
911 1800 1168 1849 λογικώτατον
1195 1803 1236 1836 Α.
1361 1813 1419 1837 20.
1448 1801 1490 1839 δὲ
1513 1803 1623 1840 τοῦτο
1648 1804 1700 1848 A,
1728 1804 1768 1840 δὲ

364 1851 431 1885 καὶ
457 1849 569 1885 τοῦτο
596 1849 695 1896 vulg.

268 1969 367 2015 piam
396 1978 440 2001 ex
465 1979 508 2001 ea
534 1966 671 2012 abegit,
694 1978 776 2002 arce
802 1968 879 2002 sola
904 1967 1083 2002 vastitatis
1116 1967 1269 2001 immuni
1303 1972 1454 2002 servata.
1506 1972 1544 2001 at
1569 1973 1668 2003 certe
1709 1980 1769 2002 re·-

269 2018 444 2050 deuntem
482 2022 629 2050 sanctus
672 2021 709 2051 et
742 2015 993 2050 mirandorum
1029 2017 1155 2064 opifex
1180 2015 1354 2050 Nicolaus
1394 2016 1588 2051 manifesta
1627 2018 1769 2052 ultione

268 2065 477 2109 exagitavit.
544 2065 648 2110 Myra
678 2065 815 2099 etenim
842 2070 1034 2111 occupata,
1073 2076 1154 2099 cum
1177 2075 1312 2098 sacram
1343 2064 1422 2098 eius
1451 2076 1579 2099 urnam
1603 2066 1768 2100 confrin-

269 2124 353 2159 gere
380 2117 552 2155 tentaret,
578 2119 616 2147 et
639 2114 678 2148 in
704 2114 863 2148 vicinam
889 2125 933 2147 ex
960 2125 1083 2147 errore
1106 2114 1179 2147 vim
1205 2119 1243 2147 et
1269 2114 1361 2147 ictus
1387 2113 1554 2156 inferret,
1580 2115 1768 2160 extemplo

269 2162 438 2196 immanis
470 2168 662 2195 ventorum
701 2163 890 2208 procella,
925 2163 1146 2196 marinorum
1175 2162 1350 2196 fluctuum
1383 2162 1536 2208 impetui
1564 2163 1768 2197 tonitruum

268 2211 529 2257 fulgurumque
556 2210 762 2256 promiscua
786 2216 988 2257 tempestas
1014 2211 1107 2245 adeo
1139 2211 1288 2244 classem
1315 2211 1475 2252 iactavit,
1501 2216 1542 2244 ut
1570 2212 1769 2257 pleraeque

267 2270 378 2294 naves
400 2264 667 2306 conquassatae
698 2259 1030 2305 submergerentur,
1058 2261 1212 2305 ipseque
1238 2259 1298 2292 dei
1323 2258 1438 2292 hostis
1468 2258 1626 2293 Chumid
1652 2261 1768 2294 sancti

267 2309 439 2344 virtutem
466 2312 659 2354 expertuS,
685 2307 747 2341 vix
769 2319 811 2341 ac
838 2313 986 2354 praeter
1011 2319 1113 2355 spem
1145 2319 1223 2341 eam
1249 2307 1414 2353 potuerit
1437 2309 1610 2352 effugere.
1660 2320 1770 2342 men-

268 2357 317 2392 sis
342 2362 466 2390 autem
492 2355 705 2391 Decembris
744 2354 804 2389 die
829 2356 1002 2390 vicesimo
1038 2355 1268 2402 Nicephorus
1295 2356 1484 2389 stauracio
1510 2356 1589 2391 filio
1617 2368 1767 2391 uxorem

267 2406 529 2452 copulaturus,
570 2405 751 2450 virginum
790 2406 974 2438 Romanae
1005 2404 1156 2438 ditionis
1180 2409 1349 2438 accurata
1373 2403 1634 2450 disquisitione
1658 2417 1767 2452 prae—

268 2455 396 2496 missa,
424 2452 742 2500 Theoplianonem
767 2451 1027 2486 Atheniensem
1052 2453 1183 2486 beatae
1223 2453 1346 2486 Irenes
1377 2453 1533 2495 affinem,
1559 2453 1657 2496 viro,
1684 2466 1767 2488 cum

270 2514 344 2549 quo
371 2502 603 2550 frequentius
629 2501 867 2542 decubuerat,
897 2500 1153 2547 desponsatam
1179 2506 1217 2534 et
1242 2501 1288 2533 ab
1317 2513 1360 2534 eo
1387 2501 1603 2543 seiunctam,
1626 2503 1767 2537 infelici

270 2552 461 2586 Stauracio
502 2551 657 2592 locavit,
694 2555 737 2584 ut
759 2549 824 2597 qui
857 2549 956 2594 leges
987 2561 1114 2583 omnes
1138 2549 1277 2583 violare
1316 2550 1448 2584 solitus
1475 2557 1564 2592 erat,
1591 2551 1700 2585 etiam
1728 2553 1768 2586 in

270 2598 343 2633 hoc
367 2600 681 2645 transgrederetur
708 2597 955 2645 impudenter.
1008 2597 1096 2631 duas
1121 2603 1240 2631 aulem
1270 2597 1361 2632 alias
1387 2598 1529 2645 puellas
1557 2600 1663 2634 istam
1690 2601 1769 2634 for-

271 2660 331 2682 ma
361 2649 470 2694 longe
500 2653 728 2695 superantes,
755 2658 844 2694 quas
869 2658 942 2680 una
967 2657 1047 2679 cum
1073 2657 1116 2679 ea
1150 2645 1350 2691 delegerat,
1377 2648 1416 2681 in
1442 2648 1532 2693 ipsis
1557 2649 1768 2694 nuptiarum

272 2697 499 2731 solemnibus
523 2697 655 2731 diebus
679 2696 800 2743 palam
825 2706 900 2729 non
918 2695 996 2728 sine
1023 2693 1212 2728 hominum
1243 2695 1316 2729 risu
1342 2695 1409 2735 vir,
1425 2696 1650 2729 execrandus
1677 2709 1767 2732 con-

270 2747 463 2791 stupravit.
514 2751 698 2780 caeterum
727 2755 851 2778 mense
882 2743 1079 2777 Februario
1116 2755 1283 2789 proceres
1320 2743 1418 2777 haud
1441 2745 1550 2790 pauci
1578 2747 1768 2791 conspira-

270 2794 408 2828 tionem
438 2796 475 2828 in
511 2805 594 2828 eum
622 2793 823 2827 machinati
853 2790 1067 2826 Arsaberem
1095 2798 1326 2837 quaestorem
1355 2798 1392 2827 et
1419 2794 1625 2839 patricium,
1651 2795 1766 2828 virum

273 2842 483 2888 religiosum
511 2849 549 2877 et
581 2841 776 2884 eruditum,
799 2841 1083 2887 designaverunt
1113 2841 1381 2887 imperatorem.
1435 2841 1498 2875 ubi
1523 2841 1766 2889 Nicephorius,
