1786 3204
262 147 339 204 86
693 219 695 223 y
823 154 1170 200 THEOPHANJS

259 269 306 310 δὲ
336 266 393 326 ιῶ
428 263 639 321 ὄμόφρονι
683 261 761 312 τὰς
789 261 1010 315 ἐκκλησίας
1049 255 1292 310 παρέδωκεν
1322 243 1735 292 Κωνσταντινουπό-

256 339 376 386 λεως.
410 333 449 376 οἱ
480 333 527 374 δὲ
556 330 779 386 ὄρθόδοξοι
809 343 905 370 ουτε
933 326 1129 377 ποιμένα,
1163 317 1259 363 ου’τε
1288 318 1515 373 ἐκκλησίαν
1543 310 1675 370 εἶχον.

50 419 140 454 A..M
153 416 245 451 5858
373 400 519 459 Τοότω
545 401 601 457 τῶ
630 396 715 440 ε’τει
747 398 954 450 Λιβέριος
982 392 1206 438 ἐπίσκοπος
1231 386 1412 442 Ῥώμης,
1444 401 1514 427 και
1544 381 1734 427 Ἀθανά-

147 483 185 516 Ρ.
200 481 346 527 47σιος
373 465 691 523 Ἀλεξανδρειας
732 463 807 506 καί
833 464 1045 510 Πίὶελὲτιος
1085 456 1372 510 Ἀντιοχείας,
1424 453 1500 496 καί
1528 450 1551 496 ὅ
1580 453 1735 506 ...apem-

257 538 399 581 σατῶν
428 536 647 588 Ευσὲβιος,
678 532 984 586 ανακληθέντες
1021 529 1068 570 ἐκ
1096 526 1172 580 τῆς
1204 523 1373 579 ἐξοριάς
1402 519 1484 564 ὖπὸ
1515 520 1771 576 Ἰοβιανοῦ“
1749 536 1772 561 ε)

256 608 301 649 ἐν
334 606 393 663 τῶ
423 602 540 661 ὄοθῶ
569 603 676 660 λόγω
716 602 962 654 διέπρεπον,
991 594 1067 637 καί
1094 592 1117 636 δ
1141 588 1458 648 Ἱεροσολύμων
1489 587 1735 646 Κυριλὶος,

256 690 326 715 και
354 674 486 728 ἕτεροι
516 668 733 713 ἐπίσκοποι
761 669 831 722 τῆς
857 660 1107 720 ὀρθοδοξιάς
1129 659 1360 718 πρόμαχοι.
1418 659 1653 715 Ἀρειανῶν
1688 658 1735 699 δὲ

255 741 482 795 προΐστατο
520 740 566 781 ἐν
608 732 902 791 Ἀλεξανδρειᾲ
940 729 1153 783 Λούκιος,
1196 728 1272 771 καί
1309 728 1355 770 ἐν
1381 727 1620 785 Ἀντιοχεία
1648 724 1735 768 Εὕ-

257 809 397 860 ζώϊος,
433 809 658 854 Παυὶἴνος
686 805 734 846 δὲ
761 803 839 844 τοῦ
868 798 961 849 ἑνὸς
994 800 1152 854 μέρους
1182 797 1266 840 τῶν
1293 792 1536 854 ὅρθοδόξων
1565 795 1626 845 εἰς
1657 790 1734 836 δύο

256 875 535 934 διηοημένων,
565 873 639 914 καί
667 871 743 914 τοῦ
772 864 903 912 ἄλλου
932 869 1155 916 Μελέτιος.

48 951 246 994 Α.Μ.5859
364 940 679 997 Ἱεροσολύμων
707 936 940 980 ἐπισκόπου
969 936 1192 989 Κυρίλλου
1216 931 1304 984 ἔτος
1332 931 1388 976 α’.

220 1002 246 1036 Β
361 1005 631 1064 Ἀντιοχείας
664 1004 893 1049 ἐπισκόπου
924 1003 1134 1054 Εὕδοξιόυ
1163 1000 1259 1052 ἔτος
1288 999 1341 1044 α’.

376 1076 519 1134 Tov'rm
552 1076 613 1135 τῷ
640 1072 723 1117 ἔτει
754 1071 1001 1129 Προκόπιος
1029 1068 1210 1129 οἷντῇρεν
1253 1072 1298 1113 ἐν
1328 1065 1739 1113 Κωνσταντινουπό-

259 1154 321 1194 aa
348 1146 500 1205 μηνὶ..
467 1141 753 1200 Σεπτεμβοιῖο,
789 1158 858 1184 και
879 1138 1064 1192 ἐξελθών
1096 1140 1169 1182 ἐπι
1188 1138 1424 1190 Νακολιᾞαν
1453 1153 1526 1180 και
1556 1137 1738 1194 πλείστη)

258 1218 426 1274 στρατῶ
470 1210 767 1272 φραξάμενος,
806 1206 942 1266 φόβον
975 1207 1145 1262 ἐποιησε
1189 1209 1248 1248 τῶ
1293 1205 1537 1258 Ουάλεντι,
1567 1221 1636 1246 και
1669 1202 1741 1246 τὸν
1783 1219 1786 1244 e

258 1283 365 1329 κατὰ
392 1286 475 1326 τῶν
514 1279 744 1336 εκκλησιῶν
787 1275 971 1331 πόλεμον
1016 1271 1145 1331 ἀνῆκε
1184 1272 1292 1330 πρὸς
1321 1272 1484 1330 βραχύ,
1513 1275 1593 1323 ἕως
1619 1275 1742 1327 Προ-

260 1351 408 1396 κόπιον
437 1350 685 1404 προέδωκαν
729 1343 767 1389 οἱ
798 1344 902 1390 ἴδιοι
940 1344 1170 1400 στρατηγοί
1196 1344 1407 1398 Ἀγγέλων
1436 1343 1510 1385 καί
1533 1337 1742 1396 Γόμαρις,

262 1418 311 1463 όν
342 1435 435 1463 τινα
463 1417 713 1474 Προκόπιον
753 1430 815 1465 εις
858 1411 935 1455 δύο
975 1413 1132 1468 δένδρα
1170 1412 1386 1467 ἐγγίζοντα
1427 1407 1538 1466 πρὸς
1579 1403 1744 1463 αλληλα

262 1483 497 1543 ἐξαρτήσας
527 1486 611 1526 τῶν
633 1484 792 1525 σκελῶν
822 1482 1039 1539 ἀφεθῆναι
1069 1481 1271 1522 κλιθέντα
1287 1480 1531 1521 ἐκέλευσεν·
1588 1473 1619 1519 ἅ
1647 1492 1744 1519 τινα

261 1555 413 1610 βιαίως
457 1552 736 1608 ὀρθωθέντα,
781 1550 1018 1592 διέσπασαν
1045 1547 1120 1590 τόν
1148 1547 1370 1604 τύραννον.
1429 1542 1531 1595 τούς
1563 1545 1611 1587 δὲ
1638 1557 1779 1598 noo-2

263 1619 502 1670 δεδωκότας
530 1618 662 1662 αὐτὸν
690 1614 950 1675 στρατηγούς
971 1617 1211 1672 Ἀγγέλωνα
1239 1617 1312 1658 καί
1333 1613 1531 1670 Γόμαοιν
1558 1614 1745 1669 πρισθῆ-

360 1742 394 1764 2.
421 1733 460 1767 οἱ
482 1729 533 1777 δὲ]
560 1730 624 1764 καὶ
650 1730 687 1764 οἱ
711 1728 752 1762 A.
888 1727 920 1761 5.
947 1726 1073 1773 Εὐσέβ
1052 1725 1149 1775 βιος]
1177 1723 1348 1767 Εὖζώϊος
1376 1724 1423 1757 f
1412 1736 1452 1758 m
1478 1734 1588 1768 marg.
1713 1734 1744 1766 7.

356 1778 566 1825 Λρειανων
590 1797 635 1803 -—-
663 1775 829 1814 Λούκιος
856 1787 923 1809 om.
949 1776 975 1809 f.
1153 1775 1204 1818 ¹4·
1231 1775 1429 1809 Νακολιαν
1453 1774 1506 1816 Α,
1530 1769 1748 1808 Νακόλειαν

362 1827 457 1872 vulg
586 1837 637 1869 17.
663 1824 852 1871 Ἀγγέλων
877 1825 927 1866 A,
948 1822 1120 1871 Ἀγάλων
1144 1823 1180 1865 f,
1201 1822 1369 1869 ’Λγέλων
1395 1821 1494 1866 vulg.
1617 1818 1746 1866 Γόμα-

360 1888 419 1921 ρις
426 1852 474 1908 t'A
498 1886 529 1917 e,
550 1874 682 1920 Μάρις
709 1873 744 1914 f,
768 1872 891 1919 Γόβαρ
896 1884 929 1909 ις
950 1872 1048 1916 vulg.
1190 1882 1244 1914 ¹9·
1273 1869 1541 1919 ἀφαιρεθῆναι
1567 1867 1705 1912 κληθῆι
1709 1880 1749 1901 αι

362 1925 392 1956 Α
423 1922 449 1956 f.
561 1933 617 1954 20.
647 1921 868 1967 ὀρθωθέντα
872 1884 924 1954 ρΑ
949 1920 985 1962 f,
1015 1918 1270 1968 ὀρθωθέντων
1295 1919 1394 1964 vulg.
1494 1928 1551 1951 αι.
1580 1915 1749 1965 πρισθῆ-

361 1983 428 2007 ναι
451 1971 492 2012 A,
520 1970 742 2017 πρησθῆναι
763 1968 861 2014 vulg.

270 2067 451 2102 commisit
485 2068 675 2102 ecclesias:
702 2069 753 2101 ita
779 2073 821 2102 ut
847 2066 1015 2102 catholici
1053 2079 1175 2114 neque
1198 2072 1382 2114 pastorem
1410 2077 1532 2113 neque
1561 2065 1751 2099 ecclesiam

270 2123 358 2151 tunc
376 2116 582 2150 habuerint.

84 2171 125 2206 Α,
142 2172 260 2207 (2358
367 2165 446 2198 Iloc
469 2176 564 2198 anno
602 2163 766 2197 Liberius
803 2159 982 2197 Romanus
1008 2163 1223 2209 episcopus,
1249 2161 1493 2196 Alexandriae
1519 2161 1752 2203 Athanasius,

273 2211 487 2247 Antiochiae
503 2211 673 2245 Meletius
701 2217 738 2245 et
750 2211 1053 2245 samosatensium
1068 2212 1257 2251 Eusebius,
1283 2217 1403 2244 rectae
1428 2210 1513 2244 fidei
1541 2209 1753 2244 defensores

275 2260 386 2294 exilio
413 2272 433 2293 a
456 2260 620 2305 principe
645 2260 795 2293 Ioviano
823 2260 993 2301 revocati,
1023 2266 1060 2294 et
1080 2259 1415 2302 Hierosolymorum
1436 2258 1606 2303 Cyrillus.
1633 2264 1670 2292 et
1689 2258 1753 2291 alii

275 2320 384 2356 quam
398 2308 546 2353 plurimi
563 2318 646 2341 vera
663 2307 747 2341 fidei
764 2307 956 2353 disciplina
971 2308 1188 2343 claruerunt.
1205 2307 1346 2342 Arianis
1358 2318 1446 2342 vero
1465 2307 1756 2352 praeerantAle-

273 2356 449 2392 xandriae
467 2356 610 2397 Lucius,
630 2361 666 2389 et
685 2355 896 2389 Antiochiae
914 2356 1090 2390 Euzoius:
1120 2356 1409 2391 orthodoxorum
1438 2361 1557 2388 autem
1585 2354 1755 2388 bifariam

275 2404 474 2439 divisorum
499 2404 611 2449 partis
637 2405 743 2437 unius
770 2404 948 2446 Paulinus,
974 2404 1123 2439 alterius
1150 2404 1322 2439 Meletius
1349 2403 1555 2450 praesulem
1585 2402 1729 2449 agebat.

84 2458 263 2502 A.C,359
371 2452 706 2495 Hierosolymorum
737 2452 898 2507 episcopi
923 2453 1050 2497 Cyrilli
1076 2465 1192 2487 annus
1220 2453 1370 2499 primus.

368 2499 584 2534 Antiochiae
610 2500 770 2546 episcopi
796 2500 951 2533 Eudoxii
978 2513 1095 2535 annus
1122 2502 1272 2548 primus.

368 2548 448 2582 Hoc
475 2559 571 2582 anno
599 2548 795 2593 Procopius
821 2548 927 2603 Cpoli
961 2560 1084 2583 mense
1110 2548 1318 2595 Septembri
1343 2545 1560 2582 rebellavit.
1585 2546 1758 2581 Nacolia-

274 2607 347 2642 que
386 2602 582 2641 occupata,
609 2601 646 2629 et
681 2596 827 2641 copioso
854 2596 1008 2642 stipatus
1035 2598 1216 2640 exercitu,
1248 2597 1401 2632 Valenti
1426 2600 1563 2630 metum
1588 2594 1754 2628 incussit.

274 2655 388 2690 quare
416 2644 557 2678 bellum
581 2643 748 2677 adversus
774 2643 944 2678 ecclesias
971 2646 1166 2679 excitatum
1203 2645 1251 2679 ad
1276 2644 1461 2679 modicum
1486 2642 1652 2678 sedatum
1678 2648 1757 2682 est,

273 2692 390 2726 donec
410 2692 548 2739 proprii
572 2691 682 2726 duces
703 2691 867 2737 Angelon
893 2697 931 2726 et
955 2694 1118 2728 Gomaris
1143 2693 1377 2740 prodiderint.
1403 2691 1632 2738 Procopium.
1662 2690 1760 2724 hunc

273 2740 436 2774 adduas
476 2739 620 2774 arbores
658 2739 705 2773 ad
727 2740 882 2774 invicem
921 2741 1095 2776 adductas
1135 2749 1173 2776 et
1215 2741 1365 2775 inflexas
1402 2739 1559 2786 pedibus
1596 2737 1757 2785 appendi

276 2787 620 2830 damnavitvalens,
651 2794 686 2823 et
705 2788 851 2823 arbores
879 2790 1033 2824 remitti:
1062 2802 1154 2838 quae
1181 2802 1261 2824 cum
1282 2790 1422 2836 impetu
1451 2799 1589 2823 rursum
1617 2792 1757 2822 erectae

1755 876 1786 902 1(
