1768 3106
254 146 369 205 588
811 170 1158 214 THEOPHAle

249 284 328 317 σας
364 268 489 312 αὐτὸν
521 269 742 327 ἀνήνεγκεν
781 274 841 323 εἷς
876 272 923 315 τὸ
957 271 1232 329 ὄρνατούριον
1260 273 1345 314 ταῖν
1373 274 1619 329 Πρασίνων,
1650 274 1723 315 ua‘-

243 340 319 381 ,κεῖ
345 335 475 378 αὐτὸν
505 338 752 396 ἐτύφλωσεν
797 338 980 395 μηδενὸς
1009 338 1290 395 διεγνωκότος.
1347 341 1397 398 τῇ
1429 341 1475 383 δὲ
1504 341 1721 395 ἐπαύριον,

245 395 376 456 ἤγουν
405 407 458 461 τῇ
496 409 764 464 πεντηκοστῇ,
792 409 1081 461 σωρευθέντος
1109 409 1189 449 τοῦ
1215 409 1321 449 λαοῦ
1349 408 1409 458 εἷς
1436 406 1510 462 τήν
1538 406 1724 462 μεγάλην

246 469 496 525 ἐκκλησίαν,
537 473 728 529 ε’στέφθη
766 469 987 528 Ἀρτέμιος
1027 473 1049 516 ὅ
1079 478 1465 532 πρωτοασηκρῆτις,
1491 490 1723 528 μετονομα-

244 536 366 595 σθείς
396 537 681 589 Ἀναστάσιος.
748 542 806 599 τῷ
835 543 882 584 δὲ
912 540 1113 600 σαββάτῳ
1151 540 1384 599 ἐτυφλώθη
1413 544 1454 585 Γ
1452 541 1626 596 εώργιος
1652 543 1763 586 καί5

249 602 474 660 Θεόδωρος
509 606 532 647 ὁ
567 606 792 665 ΙΙῙυάκιος,
863 612 937 651 καί
963 612 1022 667 τῷ
1051 610 1236 668 δευτέρῳ
1267 610 1468 669 σαββάτῳ
1496 606 1725 665 ἐτυφλώθη

210 672 461 724 ΟΓέίύῼΥίθς
490 672 511 714 ὅ
542 676 802 732 Βούραφος,
859 679 934 719 καί
961 676 1257 732 ἑξωρίσθησαν
1293 678 1338 719 ἐν
1368 678 1669 734 Θεσσαλονίκῃ.

35 750 237 786 A.M.6206
352 736 578 792 Ῥωμαίων
605 745 817 796 βασιλέως
844 744 1070 798 Ἀρτεμιόυ
1103 741 1193 793 ἔτος
1223 741 1276 786 α’.

108 816 233 851 V.n56
365 806 510 866 Τούτῳ
540 810 597 866 τῷ
626 807 711 851 ἔτει
756 808 1036 865 ε’κούρσευσεν
1065 813 1318 866 Μασαλμᾶς
1358 809 1437 867 τῆν
1462 811 1725 868 Ῥωμανιάν,

249 877 323 917 καί
350 874 589 926 σκυλεύσας
618 875 696 933 τὴν
727 879 959 934 Γαλατίαν,
999 875 1264 934 ὑπέστρεψεν
1288 877 1398 933 μετὰ
1429 879 1726 933 αἰχμαλωσίας
1745 894 1768 921 11

247 942 322 986 καί
350 945 517 985 σκύλων
546 947 727 988 πολλῶν.
772 943 795 986 ὅ
827 947 873 988 δὲ
902 947 1126 1001 Ἀρτέμιος
1151 945 1414 1003 στρατηγούς
1441 944 1727 995 ἱκανωτάτους

244 1010 567 1065 προβαλόμενος
606 1014 667 1062 εἰς
706 1011 758 1054 τά
797 1011 1090 1068 καβαλλαρικά
1120 1015 1305 1070 θέματα,
1346 1013 1422 1056 καί
1447 1010 1726 1067 λογιωτάτους

246 1078 306 1127 εἷς
333 1076 385 1120 τὰ
416 1077 624 1136 πολιτικά,
653 1081 698 1122 ἐν
725 1081 850 1139 α’δείᾳ
883 1082 1074 1124 διετέλει.
1143 1083 1228 1123 τῶν
1251 1077 1451 1135 Ἀράβων
1479 1083 1526 1123 δὲ
1559 1079 1728 1132 ὁπλιζο-

201 1157 233 1190 D
244 1146 383 1198 μένων
424 1145 531 1189 κατὰ
547 1148 788 1201 Ῥωμανίας
824 1145 897 1191 διά
927 1163 971 1190 τε
999 1150 1075 1204 γῆς
1118 1147 1195 1192 καὶ
1220 1148 1451 1206 θαλάσσης,
1483 1149 1727 1191 α’πέστειλεν

245 1211 269 1254 ὅ
297 1211 500 1267 βασιλεύς
547 1209 760 1269 ἄρχοντας
797 1217 842 1258 ἐν
871 1217 1008 1274 Συρίᾳ
1047 1215 1154 1273 πρὸς
1188 1217 1380 1272 Ουάλίδ,
1430 1213 1488 1266 ὥς
1516 1216 1647 1271 δῆθεν
1676 1214 1725 1258 τὰ
1746 1230 1759 1257 1

244 1281 318 1335 τῆς
346 1281 515 1336 εἰρήνης
552 1284 871 1338 προσλαλῆσαι,
910 1281 1076 1338 Δανιὴλ
1115 1282 1189 1326 τὸν
1226 1284 1476 1340 Σινωπίτην,
1507 1283 1728 1338 πατρίκιον

245 1347 320 1389 καί
349 1344 542 1402 ὕπαρχον
567 1352 642 1405 τῆς
677 1349 851 1406 πόλεως,
879 1350 1170 1405 ἐντειλάμενος
1203 1351 1319 1409 αύτῷ
1347 1352 1391 1393 ἑν
1419 1351 1616 1409 α’κριβείᾳ
1644 1352 1730 1392 διε-

246 1416 449 1471 ρευνῆσαι
469 1415 540 1458 διὰ
570 1419 642 1471 τῆς
669 1415 778 1459 κατὰ
801 1418 1042 1472 ιΡωμανίας
1076 1416 1280 1474 κινήσεως
1304 1420 1378 1462 καί
1400 1416 1623 1473 δυνάμεως
1651 1415 1730 1460 αύ-

247 1482 344 1523 τῶν.
402 1485 482 1524 τοῦ
512 1485 558 1526 δὲ
600 1483 858 1535 ἀπελθόντος
895 1484 970 1527 καί
1005 1483 1383 1540 ὑποστρέψαντος,
1414 1485 1641 1541 ἀπήγγειλε
1672 1487 1731 1544 τῷ

246 1550 422 1602 βασιλεῖ
447 1548 521 1606 τήν
565 1548 753 1607 μεγάλην
795 1550 900 1594 κατὰ
936 1554 1009 1608 τῆς
1037 1555 1257 1607 βασιλίδος
1286 1556 1451 1604 πόλεως
1479 1554 1551 1596 διά
1579 1569 1623 1596 τε
1653 1555 1728 1610 γῆς
1740 1568 1768 1594 21

346 1687 373 1709 ι.
402 1674 510 1711 κάκεῖ
531 1675 572 1717 Α,
596 1674 748 1712 κάκεῖσε
770 1677 866 1722 vulg.
979 1689 1012 1712 2.
1039 1679 1247 1725 ἐγνωκότος
1270 1679 1311 1712 Α.
1437 1690 1469 1724 7.
1498 1679 1551 1718 εἷς
1575 1679 1726 1714 Θεσσα-

337 1725 501 1779 λονίκην.
545 1770 556 1783 <
605 1726 656 1759 18.
679 1724 889 1773 Ῥωμανίας
914 1725 956 1768 Α,
979 1724 1196 1775 Ῥωμανιάν
1221 1727 1316 1772 vulg.
1420 1737 1471 1771 19.
1498 1725 1517 1762 ὃ
1546 1726 1586 1762 δὲ
1611 1725 1723 1762 ἄπελ-

339 1774 424 1807 θων
446 1774 511 1807 καὶ
535 1776 781 1821 υποστρέψας
806 1775 847 1807 Α.

246 1890 388 1934 raptum
416 1899 435 1922 e
462 1888 556 1923 lecto
598 1889 636 1922 in
668 1889 895 1924 prasinorum
933 1891 1159 1925 ornatorium
1195 1890 1440 1932 abduxerunt,
1466 1889 1593 1936 ibique
1618 1889 1722 1922 nullo

244 1947 341 1982 pene
381 1937 560 1981 propositi
606 1948 730 1971 eorum
763 1939 908 1972 conscio
945 1939 1071 1973 oculos
1098 1938 1315 1973 effoderunt.
1365 1943 1510 1984 postera
1533 1937 1604 1979 die,
1632 1948 1725 1983 quae

246 1985 318 2018 suit
350 1989 605 2029 pentecostes,
640 1986 778 2031 populo
808 1987 847 2020 in
869 1998 1035 2032 magnam
1069 1988 1257 2021 ecclesiam
1282 1987 1473 2020 confertim
1499 1990 1726 2027 coacervato,

243 2032 427 2065 Artemius
453 2034 745 2078 protoasecretis,
772 2034 979 2069 Anastasius
997 2036 1284 2080 cognominatus,
1306 2035 1450 2080 imperii
1474 2033 1596 2067 taenia
1626 2033 1725 2066 redi-

245 2080 354 2113 mitus
383 2085 448 2113 est.
499 2080 651 2115 sabbato
678 2083 847 2128 sequenti
875 2083 1051 2127 Georgius
1089 2089 1125 2118 et
1162 2082 1379 2117 Theodorus
1409 2081 1570 2125 Myacius
1597 2082 1726 2114 oeulo-

245 2140 324 2161 rum
359 2127 498 2161 lumine
538 2129 672 2174 privati
708 2136 813 2172 sunt,
863 2130 1021 2165 secundo
1064 2143 1149 2165 vero
1194 2130 1345 2164 sabbato
1389 2129 1566 2173 Georgius
1614 2130 1725 2162 Bura-

245 2175 340 2221 phus
367 2175 494 2209 eadem
522 2187 643 2222 poena
667 2178 878 2221 mulctatus,
922 2179 986 2226 qui
1013 2178 1309 2214 Thessalonicam
1342 2178 1380 2211 in
1410 2177 1558 2211 exilium
1587 2176 1725 2223 dopord

246 2224 314 2258 tati
338 2229 434 2257 sunt.

56 2268 235 2319 A.C.706
342 2273 584 2304 Romanorum
611 2272 838 2318 imperatoris
867 2274 1018 2307 Artemii
1050 2285 1163 2307 annus
1191 2273 1339 2318 primus.

340 2318 417 2352 Hoc
460 2330 556 2353 anno
581 2319 774 2354 Masalmas
813 2322 1021 2354 Romaniam
1057 2321 1329 2355 excursionibus
1364 2319 1563 2360 infestavit,
1598 2325 1636 2354 et
1658 2330 1724 2365 per

246 2367 429 2402 Galatiam
453 2372 647 2412 grassatus,
671 2368 875 2414 promiscua
913 2368 1150 2403 multitudine
1185 2370 1222 2402 iu
1250 2367 1497 2414 captivitatem
1522 2372 1612 2407 acta,
1639 2369 1723 2413 plu-

245 2415 419 2461 ribusque
452 2414 583 2449 ablatis
609 2416 760 2461 spoliis,
802 2415 948 2450 domum
986 2418 1143 2462 repetiit.
1203 2417 1382 2450 Artemius
1419 2421 1539 2449 autem
1568 2415 1724 2450 ducibus

243 2463 524 2509 probatissimis,
553 2463 616 2510 qui
656 2468 841 2509 equestres
878 2471 1046 2508 regerent
1086 2464 1242 2504 ordines,
1268 2465 1424 2510 aliisque
1455 2463 1723 2505 eruditissimis,

245 2513 310 2557 qui
337 2522 392 2545 res
422 2511 590 2557 politicas
631 2510 954 2554 administrarent,
990 2513 1190 2552 institutis,
1229 2513 1307 2558 ipse
1346 2523 1366 2545 a
1392 2511 1552 2545 tumultu
1578 2512 1726 2546 vivebat

244 2559 413 2593 immunis
452 2564 489 2593 et
526 2559 678 2592 alienus.
737 2558 915 2592 Arabibus
953 2570 1059 2604 porro
1092 2561 1129 2593 in
1168 2562 1366 2593 Romanum
1404 2560 1594 2604 imperium
1628 2565 1723 2593 terra

244 2608 409 2653 marique
448 2617 545 2640 arma
576 2606 816 2651 parantibus,
846 2607 1043 2652 imperator
1086 2620 1129 2640 ex
1154 2609 1226 2641 suis
1250 2607 1489 2653 optimatibus
1512 2607 1723 2647 nonnullos,

245 2656 309 2701 qui
339 2656 385 2688 de
412 2666 500 2700 pace
527 2654 698 2688 habenda
728 2660 918 2688 tractatum
945 2654 1133 2695 haberent,
1170 2656 1216 2689 ad
1244 2655 1353 2690 Valid
1379 2654 1583 2699 delegavit,
1610 2655 1725 2688 maxi-

245 2714 303 2736 me
331 2703 522 2737 Danielem
551 2703 793 2748 Sinopensem
833 2703 1021 2748 patricium
1058 2710 1094 2736 et
1134 2704 1232 2737 urbis
1275 2703 1515 2749 praesectum,
1541 2702 1612 2736 hoc
1637 2713 1723 2745 prae

245 2751 387 2785 cunctis
412 2750 588 2791 iniuncto,
613 2756 656 2785 ut
682 2750 728 2784 de
748 2752 1004 2784 Saracenorum
1032 2751 1064 2784 in
1095 2752 1304 2785 Romaniam
1335 2750 1570 2798 expeditione
1597 2756 1634 2783 et
1658 2761 1722 2784 eo-

246 2810 324 2833 rum
351 2797 490 2834 viribus
525 2798 696 2833 notitiam
734 2804 936 2833 accuratam
963 2799 1123 2835 referret.
1187 2811 1229 2833 eo
1259 2801 1367 2844 igitur
1391 2800 1461 2833 iter
1490 2809 1656 2844 aggresso
1683 2809 1723 2830 ae
