1768 3106
271 145 343 204 35
357 167 382 201 2
587 187 590 190 -
816 164 1163 208 THEOPHANJS

269 283 358 312 σεν.
420 267 493 309 καί
520 267 578 324 τῷ
605 266 832 325 Ἀπριλλίῳ
859 270 963 322 μηνί
990 269 1038 316 ις’
1072 269 1230 322 ἐγένετο
1261 266 1454 323 συμβολὴ
1485 269 1568 311 τῶν
1594 268 1740 325 δήμων

269 333 378 390 πρὸς
426 330 635 388 α’λλήλους
674 335 718 376 ἐν
760 335 920 392 δειλινῇ
959 334 1133 377 ἱππικοῦ
1173 335 1405 389 ἀγομένου·
1484 335 1558 378 καί
1593 339 1743 379 πολλοὶ

268 404 486 445 α’πέθανον
517 397 772 456 ᾰιιιφοτέρων
813 404 896 443 ταῖν
925 403 1088 459 μερῶν“,
1119 402 1192 444 καί
1231 403 1291 451 εἰς
1319 402 1574 459 ἐργαστήρια
1603 405 1742 459 εἰσῆλ-

266 475 348 512 θον
375 472 449 512 καί
479 464 679 524 ἥρπαζον,
710 466 755 510 εἴ
774 484 815 510 τι
845 466 1043 525 εὕρισκον
1065 469 1264 524 ὑπάρχου
1297 465 1413 519 ὄντος
1435 469 1638 513 Ἰωάννου
1666 472 1743 512 τοῦ

227 540 561 592 (ζέπιλεγομένου
583 538 887 591 Κοκκοροβιόυ.
943 538 999 596 τῷ
1020 539 1066 579 δὲ
1093 539 1261 595 Ἰουλίῳ
1290 539 1396 594 μηνί
1421 538 1496 594 κη’,
1526 535 1661 596 ἧμέρᾳ
1685 535 1768 594 γ’,ξ

265 608 431 662 γέγονεν
472 603 521 647 τά
553 606 739 658 ἑγκαίνια
774 605 856 646 τῶν
886 605 1016 659 ἁγίων
1061 604 1322 662 οἷποστόλων,
1353 607 1425 647 καί
1457 603 1481 661 ἦ
1512 606 1743 655 κατάθεσις

263 678 345 716 ταῖν
383 670 512 726 ἁγίων
552 670 766 725 λειψάνων
792 671 1023 729 Ἀνδρέου,
1065 676 1220 715 Λουκᾶ
1259 672 1333 714 καί
1380 676 1618 730 Τιμοθέου,
1659 675 1742 714 ταῖν

264 739 394 795 ἁγίων
422 738 678 782 α’ποστόλων.
737 741 811 781 καί
838 742 1014 794 διῆλθεν
1042 739 1062 781 ὃ
1094 741 1317 790 ἐπίσκοπος
1338 743 1497 796 Μηνᾶς
1523 739 1632 794 μετὰ
1660 742 1742 782 τῶν

263 808 393 863 ἁγίων
423 805 638 861 λειψάνων
669 805 907 862 καθήμενος
938 810 983 850 έν
1016 808 1200 864 ὀχήματι
1236 811 1385 866 χρυσῷ
1412 809 1618 865 βασιλικῷ
1647 810 1741 850 δια-

264 875 372 934 λίθῳ
398 875 562 930 κρατῶν
590 872 666 925 τοὶς
709 881 823 931 τρεῖς
849 874 986 931 θήκας
1031 877 1116 918 τῶν
1153 873 1285 930 ἁγίων
1323 874 1566 919 ἀποστόλων
1599 876 1659 925 εἰς
1688 875 1768 918 τάι

258 943 418 999 γόνατα
450 942 596 985 αὐτοῦ·
653 944 727 984 καί
760 938 895 993 οὕτως
923 946 1093 999 ἐποίησε
1119 941 1168 986 τοὶ
1200 945 1401 998 ἐγκαίνια.

53 1026 247 1070 A,M,6043
379 1009 525 1068 Τούτῳ
558 1013 617 1069 τῷ
655 1008 741 1052 ἔτει
769 1013 874 1066 μηνί
898 1012 1124 1069 Ἀπριλλίῳ
1165 1013 1425 1061 ἰνδικτιῶνος
1469 1010 1505 1053 δ’
1537 1012 1739 1068 ἐπέμφθη

261 1081 439 1134 Ναρσῆς
477 1077 498 1120 ὃ
542 1077 889 1133 κουβικουλάριος
918 1079 961 1120 ἐν
981 1079 1123 1136 Ῥώμῃ
1167 1078 1352 1136 ὀφείλων
1383 1081 1624 1135 πολεμῆσαι
1653 1086 1739 1129 τοῖς

261 1146 447 1196 Γότθοις
476 1151 564 1197 τοῖς
595 1149 893 1201 παραλαβοῦσι
917 1145 993 1203 την
1023 1145 1214 1204 Ῥώμην,
1272 1147 1416 1203 ἐπειδὴ
1445 1148 1550 1202 μετὰ
1585 1145 1629 1190 τὸ
1656 1165 1738 1190 πα-

218 1218 469 1271 οραλαβεῖν
498 1213 634 1270 αὐτην
659 1213 731 1256 τὸν
759 1213 1030 1271 Βελισάριον,
1069 1214 1196 1257 πάλιν
1224 1217 1526 1271 ἐπανέστησαν,
1556 1214 1630 1258 καί
1656 1233 1768 1263 ποι-ι

262 1283 440 1338 ρέλαβον
478 1280 615 1338 αὐτὴν
657 1280 696 1324 οἱ
726 1283 767 1325 Γ
766 1281 901 1329 ότθοι,
970 1285 1027 1340 τῷ
1066 1284 1112 1324 δὲ
1141 1280 1310 1341 Ἰουλίῳ
1350 1281 1453 1339 μηνὶ
1490 1280 1530 1325 θ’
1574 1284 1737 1338 ἐγένετο

260 1348 437 1403 σεισμὸς
470 1351 602 1405 μέγας
637 1352 712 1392 καί
749 1344 1007 1406 φοβερόςέν
1044 1348 1157 1408 πάσῃ
1198 1352 1248 1409 τῇ
1288 1348 1410 1408 χώρῳ
1441 1354 1737 1406 Παλαιστίνης

261 1417 334 1460 καὶ
373 1419 577 1473 Ἀραβίας
621 1418 694 1460 καί
733 1419 1076 1472 ΙΙίῙεσοποταμιάς
1115 1420 1184 1464 καί
1219 1420 1379 1473 Συρίας
1420 1420 1494 1460 καί
1525 1417 1735 1474 Φοινίκης,

264 1485 338 1528 καί
365 1483 522 1528 ἔπαθεν
559 1484 695 1540 Τύρος
723 1486 797 1527 καὶ
824 1483 964 1528 Σιδών
1005 1485 1078 1527 καί
1105 1485 1302 1541 Βηρυτος
1335 1489 1406 1528 καί
1439 1486 1636 1540 Τρίπολις
1664 1485 1765 1528 καί·

262 1554 442 1609 Βύβλος,
515 1552 590 1596 καί
631 1553 847 1595 ἀπέθανον
876 1554 920 1595 ἐν
957 1553 1107 1603 αὐταῖς
1137 1551 1376 1614 α’νθρρόπων
1415 1552 1556 1611 πλήθη
1586 1555 1768 1601 πολ.λοέ.2

262 1622 308 1665 ἐν
337 1623 385 1665 δὲ
413 1623 465 1680 τῇ
492 1619 614 1664 πόλει
639 1619 862 1677 Βόστρυος
900 1620 1155 1678 ἀπεσπάσθη
1195 1621 1278 1664 α’πὸ
1309 1623 1389 1664 τοῦ
1419 1625 1731 1678 παρακειμένου

355 1787 388 1810 2.
416 1775 575 1820 δειλινῆς
599 1776 695 1822 vulg.
818 1775 873 1817 ,6.
898 1776 1063 1822 γέγοναν
1089 1775 1206 1819 vulg.‚
1242 1775 1326 1810 fort.
1353 1774 1546 1822 γεγόνασι.
1676 1787 1728 1810 ιο.

355 1831 456 1873 τρεῖς
480 1836 549 1858 om.
574 1824 609 1858 h.
709 1834 765 1858 20.
796 1823 937 1870 Βύβλος
965 1835 997 1865 a,
1019 1822 1153 1869 Βὺβλις
1177 1823 1270 1869 vulg.
1371 1835 1428 1858 21.
1455 1823 1623 1872 Βότρυος
1646 1822 1682 1857 b.

247 1982 381 2016 ‚autem
423 1975 560 2010 decimo
603 1980 702 2010 sexto
735 1975 868 2022 Aprilis
894 1986 1063 2021 vespere,
1097 1974 1180 2009 dum
1207 1975 1286 2010 ludi
1324 1976 1497 2010 circenses
1525 1981 1729 2020 agerentur,

258 2026 454 2072 populares
479 2025 655 2058 factiones
681 2023 726 2057 ad
742 2025 892 2058 invicem
908 2023 1150 2065 decertarunt,
1172 2024 1352 2070 multique
1379 2036 1423 2058 ex
1450 2029 1601 2070 utraque
1627 2031 1729 2070 parte

257 2074 462 2107 interfecti:
490 2072 720 2119 subindeque
758 2072 797 2106 in
824 2071 981 2106 officinas
1017 2073 1206 2114 irruentes,
1236 2072 1341 2105 obvia
1371 2082 1539 2118 quaeque
1565 2071 1730 2118 diripue-

258 2126 356 2162 runt,
388 2123 522 2155 Ioanne
550 2126 789 2166 cognomento
815 2120 1035 2154 Coccorobio
1063 2120 1163 2154 urbis
1188 2121 1385 2165 praefecto.
1437 2125 1619 2153 caeterum
1642 2121 1727 2154 Iulii

257 2170 391 2203 mensis
419 2169 477 2202 die
504 2170 673 2213 vigesimo
699 2174 845 2210 octavo,
875 2169 981 2202 tertia
1003 2168 1102 2209 feria,
1132 2174 1333 2201 sanctorum
1355 2168 1600 2213 apostolorum
1628 2168 1727 2202 aedis

198 2258 199 2261 Ἴ
259 2217 352 2251 sacta
379 2223 432 2250 est
456 2218 689 2258 consecratio,
711 2223 748 2250 et
772 2221 975 2250 sanctarum
1001 2216 1236 2262 reliquiarum
1254 2215 1431 2258 Andreae,
1457 2217 1574 2250 Lucae
1600 2222 1638 2251 et
1660 2217 1727 2251 Ti·-

257 2264 421 2306 mothei,
448 2267 511 2310 qui
548 2266 663 2298 sancti
688 2265 870 2310 apostoli,
900 2264 1090 2310 depositio.
1162 2265 1351 2310 episcopus
1387 2276 1471 2298 vero
1500 2265 1625 2298 Menas
1657 2277 1728 2299 una

258 2325 338 2348 cum
361 2313 492 2346 sanctis
519 2313 683 2358 reliquiis
700 2324 903 2358 progressus
924 2319 990 2354 est,
1010 2311 1176 2346 vehiculo
1205 2323 1311 2346 aureo
1329 2313 1561 2359 imperatorio
1579 2314 1727 2358 genimis

260 2367 434 2395 exornato
459 2366 601 2394 vectus:
626 2366 698 2394 tres
734 2366 853 2394 autem
882 2366 1085 2394 sanctorum
1122 2361 1370 2405 apostolorum
1397 2360 1560 2406 gestabat
1587 2362 1727 2395 loculos

260 2421 365 2456 supra
394 2420 531 2454 genua:
559 2414 670 2454 atque
695 2409 744 2442 ita
772 2408 1037 2442 dedicationem
1063 2408 1273 2443 celebravit.

73 2462 112 2497 Α,
127 2462 246 2510 (1.543
356 2458 435 2491 IIoc
458 2468 575 2497 anno,
613 2468 734 2490 mense
779 2456 906 2502 Aprili,
934 2455 1133 2490 indictione
1160 2463 1300 2502 quarta,
1327 2457 1456 2491 Narses
1484 2457 1728 2492 cubicularius

258 2505 398 2540 bellum
423 2503 589 2545 Gotfflis,
629 2504 691 2549 qui
732 2503 857 2537 urbem
883 2509 1077 2549 ceperant,
1103 2505 1293 2547 illaturus,
1334 2507 1479 2540 Romam
1507 2507 1633 2540 missus
1661 2512 1725 2540 est.

258 2566 343 2589 nam
367 2559 450 2600 post
475 2556 656 2597 receptam
682 2551 807 2584 urbem
836 2563 856 2584 a
873 2552 1057 2592 Belisario,
1081 2552 1218 2586 bellum
1246 2559 1503 2599 reparaverunt
1523 2553 1664 2594 Gouhi‚
1691 2559 1728 2588 et

261 2614 340 2637 eam
369 2602 491 2636 denuo
522 2600 629 2634 armis
657 2606 934 2645 occupaverunt.
986 2600 1070 2633 Iulii
1095 2612 1178 2634 vero
1203 2603 1336 2635 niensis
1361 2601 1420 2635 die
1446 2614 1555 2644 nono,
1578 2613 1725 2646 magnus

260 2656 297 2685 et
321 2649 496 2685 terribilis
519 2654 636 2683 terrae
659 2653 778 2681 motus
805 2647 921 2681 factus
949 2654 1002 2681 est
1035 2659 1099 2693 per
1124 2661 1267 2683 omnem
1291 2650 1536 2691 Palaestinae,
1557 2650 1726 2691 Arabiae,

256 2698 554 2745 Mesopotamiae,
581 2696 704 2741 Syriae
729 2700 764 2730 et
791 2695 987 2730 Phoenices
1023 2697 1224 2741 regionem:
1261 2698 1351 2732 adeo
1377 2705 1418 2732 ut
1445 2699 1573 2741 Tyrus,
1601 2697 1726 2739 Sidon,

257 2746 419 2791 Berytus,
443 2743 603 2792 Tripolis
630 2749 666 2778 et
690 2744 809 2788 Byblis
839 2744 950 2778 multa
970 2744 1099 2778 damna
1127 2747 1341 2792 acceperint,
1368 2752 1405 2779 et
1432 2745 1617 2780 hominum
1641 2757 1726 2792 per-

259 2796 386 2829 rierint
411 2795 524 2829 multa
556 2793 682 2828 millia.
711 2791 755 2826 ad
772 2794 929 2826 Bostram
954 2803 1037 2827 vero
1067 2794 1247 2828 civitatem
1285 2805 1412 2839 magna
1451 2805 1531 2840 pars
1556 2806 1727 2842 promon-
