1786 3204
287 168 401 226 286
852 186 1201 229 THEOPHANJS

281 291 405 332 θεντο
435 287 569 332 αὐτὸν
614 291 660 333 ἐν
696 290 748 346 τῇ
785 290 973 346 φυλακῇ.
1042 287 1259 330 ἀπέθανον
1298 287 1345 330 δὲ
1374 288 1428 346 τῇ
1454 286 1594 347 ἡμέρᾳ
1623 288 1756 346 ἐκείνῃ

278 354 473 413 χιλιάδες
498 354 721 411 τριάκοντα
751 359 870 398 πέντε
899 357 1083 411 α’νὸρῶν.
1142 353 1214 396 καί
1242 355 1319 396 οιῖκ
1349 352 1412 397 ἔτι
1441 357 1640 412 ἐφαίνετο
1684 358 1758 412 δη-

280 425 415 481 μότης
439 423 629 468 πώποτε·
687 427 780 466 ἄλλ’
804 425 964 478 ἐγένετο
997 422 1157 478 ἡσυχία
1179 424 1229 480 τῇ
1256 421 1394 479 ἡμέρᾳ
1424 424 1571 481 ἐκείνῃ.
1629 423 1682 480 τῇ
1712 425 1758 465 δὲ

279 490 486 548 ἐπαύριον
514 490 764 550 ἐσφάγησαν
796 489 997 541 “Υπάτιος
1034 490 1109 532 καί
1137 487 1367 545 Πομπήϊος
1408 489 1431 531 ὅ
1462 489 1649 547 α’ὸέλφὸς
1679 490 1774 534 av'-.

277 562 382 603 τοῦ·
438 564 513 603 καί
552 562 707 616 ἐρρίφη
751 556 805 601 τά
845 555 1022 611 σώματα
1062 558 1206 599 αὐτῶν
1235 560 1281 600 ἐν
1318 559 1371 615 τῇ
1403 556 1627 616 θαλάσσῃ·
1687 558 1786 602 uait

241 626 580 684 Βὲδημεύθησαν
623 626 661 669 οὶ
708 622 815 668 οἶκοι
845 626 999 682 αὐτῶν,
1029 625 1134 679 μετὰ
1174 625 1248 667 καί
1277 620 1417 668 ἄλλων
1443 624 1495 682 ιη’
1527 627 1758 682 πατρικίων

238 1111 264 1145 C

63 1176 157 1210 A.M.
171 1177 264 1215 6025

96 2532 136 2565 A.
152 2531 189 2565 C.
203 2529 271 2564 525

277 696 351 738 καί
388 694 663 750 ἰλλουστρίων
700 696 773 736 καί
809 691 1023 736 ὑπατικῶν
1057 694 1379 749 δημευθέντων,
1422 692 1480 743 ὥς
1508 693 1758 749 συνδρόμων

270 764 487 806 ’Υποιτίοω
557 761 632 807 καί
665 763 824 818 ἐγένετο
867 762 1000 818 φόβος
1029 764 1176 816 μέγας,
1213 763 1288 802 ’καί
1319 759 1534 817 ἡσύχασεν
1562 760 1588 816 ἦ
1618 761 1755 813 πόλις,

279 833 355 874 καί
382 827 459 873 οὐκ
487 825 604 886 ἤχθη
635 828 807 871 ἱππικὸν
838 831 907 872 ἐπὶ
940 826 1081 871 ἱκανὸν
1107 825 1274 884 χρόνον.

394 899 462 956 Τῷ
491 899 533 939 δ’
556 897 671 956 αὐτῷ
707 895 794 940 ἔτει
824 899 899 939 καί
938 897 1128 952 ἀστέρων
1155 899 1296 952 γέγονε
1328 894 1486 951 δρόμος
1515 895 1645 948 πολύς
1672 894 1786 939 οἷπὸι

278 964 460 1021 ἑσπέρας
503 963 583 1015 ἕως
625 960 802 1020 αι’)’γους-
874 961 982 1007 ὥστε
1022 965 1184 1014 πάντας
1217 966 1526 1019 ἐκπλήττεσθαι
1567 966 1643 1006 καί
1685 967 1754 1005 λε’-

276 1051 378 1089 γειν,
409 1030 472 1076 ὅτι
503 1032 543 1075 οὶ
571 1033 746 1091 ἀστέρες
775 1034 1001 1076 πίπτουσιν
1018 1066 1030 1086 ,
1061 1031 1134 1074 καί
1157 1032 1232 1074 οὐκ
1260 1030 1436 1086 οἴδαμέν
1467 1047 1567 1075 ποτε
1593 1034 1756 1075 τοιοῦτο

278 1105 466 1159 πρᾶγμα.
1117 1099 1126 1112 “

384 1169 550 1227 Ῥώμης
580 1166 813 1226 ἐπισκόπου
843 1168 1043 1211 Ἰωάννου
1075 1165 1168 1217 ἔτος
1198 1167 1249 1209 α’.

395 1235 541 1297 Τούτῳ
568 1239 627 1296 τῷ
656 1235 741 1279 ἔτει
773 1237 978 1293 Θεοδώρα
1011 1235 1037 1291 ἦ
1067 1232 1353 1292 εὐσεβεστάτη
1390 1234 1603 1290 αὔγοῦστα
1635 1237 1786 1291 ἐξῇ-1

275 1310 353 1349 θεν
380 1307 440 1356 εἰς
468 1304 522 1348 τὰ
553 1304 696 1360 θερμά
726 1306 810 1347 τῶν
836 1304 1025 1347 Πυθίων
1060 1307 1136 1346 τοῦ
1165 1306 1396 1358 θερμίσαι·
1453 1305 1755 1358 καίσυνεξῆλ-

272 1378 354 1416 θον
385 1373 509 1431 αὐτῇ,
546 1369 570 1414 ὅ
597 1389 644 1415 τε
675 1374 896 1427 πατρίκιος
926 1374 1079 1428 ΙίἸηνᾶς
1118 1371 1141 1413 ὃ
1174 1370 1360 1427 ἔπαρχος
1388 1373 1462 1413 καί
1489 1370 1510 1414 ὃ
1539 1373 1756 1426 πατρίκιος

270 1441 420 1492 Ἠλίας
450 1441 471 1483 ὁ
502 1439 634 1498 κόμης
662 1442 744 1483 τῶν
771 1439 1066 1496 λαργιτιόνων,
1099 1440 1171 1481 καὶ
1201 1434 1323 1481 ἄλλοι
1353 1442 1581 1495 πατρίκιοι,
1614 1440 1688 1480 καί
1716 1437 1755 1481 οἱ

271 1506 616 1565 κουβικουλάριοι
654 1507 729 1550 καὶ
766 1506 1012 1563 σατράπαι,
1050 1506 1243 1562 χιλιάδες
1273 1508 1499 1564 τέσσαρες·
1556 1505 1631 1549 καί
1655 1509 1756 1548 πολ-

272 1576 325 1620 λοὶ
356 1580 587 1633 ἐχαρίσατο
630 1582 725 1627 ταῖς
767 1578 1006 1632 ἐκκλησίαις
1038 1574 1112 1617 καί
1154 1576 1375 1630 πτωχειόις
1404 1575 1480 1617 καί
1505 1579 1594 1625 τοῖς
1620 1589 1786 1629 μονα-α

271 1649 473 1702 στηριύις.

367 1727 401 1761 5.
427 1719 473 1760 τὰ
498 1724 584 1759 add.
611 1736 655 1759 ex
681 1725 723 1759 A.
855 1726 907 1759 16.
933 1723 999 1759 τοῦ
1027 1736 1096 1758 om.
1125 1725 1165 1758 A.
1298 1723 1527 1768 συνεξῆλθον
1551 1724 1592 1766 A,
1619 1724 1755 1768 συνῆλ-

365 1777 441 1810 θον
469 1773 561 1818 vulg.
691 1774 744 1807 18.
770 1771 1025 1821 λαργιτιόνων
1051 1774 1079 1806 Α
1104 1785 1145 1813 a,
1170 1774 1426 1819 λαργιτιανιὸν
1452 1773 1549 1818 vulg.
1695 1784 1752 1806 20.

367 1828 533 1868 πτωχοῖς
557 1821 599 1856 Α.

273 1903 321 1938 nd
344 1904 495 1949 triginta
527 1903 693 1949 quinque
714 1902 853 1936 millia:
891 1914 960 1936 nec
983 1902 1081 1936 ullus
1106 1903 1169 1948 qui
1207 1902 1357 1936 factioni
1387 1903 1543 1948 cuipiam
1569 1907 1664 1936 esset
1687 1902 1755 1936 ad-

275 1952 391 1987 dictus
427 1951 584 1985 occurrit
617 1950 744 1984 ullibi:
775 1951 865 1996 quin
894 1951 1002 1984 immo
1037 1957 1164 1984 cuncta
1198 1962 1334 1984 summa
1373 1950 1642 1996 tranquillitate
1671 1957 1756 1985 sunt

275 2000 484 2046 composita.
537 1999 707 2045 sequenti
730 1999 811 2032 luce
838 1999 1014 2044 Hypatius
1043 2005 1081 2032 et
1104 1999 1295 2044 Pompeius
1325 1998 1401 2032 eius
1426 1998 1538 2032 frater
1561 2000 1693 2040 necati,
1720 2005 1757 2033 ot

276 2058 401 2081 eorum
427 2047 600 2081 cadavera
628 2048 667 2080 in
703 2059 736 2081 m
750 2058 803 2081 »re
837 2047 1013 2092 proiecta,
1047 2046 1230 2092 aedesque
1262 2046 1409 2080 illorum
1437 2046 1658 2092 publicatae,
1684 2059 1755 2080 uua

277 2108 356 2129 cum
392 2096 547 2129 aliorum
585 2095 822 2141 patriciorum
868 2096 906 2128 ‚8
947 2100 984 2129 et
1009 2095 1207 2128 illustrium
1245 2100 1283 2128 et
1316 2094 1575 2136 consularium,
1601 2107 1753 2141 quorum

277 2144 468 2177 facultates
504 2144 731 2189 imperatoris
768 2143 906 2176 aerario
950 2142 1130 2183 addictae,
1164 2141 1263 2188 quod
1288 2153 1325 2175 se
1351 2142 1503 2187 Hypatii
1529 2142 1691 2177 fautores
1719 2149 1756 2177 et

277 2191 488 2225 auxiliarios
527 2190 793 2236 praebuissent.
853 2201 1004 2236 magnus
1033 2190 1165 2224 exinde
1198 2195 1314 2224 terror
1343 2191 1480 2224 animos
1506 2192 1666 2225 'omnium
1695 2191 1756 2224 in-

277 2240 393 2281 cessit,
420 2238 505 2272 urbs
533 2238 750 2272 tumultuari
777 2237 930 2280 destitit,
956 2250 1024 2273 nec
1044 2250 1119 2273 non
1136 2238 1203 2272 nisi
1228 2238 1337 2283 longo
1363 2244 1447 2284 post
1471 2240 1588 2285 spatio
1616 2240 1756 2273 circen-

277 2299 332 2323 ses
361 2286 451 2321 editi
479 2292 564 2320 sunt
587 2285 680 2319 ludi.

374 2335 453 2369 Hoc
481 2333 610 2368 eodem
636 2345 731 2367 anno
757 2344 778 2366 a
801 2345 951 2380 vespere
983 2333 1030 2367 ad
1059 2333 1307 2379 crepusculum
1331 2334 1551 2367 matutinum
1577 2339 1755 2368 astrorum

281 2393 475 2417 concursus
502 2382 630 2427 ingens
654 2383 749 2415 visus
780 2387 853 2422 est,
892 2381 983 2415 adeo
1010 2388 1050 2416 ut
1078 2393 1201 2415 omnes
1226 2388 1323 2415 metu
1351 2383 1547 2416 exanimati
1577 2383 1757 2415 exclama-

282 2437 384 2465 rent:
416 2429 586 2464 cadunte
612 2430 714 2463 caelo
741 2429 881 2471 stellae,
906 2441 974 2463 nec
990 2441 1151 2476 unquam
1176 2441 1249 2464 rem
1275 2436 1435 2464 monstro
1460 2437 1535 2464 tam
1556 2431 1757 2477 proximam

285 2478 549 2527 conspeximus.

381 2529 514 2562 Romae
543 2525 705 2572 episcopi
731 2525 879 2558 Ioannis
905 2535 1020 2558 annus
1044 2525 1194 2571 primus.

381 2576 461 2610 Hoc
483 2586 578 2608 anno
596 2572 791 2607 Theodora
814 2573 973 2619 piissima
993 2578 1145 2618 augusta
1170 2571 1214 2606 ad
1242 2572 1377 2607 calidas
1398 2571 1608 2618 Pythiorum
1635 2584 1759 2619 aquas,

288 2623 420 2669 quibus
444 2634 570 2669 corpus
598 2621 738 2656 foveret
761 2632 803 2654 ac
829 2621 1003 2663 reficeret,
1031 2622 1195 2667 profecta
1219 2627 1291 2665 est:
1328 2622 1407 2655 viae
1439 2622 1553 2656 socios
1579 2619 1761 2659 dederunt

289 2683 327 2705 se
358 2671 530 2718 patricius
556 2670 682 2704 Menas
715 2669 944 2715 praefectus,
968 2669 1143 2715 patricius
1168 2669 1263 2702 Elias
1289 2669 1522 2715 largitionum
1558 2680 1698 2711 comes,
1723 2674 1761 2702 et

289 2719 354 2753 alii
379 2719 536 2766 patricii,
561 2729 630 2752 nec
651 2729 727 2751 non
753 2717 967 2752 cubicularii
994 2722 1032 2750 et
1059 2718 1251 2762 optimates
1274 2718 1321 2751 ad
1349 2724 1505 2764 quatuor
1531 2717 1659 2751 millia.
1700 2715 1760 2749 iu·-

290 2773 434 2813 gentem
458 2778 565 2815 porro
592 2766 825 2813 pecuniarum
851 2765 923 2800 vim
943 2765 982 2799 in
1007 2765 1187 2808 ecclesias,
1211 2777 1412 2813 pauperum
1438 2765 1596 2812 hospitia
1623 2770 1660 2800 et
1683 2776 1762 2798 mo·

290 2816 446 2850 nasteria
475 2814 673 2850 distribuit.
