1786 3204
259 178 278 213 ι
300 156 367 225 14
820 162 1170 209 THEOPHANJS

210 279 334 322 cnfiv
363 276 442 321 τοῦ
485 275 676 331 σωτῆρος
715 270 943 326 γενεθλίων
982 263 1122 321 ἑορτή.
1183 262 1396 319 Ῥουφίνῳ
1423 260 1472 302 δὲ
1499 258 1722 317 μαγίστρῳ

135 346 308 395 V-5oet'9
334 344 597 398 παράκλησιν
626 337 795 383 ἐλθόντι
825 337 974 384 δειναῖς
1005 333 1233 388 ἐπέπληξεν
1261 325 1533 383 Ἀμβρόσιος.
1590 324 1722 380 νόμον

248 414 296 455 δὲ
317 412 546 465 ἐκθεμένου
579 407 811 451 Θεοδοσίου
845 409 933 452 τοῖς
962 398 1360 452 καταδικαζομένοις
1387 392 1560 454 θανάτῳ
1588 388 1615 450 ἢ
1642 394 1720 450 δη-

246 476 397 532 μεύσει
427 476 694 532 προθεσμίαν
724 469 948 526 τριάκοντα
975 468 1146 525 ἡμερῶν
1176 468 1236 516 εἷς
1263 462 1490 517 διάσκεψιν
1519 463 1721 505 δίδοσθαι

247 547 291 598 ἐξ
320 546 544 601 ἐπιτροπῆς
565 538 841 596 Ἀμβροσιου,
869 536 959 580 τότε
989 535 1272 592 προσεδέξατο
1301 529 1432 574 αὐτὸν
1461 532 1521 580 εἷς
1547 526 1623 588 τήν
1649 531 1757 576 thr-5

245 615 423 670 κλησιάν
451 609 530 665 ἔξω
559 613 703 664 μέντοι
730 607 808 651 τοῦ
835 605 1162 660 θυσιαστηρίου,
1192 600 1265 644 καί
1281 600 1333 642 οὕ
1362 599 1473 642 κατὰ
1503 597 1583 656 τὴν
1613 614 1721 654 προ-

245 684 375 736 τέραν
401 678 634 733 συνήθειαν
664 674 747 718 ἔσω
765 691 775 702 ·
833 670 934 715 ὅθεν
955 674 1028 714 καί
1054 672 1184 726 μέχρι
1215 671 1294 713 νῦν
1321 668 1461 718 καλῶς
1491 663 1722 723 ἐκράτησεν

244 747 293 790 τὸ
322 746 422 797 ἔθος
460 743 539 798 ἔξω
578 745 656 788 τοῦ
683 742 994 798 θυσιαστηρίου
1035 735 1136 788 τούς
1162 740 1355 791 βασιλεῖς
1380 734 1585 779 ἵστασθαι
1612 731 1720 791 μετᾴ

244 816 320 859 τοῦ
344 814 464 858 λαοῦ.

363 882 429 940 Τῷ
463 881 502 924 δ’
531 875 647 938 αὐτῷ
674 876 760 921 ἔτει
787 877 864 920 τοῦ
892 877 1051 921 Νείλου
1081 874 1276 927 ποταμοῦ
1308 868 1417 915 κατὰ
1452 869 1500 914 τὸ
1532 868 1633 921 ἔθος
1659 867 1720 926 μὴ
1741 883 1786 911 ιο

243 946 502 1002 ἀνελθόντος,
542 945 717 1003 ἔχαιρον
743 943 781 988 οἱ
804 940 997 1000 Ἕλληνες
1029 944 1216 997 λέγοντες
1255 939 1390 984 αἴτιον
1428 935 1539 1002 εἶναι
1568 936 1724 982 τούτου

247 1015 295 1060 τὸ
323 1017 567 1072 κωλυθῆναι
596 1014 720 1057 θύειν
748 1018 836 1062 τοῖς
873 1014 989 1060 θεοῖς
1019 1011 1178 1053 αὐτῶν.
1237 1004 1342 1064 ὅπερ
1364 1005 1520 1063 μαθών
1548 1005 1570 1048 ὅ
1601 1007 1725 1049 εὗσε-

244 1082 326 1140 βὴς
352 1080 555 1137 βασιλεύς
599 1077 809 1136 ἆπεκρίθη
832 1097 844 1109 ·
918 1077 978 1134 μὴ
1006 1074 1167 1133 γένοιτό
1200 1091 1299 1119 ποτε
1327 1073 1519 1130 ποταμὸν
1547 1076 1725 1125 θυσίαις

199 1152 450 1207 Βχαίροντα
479 1151 551 1194 ἐπὶ
576 1150 652 1205 τήν
679 1151 754 1204 γῆν
781 1149 1107 1203 πλημμυρῆσαι.
1183 1143 1207 1187 ὅ
1238 1146 1286 1187 δὲ
1312 1141 1417 1194 θεὸς
1445 1143 1574 1186 τοῦτο
1605 1143 1724 1186 ἐκδε-

243 1216 422 1272 ξάμενος
463 1217 535 1260 §ni
557 1218 754 1260 τοσοῦτον
792 1213 1028 1271 ηὕλόγησεν
1051 1211 1128 1270 τὴν
1163 1212 1374 1267 ἀνάβασιν
1400 1212 1482 1255 τοῦ
1508 1210 1721 1264 ποταμοῦ,
1740 1211 1786 1254 15

244 1283 351 1330 αῗστε
380 1286 538 1335 πάντας
570 1282 670 1334 τούς
714 1286 804 1326 κατ’
843 1281 1069 1338 Αἴγυπτον
1101 1282 1365 1339 φοβηθῆναι,
1393 1276 1454 1335 μὴ
1483 1279 1558 1323 καὶ
1585 1275 1723 1334 αι’-την

239 1352 568 1408 Ἀλεξάνδρειαν
596 1349 835 1409 κατακλύσῃ
865 1350 889 1406 ἦ
921 1351 1000 1392 τοῦ
1028 1347 1188 1399 ’ὕδατος
1216 1344 1469 1405 πλημμύρα.

35 1420 232 1456 Α-Μ·5885
361 1419 505 1478 Τούτῳ
539 1420 599 1478 τῷ
629 1416 713 1462 ἔτει
743 1418 971 1468 Θεοδόσιος
1013 1416 1035 1459 ὃ
1066 1414 1269 1472 βασιλεύς
1299 1417 1485 1475 Εὕγενίῳ
1512 1416 1725 1472 κραταιῶς

243 1485 545 1546 μαχησοὶμενος
588 1490 633 1532 ἐν
661 1492 753 1538 ταῖς
783 1488 950 1530 Ἀλπίσι
989 1482 1147 1536 πύλαις
1167 1517 1180 1538 ,
1243 1482 1382 1537 ζῶντά
1409 1498 1454 1527 τε
1484 1481 1723 1539 συλλαβών,

340 1649 375 1684 3.
403 1648 443 1685 δὲ
469 1659 537 1682 om.
555 1647 596 1682 A.
694 1652 773 1687 τοῖς
791 1646 1154 1694 καταδικαζομένοις
1176 1645 1222 1688 b,
1246 1639 1336 1685 τοὺς
1356 1643 1725 1693 καταδικαζομένους

338 1699 367 1731 A
396 1703 434 1731 et
470 1697 556 1737 alii,
581 1695 945 1744 καταδικαζομένους
967 1696 1064 1741 vulg·
1166 1696 1199 1729 5.
1229 1694 1507 1742 προσεδέξαντο
1531 1695 1572 1727 Α.
1685 1695 1721 1727 6.

337 1746 478 1786 ἔξωθεν
502 1746 568 1780 τοῦ
593 1749 681 1779 θυσ.
707 1745 736 1779 Α
753 1744 777 1777 b
798 1756 829 1778 e.
951 1757 984 1790 7.
1007 1746 1118 1792 μέχρι
1141 1743 1212 1781 νῦν
1233 1745 1272 1785 Α,
1297 1746 1412 1791 μέχρι
1437 1742 1504 1778 τοῦ
1526 1743 1600 1778 νῦν
1624 1740 1721 1785 vulg.

345 1805 399 1828 ιο.
425 1792 477 1839 τῷ
501 1793 533 1827 δ’
561 1791 660 1839 αὐτῷ
688 1793 740 1833 Α,
766 1793 818 1840 τῷ
843 1790 944 1839 aaz&
967 1793 1064 1837 vulg.
1192 1803 1242 1826 ιι.
1270 1790 1401 1827 τούτου
1422 1791 1462 1832 Α,
1488 1790 1596 1828 τοῦτο
1624 1790 1722 1834 vulg.

345 1842 399 1885 ¹4.
427 1840 711 1890 ἀποδεξάμενος
735 1840 771 1874 b.
917 1841 970 1874 16.
1008 1839 1227 1888 φοβηθῆναι
1247 1839 1332 1874 add.
1363 1851 1409 1874 ex
1431 1840 1475 1874 A.
1563 1858 1565 1863 ν
1625 1849 1676 1884 ¹7·
1702 1835 1723 1880 ἦ

336 1888 422 1923 add.
449 1901 494 1924 ex
517 1890 559 1923 A.
686 1900 736 1935 ¹9·
757 1889 904 1924 Ἐλπίσι
930 1890 972 1922 A.

249 2026 384 2061 vator-is
410 2026 470 2060 die
493 2027 585 2061 festo
612 2028 782 2061 Rufinum
815 2029 1024 2074 magistrum
1060 2041 1126 2075 pro
1159 2029 1379 2075 imperatore
1406 2027 1639 2073 deprecatum
1662 2037 1726 2060 ve-

249 2076 414 2108 nientem
461 2077 618 2120 graviter
659 2076 865 2120 obiurgavit
895 2077 1114 2110 Ambrosius.
1178 2089 1258 2111 cum
1291 2088 1376 2111 vero
1406 2074 1587 2110 Ambrosii
1617 2085 1727 2108 suasu

249 2122 479 2157 Theodosius
505 2123 650 2157 tandem
680 2124 797 2169 legem
825 2124 987 2167 tulisset,
1021 2131 1063 2159 ut
1093 2125 1214 2171 capite
1252 2125 1312 2158 vel
1347 2124 1530 2158 bonorum
1555 2122 1727 2169 publica-

250 2172 354 2204 tione
380 2170 560 2204 damnatis
592 2172 740 2216 triginta
780 2172 918 2206 dierum
942 2175 1097 2219 spatium
1122 2174 1167 2207 ad
1198 2174 1371 2220 supplicii
1410 2170 1604 2218 infligendi
1630 2170 1727 2204 deli-

250 2218 478 2252 berationem
505 2218 672 2253 daretur:
697 2225 774 2253 tum
801 2221 840 2254 in
867 2222 1054 2255 ecelesiam
1086 2228 1252 2268 receptus
1278 2228 1344 2264 est,
1370 2226 1471 2255 extra
1496 2219 1645 2267 quidem
1671 2219 1729 2252 al-

250 2267 336 2301 taris
367 2266 573 2308 cancellos,
609 2278 684 2301 non
717 2273 838 2302 autem
876 2269 976 2303 iuxta
1006 2271 1163 2316 priorem
1204 2282 1308 2304 usum
1334 2270 1430 2304 intra
1457 2269 1574 2315 ipsius
1609 2278 1730 2301 sacra-

252 2315 298 2348 rii
326 2319 441 2360 septa.
492 2314 589 2348 unde
628 2327 704 2349 mos
741 2315 787 2349 ad
816 2317 913 2350 hunc
946 2330 1058 2364 usque
1091 2318 1188 2352 diem
1212 2319 1400 2365 praeclare
1441 2316 1589 2364 quidem
1626 2317 1732 2349 inva-

253 2362 345 2403 luit,
371 2362 605 2408 imperatores
628 2363 673 2396 ab
697 2363 803 2398 altari
831 2371 986 2400 semotos
1012 2379 1084 2401 una
1110 2379 1191 2401 cum
1229 2367 1367 2414 populo
1392 2370 1531 2402 stantes
1555 2365 1730 2399 interesse

254 2422 375 2446 sacris.

350 2457 429 2491 1100
456 2457 565 2492 etiam
601 2470 697 2492 anno
736 2470 816 2493 cum
841 2460 946 2494 Nilus
974 2471 1040 2507 pro
1075 2473 1175 2495 more
1199 2474 1274 2496 non
1302 2460 1521 2496 exundasset
1538 2486 1548 2500 ,
1575 2457 1734 2504 gentiles

255 2505 344 2540 laeti
369 2505 465 2539 hanc
490 2505 662 2540 dixerunt
686 2518 764 2540 esse
791 2519 944 2550 causam,
971 2509 1070 2555 quod
1110 2509 1180 2544 diis
1206 2512 1278 2545 suis
1307 2509 1506 2544 sacrificare
1532 2506 1735 2542 interdice-

258 2559 367 2588 retur.
419 2564 462 2587 ea
487 2566 524 2587 re
551 2555 708 2599 cognita,
732 2556 915 2600 piissimus
942 2557 1142 2602 imperator
1157 2558 1365 2605 respondit:
1416 2557 1510 2591 absit
1537 2562 1579 2590 ut
1602 2555 1734 2589 fluvius

258 2602 442 2636 sacrificiis
471 2602 632 2647 gaudens
654 2608 786 2636 terram
811 2604 946 2648 irriget.
974 2604 1063 2639 deus
1089 2612 1210 2640 autem
1242 2607 1381 2641 dictum
1406 2605 1637 2652 imperatoris
1665 2603 1735 2636 sibi

258 2650 434 2696 placitum
460 2656 684 2693 ostensurus,
701 2651 775 2684 Nili
803 2652 1042 2686 exundationi
1067 2654 1158 2689 adeo
1177 2654 1370 2689 benedixit
1394 2660 1432 2689 et
1450 2654 1563 2693 auxit,
1590 2657 1630 2685 ut
1652 2651 1738 2684 uni-

259 2698 353 2732 versi
378 2698 550 2745 Aegyptii
586 2699 626 2732 in
662 2705 799 2732 metum
836 2701 1023 2742 venerint,
1058 2713 1105 2736 ne
1146 2703 1258 2749 ipsam
1298 2714 1446 2751 quoque
1479 2699 1737 2736 Alexandriam

261 2752 361 2780 tanta
384 2758 560 2793 aquarum
589 2746 783 2781 inundatio
810 2746 1046 2794 demergeret.

73 2798 113 2834 Α.
127 2798 166 2833 C.
181 2797 249 2834 385
357 2795 435 2829 Hoc
459 2806 556 2830 anno
574 2795 656 2842 pius
675 2795 874 2843 imperator
893 2796 1136 2841 Theodosius,
1161 2799 1335 2834 consertis
1362 2798 1510 2833 sortiter
1532 2795 1578 2830 ad
1593 2795 1739 2843 Alpium
