1768 3106
262 148 327 216 41
344 147 379 214 4
835 166 1180 209 'nih-ommis

258 269 337 310 τοῦ
366 267 576 321 βασιλέως
617 265 638 307 ὅ
676 265 750 308 τὸν
788 271 978 323 χρυσοῦν
1021 267 1306 325 περικείμενος
1344 266 1527 326 κόσμον,
1557 269 1728 324 α’θρόως

260 333 462 391 διερράγη
491 333 643 377 πεσών.
706 333 730 376 ὅ
759 337 806 378 δὲ
833 335 1038 390 βασιλεύς
1073 335 1232 386 τούτοις
1259 338 1390 378 πᾶσιν
1421 335 1728 391 οἰωνισάμενος,

255 403 485 458 περίλυπος
511 397 578 457 ἦν.
634 404 685 460 τῇ
713 403 759 445 δὲ
788 401 994 460 ὑστεραίᾳ
1023 398 1174 458 ἄνδρες
1201 409 1315 459 τρεῖς
1334 403 1560 458 Σκλαβινοί
1583 402 1630 446 τὸ
1660 407 1728 460 γέ-

253 485 336 526 νος,
366 470 499 526 μηδὲν
529 486 569 512 τι
596 471 802 526 σιὸἠροῦν
841 468 1202 524 περιβαλλόμενοι,
1231 468 1316 512 ὑπὸ
1341 470 1574 524 ςΡωμαίων
1602 471 1728 527 ἐκρα-

253 535 462 594 τήθησαν,
491 536 676 591 κιθάρας
707 535 842 590 μόνας
877 535 1172 590 βαστάζοντες.
1205 537 1226 579 ὁ
1255 539 1301 580 δὲ
1332 536 1536 591 βασιλεύς
1564 537 1764 593 ἤροότα,5

252 604 385 647 πόθεν
411 620 458 646 τε
487 599 571 646 εἶεν
593 602 667 645 καί
690 606 775 645 ποῦ’
802 602 879 653 τὰς
909 601 1131 659 διατριβάς
1157 606 1398 657 ἐποιοῦντος
1427 602 1467 646 οἱ
1497 606 1544 647 δὲ
1573 603 1617 646 τό
1646 607 1727 659 μὲν

252 675 368 728 γένος
401 669 569 729 ἔφασαν
611 674 846 728 πεφυκέναι
875 673 1128 724 Σκλαβινοί·
1204 670 1311 727 πρὸς
1353 674 1401 715 δὲ
1429 673 1487 730 τῷ
1512 675 1621 714 τέλει
1649 675 1727 714 τοῦ

253 741 430 783 δυτικοῦ
461 740 651 781 ὠκεανοῦ
694 739 921 797 ιιόκηκέναι·
1006 738 1081 781 τὸν
1119 740 1167 782 δὲ
1206 737 1406 794 Χαγάνον
1436 740 1543 795 πρὸς
1568 738 1726 790 αὐτοὺς

210 810 479 863 Οπρεσβειάν
510 808 693 862 πέμψαι,
725 808 798 848 καί
823 808 940 862 δῶρα
964 811 1052 856 τοϊς
1077 807 1314 864 ε’θνάρχαις
1343 808 1484 849 αὐτῶν
1507 809 1585 849 τοῦ
1612 824 1722 849 ovu-

245 878 441 930 μαχῆσαι
486 875 601 932 αὐτῷ
652 872 756 916 κατὰ
792 873 1050 928 (Ρωμαίων
1134 872 1173 917 οἱ
1213 877 1260 916 δὲ
1303 872 1536 929 ταξιάρχαι
1578 876 1719 916 αὐτῶν
1738 895 1768 920 ῃ

243 938 497 984 ἀπέστειλαν
525 940 682 991 αὐτοῦς
713 938 1064 996 ἀπολογήσασθαι
1093 945 1155 1001 τῷ
1184 941 1381 1000 Χαγάνῳ,
1412 940 1479 984 ὅτι
1507 941 1558 984 οὔ
1589 941 1719 985 δυ’να-

243 1025 317 1051 ται
361 1007 432 1051 διὰ
472 1008 517 1050 τὸ
572 1011 705 1064 μῆκος
744 1011 818 1065 τῆς
859 1009 962 1051 6δόιῖ
1001 1009 1248 1053 ἀποστεῖλαι
1295 1011 1412 1067 αύτῷ
1448 1009 1717 1066 συμμαχίαν.

243 1075 527 1119 ὀκτωκαίδεκα
560 1077 607 1118 δὲ
639 1079 784 1133 μηνῶν
812 1075 1001 1134 ἔφασκον
1030 1075 1294 1133 ποιήσασθαι
1339 1077 1608 1134 ὁδοιπορίαν,
1646 1077 1720 1120 καί

244 1141 377 1194 οὕτως
404 1148 491 1194 τοῖς
514 1143 754 1198 “Ρωμαιὀις
781 1150 1036 1200 περιπεσεῖν.
1101 1145 1286 1202 κιθάρας
1316 1147 1363 1188 δὲ
1389 1147 1717 1203 περιφέρεσθαι,

245 1212 304 1262 ὥς
329 1211 388 1267 μὴ
421 1210 587 1261 εἰδότας
616 1208 728 1253 ὅπλα
757 1214 1071 1268 περιβαλέσθαι
1099 1211 1192 1256 τινά
1210 1246 1222 1268 ,
1291 1215 1365 1268 τῆς
1401 1211 1549 1268 χώρας
1574 1214 1716 1255 αὐτῶν
1736 1217 1768 1258 1!

242 1277 472 1336 α’γνοοὺσης
501 1278 574 1322 τὸν
603 1279 793 1336 σίδηρον.
867 1278 889 1320 ὃ
920 1280 967 1322 δὲ
1009 1277 1282 1336 αὐτοκράτωρ
1312 1279 1544 1334 θαυμάσας
1569 1279 1646 1335 τήν
1674 1295 1716 1322 τε

239 1346 409 1403 ἡλικίαν
451 1348 526 1389 καί
560 1345 613 1390 τοὶ
657 1348 819 1403 μεγέθη
847 1349 930 1389 τῶν
958 1346 1171 1401 σωμάτων
1201 1349 1345 1390 αὐτῶν
1381 1350 1622 1402 ἐπαινέσας,
1657 1349 1718 1397 εἰς

231 1402 492 1470 ζῙΙροίκλειαν
527 1413 699 1465 ἀὐτοὺς
741 1416 1033 1470 παρέπεμψεν.
1090 1416 1344 1470 καταλαβών
1372 1417 1420 1458 δὲ
1446 1415 1522 1471 τὴν
1546 1417 1717 1470 Ἀγχία-

240 1486 337 1537 λον,
377 1483 451 1524 καί
483 1480 638 1536 μαθών
673 1478 740 1523 ὅτι
783 1484 981 1537 πρέσβεις
1015 1483 1075 1533 εἷς
1115 1481 1160 1525 τὸ
1193 1482 1430 1535 Βυζάντιον
1459 1485 1647 1539 Περσῶν
1673 1500 1716 1527 τε

194 1550 316 1592 1)καί
343 1549 552 1605 Φράγκων
582 1550 873 1606 παρεγένοντο,
901 1549 1166 1607 ὑπέστρεψεν
1196 1551 1257 1600 εἰς
1283 1549 1334 1593 τοὶ
1365 1552 1581 1605 βασίλεια.
1729 1567 1768 1593 2(

336 1698 370 1731 3.
398 1702 498 1743 τρεῖς
525 1708 594 1730 om.
622 1696 652 1731 A
676 1707 695 1729 a
721 1697 747 1732 f.
862 1709 895 1742 7.
924 1696 1104 1743 σιδηροῦν
1122 1699 1160 1739 Α,
1189 1697 1343 1745 σίδηρον
1368 1697 1463 1742 vulg.
1561 1711 1595 1743 7.
1619 1694 1718 1745 πρὸς

337 1745 378 1781 δὲ
401 1746 453 1792 τῷ
484 1747 579 1782 τέλει
601 1745 667 1781 τοῦ
705 1745 856 1779 dunno&
893 1743 1073 1781 Ὠκεανοῦ
1111 1746 1161 1787 Α,
1186 1743 1285 1793 πρὸς
1319 1747 1370 1792 τῷ
1406 1748 1499 1782 τέλει
1518 1745 1593 1780 Ὠκ.
1621 1747 1715 1791 vulg.

331 1807 365 1840 9·
394 1794 603 1843 ἐθνάρχαις
627 1794 674 1834 A,
700 1793 901 1839 ἐθνάρχοις
937 1794 1032 1838 vulg.
1170 1804 1221 1828 ιι.
1260 1794 1420 1830 δύναται
1458 1795 1505 1835 Α,
1533 1793 1717 1830 δύνανται

330 1841 426 1887 vulg.
555 1843 606 1875 15.
634 1840 780 1880 εἰδότας
804 1844 846 1883 A,
873 1841 1012 1881 εἰδότες
1037 1841 1131 1886 vulg.
1267 1844 1318 1877 16.
1345 1838 1412 1879 τὸν
1438 1842 1512 1877 old*-
1540 1841 1581 1884 Α,
1605 1838 1646 1878 τὸ
1679 1853 1713 1878 σ.

332 1889 430 1935 vulg.
525 1900 584 1924 20.
615 1890 863 1937 Φραγγάνων
888 1890 928 1923 A.

237 2030 321 2071 ptus
349 2030 414 2059 est.
473 2026 552 2060 istis
584 2026 753 2060 omnibus
791 2032 965 2073 tanquam
1002 2026 1183 2060 ominibus
1218 2027 1382 2060 intentus
1422 2027 1631 2072 imperator,
1655 2033 1713 2061 ta-

237 2074 310 2107 cito
337 2085 499 2107 moerore
538 2075 812 2109 conficiebatur.
873 2081 1019 2120 postera
1059 2075 1138 2108 luce
1171 2074 1239 2107 viri
1277 2080 1349 2108 tres
1376 2075 1621 2108 Sclavinorum
1649 2087 1712 2120 ge-

236 2132 323 2154 nere
349 2122 420 2154 orti
444 2121 549 2155 nullo
583 2122 678 2156 ferro
711 2123 770 2156 vel
808 2123 929 2167 gladio
965 2123 1135 2164 accincti,
1171 2121 1236 2155 sed
1273 2122 1419 2155 citharis
1458 2123 1712 2157 tantummodo

235 2168 430 2211 instructi,
456 2181 477 2202 a
505 2171 675 2204 Romanis
714 2171 809 2215 capti
852 2177 946 2204 sunt.
998 2170 1096 2204 uude
1125 2169 1312 2203 traherent
1338 2176 1467 2212 ortum,
1494 2171 1551 2204 vel
1576 2183 1712 2205 moram

238 2216 423 2258 facerent,
453 2218 649 2263 imperator
681 2229 819 2263 rogare.
882 2218 938 2251 illi
972 2229 1009 2251 se
1035 2228 1166 2262 genere
1205 2217 1408 2258 sclavinos,
1442 2224 1478 2252 et
1501 2218 1547 2252 ad
1584 2221 1712 2253 oceani

238 2263 370 2298 limites
397 2263 564 2298 habitare
600 2265 879 2310 responderunt.
939 2265 1144 2311 Chaganum
1185 2270 1306 2298 autem
1341 2266 1479 2310 legatos
1505 2266 1551 2300 ad
1577 2277 1616 2301 se
1640 2268 1712 2300 mi-

239 2312 349 2354 sisse,
388 2318 425 2346 et
462 2312 624 2346 tribuum
661 2324 806 2347 suarum
841 2314 1045 2358 praefectos
1082 2311 1291 2346 muneribus
1319 2314 1545 2356 sollicitasse,
1574 2319 1614 2349 ut
1641 2315 1712 2348 sibi

242 2360 430 2406 suppetias
457 2360 628 2394 adversus
647 2362 827 2395 Romanos
854 2360 1011 2394 ferrent:
1038 2371 1076 2394 se
1103 2371 1187 2394 vero
1214 2360 1258 2393 ab
1287 2361 1507 2396 familiarum
1532 2362 1712 2410 capitibus

240 2409 380 2450 missos,
405 2409 468 2454 qui
495 2419 556 2442 eos
590 2408 688 2454 apud
718 2408 1177 2453 Chaganumcxcusarent,
1213 2408 1312 2454 quod
1335 2409 1382 2443 ob
1407 2410 1547 2444 viarum
1575 2417 1722 2445 remota,

241 2457 433 2490 intervalla
460 2467 604 2490 manum
633 2456 845 2489 auxiliarem
873 2457 907 2489 ei
943 2456 1118 2501 praebere
1143 2462 1341 2502 nequeant.
1400 2457 1603 2492 octodecim
1626 2470 1713 2493 vero

240 2505 420 2538 mensium
445 2505 516 2538 iter
540 2503 759 2546 confecisse,
786 2515 829 2537 ac
851 2503 901 2537 ita
920 2503 1062 2537 demum
1086 2504 1125 2537 in
1150 2505 1392 2539 Romanorum
1416 2517 1542 2540 manus
1560 2517 1598 2540 se
1626 2518 1714 2552 pro-

241 2552 363 2597 lapsos
387 2552 663 2590 asseverabant:
687 2551 842 2586 citharas
875 2557 996 2585 autem
1016 2551 1313 2596 circumduxisse3
1340 2554 1378 2587 in
1404 2554 1550 2598 regione
1573 2555 1712 2600 quippe

242 2599 329 2633 ferri
354 2601 473 2634 nescia
496 2606 613 2641 natos,
642 2600 748 2634 armis
769 2610 844 2633 non
871 2604 1032 2633 assuetos
1057 2610 1094 2632 se
1118 2605 1253 2644 tegere.
1304 2601 1500 2647 imperator
1526 2602 1711 2636 hominum

241 2653 415 2682 staturam
439 2648 602 2690 miratus,
624 2647 771 2682 laudata
795 2647 957 2695 corporis
982 2658 1107 2681 eorum
1123 2649 1354 2694 proceritate,
1380 2650 1477 2695 ipsos
1503 2650 1712 2684 Heracleam

242 2696 351 2730 misit.
403 2697 490 2730 inde
515 2707 592 2730 cum
621 2695 834 2730 Anchialum
860 2696 1030 2740 venisset,
1056 2695 1101 2729 (le
1125 2696 1325 2740 legatorum
1350 2708 1370 2729 a
1397 2697 1510 2731 Persis
1539 2703 1575 2731 et
1600 2698 1711 2731 Fran-

243 2744 292 2776 cis
329 2744 518 2779 missorum
554 2743 715 2780 adventu
762 2742 896 2778 certior
930 2742 1069 2790 factus2
1104 2745 1316 2788 Byzantium
1353 2750 1390 2779 et
1427 2745 1560 2791 regiam
1590 2756 1712 2780 rever-

244 2791 344 2825 titur.
