1768 3106
238 158 352 222 358
796 180 1144 224 THEOPHAMS

236 303 323 343 ρια,
352 284 434 329 aad
461 287 533 341 τῆς
565 285 743 340 Χρυσῆς
772 281 930 340 πόρτης
961 283 1040 333 ἕως
1075 284 1150 325 τοῦ
1174 278 1396 325 Ῥουσιόυ·
1454 284 1528 325 καί
1553 285 1626 325 οὐκ
1659 277 1710 338 ἦν

234 351 364 405 τόπος
389 349 418 410 ἢ
449 351 724 408 προάστειον,
759 348 781 394 ὃ
812 352 888 393 οὐκ
926 350 1075 393 ἔπεσεν
1101 347 1183 392 α’πὸ
1219 351 1294 405 τῆς
1322 352 1510 406 φοβερᾶς
1536 352 1709 405 α’πειλῆς

194 422 311 464 Βτοῦ
339 421 534 474 σεισμοῦ.
589 417 635 461 τό
659 420 708 461 δὲ
728 417 895 474 Ῥήγιον
917 420 1142 461 κατέπεσεν
1169 414 1249 466 ἕως
1279 415 1481 473 ἐδάφους,
1515 414 1620 460 ὥστε
1649 418 1707 473 μὴ

230 488 516 544 γνωρίζεσθαι
549 484 671 529 αὐτό.
730 483 855 528 ἔπεσε
886 487 933 528 δὲ
959 482 983 540 ἧ
1013 483 1211 541 ἐκκλησία
1241 485 1315 527 τοῦ
1342 483 1466 538 ἁγίου
1487 487 1712 542 Στρατονί-

232 571 308 596 κου
344 553 418 597 καί
433 556 697 596 Καλλινίκου
725 553 805 604 ἕως
836 551 1040 610 ἐδάφους,
1073 550 1119 594 αἱ
1140 547 1267 594 οὖσαι
1294 551 1339 594 ἐν
1367 553 1423 608 τῷ
1447 550 1609 611 Ῥηγίῳ.
1638 550 1748 595 καί5

232 621 254 663 ὃ
285 624 387 664 κίων
431 623 479 663 δὲ
508 621 530 663 ὅ
580 621 831 677 πορφυροῦς
870 619 894 662 ὅ
937 617 1071 670 ἑστώς
1113 617 1357 674 ἔμπροσθεν
1397 620 1476 661 τοῦ
1501 620 1709 662 παλατιόυ

229 689 570 732 Ἰουκουνδιανῶν
594 687 699 742 μετὰ
732 691 807 743 τῆς
840 689 1104 744 ἐπικειμένης
1146 686 1263 744 αὐτῷ
1295 685 1448 743 στήλης
1477 685 1614 743 ἔπεσε,
1641 689 1713 729 καί

230 755 366 812 ἐπάγη
394 758 454 806 εἰς
492 755 569 810 τὴν
595 759 674 811 γῆν
702 755 837 805 πόδας
867 755 989 798 ὀκτώ.
1059 753 1184 797 ἔπεσε
1213 756 1260 796 δὲ
1290 757 1363 797 καί
1395 753 1422 811 ἦ
1451 754 1584 811 στήλη
1616 756 1711 810 Ἀρ-

231 825 381 866 καδίου
410 824 488 872 τοῦ
510 826 721 878 βασιλέως
750 822 776 878 ἦ
807 824 868 873 εἰς
900 822 978 879 τήν
1012 822 1154 876 α’ψι’δα
1193 823 1271 864 τοῦ
1305 819 1487 879 Ταύρου,
1515 821 1541 878 ἦ
1571 822 1631 871 εἷς
1662 819 1709 863 τὸ

231 888 459 947 ἀριστερόν
485 893 615 946 μέρος
642 888 822 947 ἑστῶσα,
851 890 923 933 καὶ
958 892 1106 933 πολλοὶ
1135 887 1299 933 ἔπαθον
1330 891 1375 932 ἐν
1395 896 1483 939 τοῖς
1509 888 1711 944 συμπτώ-
1730 901 1768 927 tt

190 965 372 1012 (ἓμασιν.
431 956 567 1014 ἕτεροι
596 959 644 1001 δὲ
671 961 772 1012 μεθ’
809 957 972 1014 ἡμέρας
1002 956 1112 1000 dna}
1143 957 1489 1014 καταληφθέντες
1515 955 1599 1000 ὑπὸ
1628 959 1712 1006 τῶν

229 1029 567 1083 συμπτωμάτων,
598 1025 868 1081 διεσώθησαν
901 1024 1010 1079 μετά
1043 1024 1123 1067 δύο
1141 1027 1214 1068 καί
1232 1031 1346 1080 τρεῖς
1375 1023 1551 1082 ἡμέρας.
1582 1024 1710 1081 η’κού·

228 1096 314 1149 σθη
348 1095 395 1135 δὲ
423 1090 487 1136 ὅτι
517 1094 591 1136 καί
617 1094 662 1135 ἑν
695 1090 863 1147 ἑτέραις
891 1093 1063 1136 πόλεσιν
1091 1091 1137 1135 τὸ
1177 1092 1284 1135 αιῖτὸ
1315 1095 1470 1147 γέγονε.
1527 1095 1713 1136 τοιοῦτον

227 1159 310 1216 γὰρ
343 1163 478 1216 μέγαν
510 1160 582 1203 καί
621 1160 810 1217 φοβερὸν
839 1158 1018 1214 σεισμὸν
1058 1161 1112 1202 ου’
1140 1162 1353 1215 μέμνηται
1383 1155 1612 1216 ἄνθρωπος
1641 1162 1715 1202 έπί

200 1241 201 1244 ’
229 1231 306 1284 τῆς
333 1230 409 1284 γῆς
443 1230 488 1270 ἐν
515 1230 566 1286 τῇ
595 1227 716 1286 γενεᾷ
745 1229 894 1286 ἐκείνῃ.
972 1227 1137 1281 ἔμεινεν
1167 1229 1214 1269 δὲ
1247 1228 1443 1284 σειομένη
1474 1227 1499 1283 ἢ
1526 1230 1579 1283 γῆ
1607 1227 1711 1283 ἧμέ-
1730 1226 1768 1268 ιέ

233 1312 312 1350 ρας
343 1313 412 1337 και
441 1293 588 1344 νυκτὸς
618 1293 743 1353 [μετὰ
775 1296 1119 1351 φιλανθρωπίας]
1161 1294 1326 1350 ἡμέρας
1356 1296 1479 1351 δέκα,
1508 1312 1579 1337 και
1606 1294 1712 1351 πρὸς

232 1363 372 1417 ὀλίγον
396 1361 436 1405 οἱ
466 1359 692 1419 ἅνθρωποι
720 1362 1009 1418 κατενύγησαν
1038 1361 1325 1412 λιτανεύοντες
1342 1397 1353 1418 ,
1384 1364 1712 1419 φιλανθρωπίας

233 1432 280 1472 δὲ
309 1431 532 1487 γενομένης
577 1429 695 1486 παρὰ
726 1431 846 1485 θεου,
875 1430 949 1471 ἐπι
976 1428 1023 1472 τὸ
1063 1435 1211 1485 χεῖρον
1240 1428 1368 1470 πάλιν
1394 1427 1630 1483 γεγόνασιν.
1688 1427 1710 1471 ὃ

232 1499 280 1540 δὲ
311 1496 519 1552 βασιλεὺς
553 1498 629 1539 οὐκ
665 1496 872 1553 ἐφόρεσεν
902 1495 947 1539 τὸ
980 1498 1148 1551 στέμμα
1177 1512 1247 1538 επι
1276 1494 1439 1553 ἡμέρας
1466 1492 1523 1550 μ’.
1598 1494 1706 1538 ἄλλα

333 1669 361 1691 1.
380 1655 528 1701 Ῥησίου
552 1656 589 1698 b,
607 1655 755 1692 Ῥυσίου
781 1655 806 1689 f.
952 1655 987 1689 3.
1013 1657 1220 1692 κατέπεσεν
1243 1667 1274 1698 e,
1311 1668 1426 1696 ουτως
1454 1656 1591 1693 ἔπεσεν
1612 1657 1708 1702 vulg.

329 1718 363 1752 7.
389 1704 700 1740 Ἰουκουνδιανῶν
736 1705 845 1738 Goar.
876 1714 920 1736 ex
944 1704 1041 1738 Proc.
1070 1703 1115 1737 de
1150 1703 1717 1761 Aed.Iust„’10vx0v0‹52ava3v·

328 1765 349 1786 a
379 1754 408 1795 f,
445 1752 742 1800 Ἴουκαρδιανῶν
768 1751 866 1796 vulg·
967 1763 1021 1786 1¹.
1050 1753 1371 1800 καταληφθέντων
1397 1752 1433 1785 b·
1538 1756 1589 1788 ι6.
1614 1747 1708 1801 μετὰ

332 1803 628 1849 φιλανθρωπίας
652 1799 850 1834 delendum
874 1798 1033 1835 videtur.

234 1933 419 1967 vincentii
450 1933 624 1979 templum
641 1958 651 1974 ‚
675 1932 855 1979 pluraque
881 1932 1113 1966 ecclesiarum
1149 1932 1290 1973 altaria,
1324 1943 1392 1966 nec
1414 1943 1488 1966 non
1514 1931 1663 1972 ciboria,
1688 1943 1710 1965 a

235 1981 371 2025 Chryse
400 1986 504 2026 porta
539 1981 586 2014 ad
612 1992 691 2014 eam
717 1992 810 2026 quae
838 1981 960 2022 Rusii,
989 1986 1220 2014 corruerunt:
1259 1991 1382 2026 neque
1406 1981 1506 2014 locus
1529 1985 1592 2013 aut
1618 1979 1708 2012 sub-

235 2028 414 2061 urbanum
439 2029 628 2074 praedium
657 2029 791 2070 extitit,
817 2028 918 2075 quod
949 2028 995 2062 ab
1020 2027 1200 2062 horrenda
1226 2034 1342 2062 terrae
1369 2028 1708 2072 motus›agitatione

234 2077 407 2110 iacturam
437 2089 512 2110 non
539 2077 676 2110 tulerit.
739 2076 784 2109 ad
819 2077 935 2110 solum
973 2082 1095 2110 autem
1135 2086 1250 2121 usque
1294 2076 1344 2109 ita
1383 2075 1616 2109 deturbatum
1655 2081 1710 2109 est

235 2123 421 2168 Rhegium,
451 2130 492 2158 ut
516 2125 580 2157 ubi
605 2124 788 2170 quondam
818 2125 971 2165 steterit,
996 2135 1064 2157 nec
1086 2124 1173 2169 ipsis
1202 2123 1317 2156 oculis
1345 2129 1494 2157 extaret.
1542 2123 1589 2156 ad
1619 2123 1709 2156 haec

235 2177 441 2205 sanctorum
467 2172 662 2205 stratonici
687 2178 726 2206 et
750 2172 922 2205 Callinici
947 2172 1134 2212 ecclesiae,
1161 2182 1255 2216 quae
1281 2171 1320 2205 in
1349 2171 1498 2217 Rhegio,
1523 2171 1569 2204 ad
1597 2172 1708 2204 imum

235 2230 351 2264 usque
380 2219 498 2252 solum
528 2230 700 2253 eversae:
729 2219 794 2253 sed
819 2225 857 2254 et
889 2218 1144 2265 porphyretica
1178 2219 1346 2252 columna
1373 2230 1391 2252 e
1422 2219 1549 2265 palatii
1573 2220 1710 2252 Iucun-

235 2266 423 2300 dianarum
451 2266 597 2311 regione
622 2273 754 2309 erecta,
779 2279 852 2301 una
877 2279 957 2301 cum
975 2266 1200 2313 superposita
1229 2266 1297 2300 sibi
1322 2272 1440 2301 statua
1465 2266 1614 2308 decidit,
1643 2266 1709 2300 de-

234 2315 406 2360 fossaque
430 2320 484 2348 est
509 2315 549 2348 in
574 2320 706 2348 terram
732 2315 843 2361 pedes
872 2320 966 2349 octo.
1017 2315 1154 2348 corruit
1180 2314 1288 2348 etiam
1327 2315 1366 2348 in
1391 2320 1522 2349 terram
1548 2316 1708 2360 impera-

233 2363 323 2395 toris
348 2361 494 2395 Arcadii
529 2367 669 2404 statua,
695 2363 741 2396 ad
767 2374 868 2396 arcus
901 2362 1015 2396 Tauri
1041 2367 1180 2408 partem
1207 2363 1387 2397 sinistram
1414 2364 1551 2409 posita:
1579 2363 1708 2396 multi-

236 2422 307 2456 que
341 2410 454 2443 ruinis
483 2410 668 2455 oppressi:
706 2410 829 2456 plures
865 2417 949 2456 post
982 2415 1063 2443 octo
1101 2409 1178 2443 dies
1218 2410 1284 2443 sub
1311 2411 1427 2444 ruinis
1465 2412 1600 2456 reperti
1625 2415 1708 2456 post

234 2457 313 2491 dies
340 2457 427 2491 duos
456 2463 519 2490 aut
542 2462 613 2490 tres
639 2458 839 2491 incolumes
868 2456 1070 2492 evaserunt.
1122 2459 1212 2503 quin
1239 2459 1347 2492 etiam
1376 2460 1414 2492 in
1440 2459 1522 2492 aliis
1549 2457 1708 2492 eivitati-

234 2505 303 2539 bus
337 2504 433 2539 idem
470 2506 663 2550 contigisse
692 2505 857 2539 relatum.
933 2506 1028 2551 paris
1056 2505 1151 2539 enim
1187 2512 1224 2539 et
1265 2518 1382 2553 aeque
1408 2507 1526 2552 magni
1559 2505 1707 2540 terribi-

234 2555 356 2605 lisque
382 2558 497 2587 terrae
522 2559 642 2587 motus
666 2552 823 2594 famam,
849 2564 892 2586 ea
916 2551 1104 2586 hominum
1130 2559 1274 2596 aetate,
1299 2566 1364 2600 per
1389 2555 1594 2588 universum
1632 2559 1707 2587 ter-

234 2613 373 2635 rarum
395 2600 518 2635 orbem
555 2612 592 2634 se
627 2600 806 2634 audivisse
844 2612 952 2634 nemo
981 2602 1160 2635 meminit.
1216 2602 1496 2636 concutiebatur
1532 2602 1705 2635 continuo

232 2655 327 2683 terra
356 2649 419 2682 diu
447 2654 631 2695 noctuque
656 2660 721 2693 per
745 2648 821 2682 dies
847 2649 1007 2694 integros
1047 2649 1191 2690 decem,
1227 2662 1302 2684 non
1326 2650 1533 2684 abalienata
1559 2650 1706 2695 penitus

233 2697 292 2730 dei
321 2697 535 2738 clementia,
575 2702 612 2730 et
646 2696 693 2730 ad
718 2695 828 2731 breve
854 2697 1013 2742 spatium
1044 2696 1208 2731 homines
1236 2698 1505 2743 processionum
1538 2697 1707 2743 precibus

232 2746 365 2778 attenti
403 2744 449 2778 ad
490 2745 756 2791 poenitentiam
795 2750 881 2778 sunt
904 2745 1079 2778 revocati:
1117 2745 1175 2779 dei
1200 2757 1285 2779 vero
1314 2745 1575 2779 humanitatem
1601 2756 1707 2778 secus

231 2794 305 2826 rius
328 2792 483 2839 experti,
507 2794 545 2827 iti
562 2792 741 2828 deteriora
771 2804 909 2826 rursum
940 2792 1103 2827 facinora
1129 2799 1222 2828 retro
1248 2794 1341 2840 lapsi
1369 2798 1463 2828 sunt.
1513 2793 1707 2839 imperator
