1786 3204
262 149 374 187 222
832 145 1182 194 THEOPHAle

256 248 651 305 ἑπαναδραμόντος,
692 242 800 292 ὥστε
845 247 1126 303 ἐπιδιώξαντα
1145 246 1364 306 Ῥωμανόν
1390 250 1451 310 μὴ
1484 255 1741 310 καταλαβεῖν

255 317 358 370 τούς
385 314 583 374 ἐχθρούς.
638 354 640 356 .

373 384 516 445 Τούτῳ
561 386 623 442 τῷ
659 383 747 428 ἔτει
792 388 867 428 καί
895 383 934 428 οἱ
976 386 1230 440 καλούμενοι
1256 385 1501 444 Βούλγαροι
1528 391 1587 447 τῷ
1609 391 1741 433 Ἰλλυ-

257 455 361 513 ρικῷ
394 456 467 497 καί
498 453 645 512 Θρᾴκῃ
675 454 948 510 ἐπιτρέχουσι
974 456 1076 509 πρίν
1103 457 1350 511 γνωσθῆναι
1378 453 1554 508 αὐτούς.

42 526 242 574 Α.Μ.5995
362 519 669 578 Ἱεροσολύμων
697 518 930 564 ἐπισκόπου
963 523 1228 564 Σαλουστιου
1262 520 1352 573 ἔτος
1385 520 1439 566 α’.
1755 525 1780 566 5

122 593 158 627 P.
180 591 242 637 124
315 624 319 629 ,
374 589 518 648 Τούτῳ
557 590 613 646 τῷ
643 586 729 631 ἔτει
772 590 997 632 σπένδεται
1026 587 1135 644 πρὸς
1156 589 1354 646 ’Λρέθαν
1383 587 1742 646 ὃἈναστάσιος,

251 657 324 701 τόν
354 658 663 712 Βαὸιχαρᾲιου
704 659 778 699 καί
804 653 994 712 Ἀγάρου
1025 659 1220 712 πατέρα,
1262 657 1337 701 τὸν
1377 660 1452 715 τῆς
1486 657 1742 716 Θαλαβάνης

253 723 508 782 λεγόμενον,
538 722 614 766 καί
642 722 792 767 λοιπόν
828 726 945 767 πᾶσα
975 723 1002 780 ἦ
1032 724 1308 782 Παλαιστίνη
1346 729 1421 770 καί
1445 727 1640 783 Ἀραβία
1659 729 1744 776 ,καί

214 795 434 850 ΒΦοινίκη
465 794 621 848 πολλῆς
664 790 847 849 γαλήνης
886 791 961 835 καί
987 789 1156 849 εἰρήνης
1184 792 1420 849 α’πήλαυον.
1479 796 1525 837 ἐν
1554 797 1740 838 Νεοκαι..

251 865 406 920 σαρείᾳ
447 862 496 903 δὲ
534 863 759 914 μέλλοντος
805 860 1005 915 γίνεσθαι
1035 862 1220 914 σεισμοῦ
1230 894 1242 916 ‚
1286 862 1544 919 στρατιώτης
1577 860 1786 905 ὄδεύωνιι

250 926 310 980 ὦς
339 929 415 972 δύο
444 925 717 984 στρατιώτας
746 929 812 970 ἐπ’
843 926 982 984 αὐτὴν
1028 923 1141 970 εἷὸέν
1170 928 1247 971 καί
1272 923 1450 974 ὄπισθεν
1479 925 1608 973 ἄλλον
1635 929 1740 987 κρα-

253 999 401 1050 ζοντα·
467 994 686 1053 φυλάξατε
726 995 800 1038 τὸν
829 991 968 1050 οἶκον,
1007 998 1053 1039 ἐν
1081 989 1116 1055 ᾧ
1142 993 1167 1052 ἦ
1200 997 1311 1053 θήκη
1340 999 1382 1040 Γ
1378 1000 1581 1054 ρηγορίου
1611 999 1739 1041 ἐστίν.

249 1067 477 1121 γενομένου
511 1065 559 1107 δὲ
587 1066 782 1120 σεισμοῦ,
812 1063 859 1106 τὸ
891 1067 1088 1107 πλεῖστον
1103 1065 1236 1121 μέρος
1262 1067 1336 1121 τῆς
1355 1064 1518 1116 πόλεως
1549 1064 1739 1123 ἐπαύθη,

250 1134 360 1191 πλὴν
390 1134 468 1175 τοῦ
501 1129 624 1188 ἁγίου
655 1133 697 1173 Γ
695 1134 911 1188 ρηγοριόυ.

38 1210 129 1245 ΑΜ.
145 1211 238 1258 5996
369 1199 515 1259 Τούτῳ
562 1200 621 1259 τῷ
645 1197 728 1243 ἔτει
759 1199 972 1255 Καβάδης
1014 1198 1038 1240 ὅ
1069 1203 1151 1243 τῶν
1182 1201 1368 1256 Περσῶν
1397 1200 1603 1255 βασιλεὺς
1627 1199 1739 1258 χρή-
1759 1211 1786 1245 r!

210 1261 366 1325 Οματα
398 1268 556 1327 οἷπῂτει
583 1265 886 1312 Ἀναστάσιον.
943 1264 966 1308 ὃ
1006 1268 1055 1310 δὲ
1086 1267 1393 1323 Ἀναστοίσιος,
1426 1269 1469 1312 εἰ
1489 1271 1571 1323 μὲν
1600 1272 1741 1312 δανεί-

247 1341 414 1381 σασθαι
441 1336 664 1391 βούλοιτο,
707 1333 922 1392 ἔγγραφον
966 1334 1193 1391 ὁμολογίαν
1223 1333 1364 1391 ἔλεγεν
1390 1339 1592 1393 ποιῆσαι,
1624 1339 1665 1380 εἰ
1692 1339 1741 1381 δὲ

247 1401 360 1464 ἄλλῳ
392 1406 560 1463 τρόπῳ,
606 1402 666 1461 μὴ
705 1404 888 1446 διδόναι.
955 1401 1058 1446 ὅθεν
1105 1404 1469 1460 παρασπονδήσας
1512 1408 1740 1462 γενομένην

247 1473 355 1530 πρὸς
388 1471 616 1516 Θεοδόσιον
645 1469 720 1516 τὸν
748 1473 843 1515 νέον
873 1469 1119 1530 ἔμπροσθεν
1149 1469 1330 1530 εἰρήνην,
1380 1474 1608 1531 ἐπέρχεται
1633 1472 1739 1529 μετὰ

349 1646 379 1669 ι.
405 1633 503 1669 ὥστε
530 1633 629 1670 ἐπιδ.
657 1633 699 1676 Α,
730 1633 828 1670 ὥστε
854 1634 951 1683 μηδὲ
980 1634 1078 1670 ἔπιδ’.
1107 1634 1206 1679 vulg.
1366 1630 1418 1681 μὴ
1444 1635 1670 1681 καταλαβεῖν
1696 1634 1738 1676 Α,

343 1684 569 1730 καταβαλεῖν
605 1682 704 1728 vulg.
877 1684 909 1716 3.
935 1683 1154 1730 Βούλγαροι
1189 1684 1215 1716 Α
1241 1693 1261 1715 e
1288 1681 1324 1723 f,
1366 1684 1602 1731 Βουλγοὲρεις
1640 1684 1737 1728 vulg.

348 1734 401 1777 ¹4.
427 1725 523 1776 πλὴν
547 1731 614 1766 τοῦ
639 1731 668 1764 Α
694 1742 714 1764 a
742 1731 776 1771 f,
805 1726 903 1774 πλὴν
926 1731 994 1767 τοῦ
1020 1731 1117 1768 ναοῦ
1144 1731 1211 1766 τοῦ
1236 1731 1333 1775 vulg.
1489 1732 1555 1767 τοῦ
1582 1734 1736 1779 θαυμα-

341 1779 510 1827 τούργου
534 1779 619 1813 add.
652 1779 676 1813 b
702 1784 785 1826 post
812 1781 1034 1827 Γρηγορίου.
1149 1780 1200 1813 16.
1226 1777 1481 1816 Ἀναστάσιον
1506 1781 1549 1821 Α,
1569 1778 1738 1817 Ἀθανά-

338 1839 430 1867 σιον
453 1829 553 1874 vulg.

246 1973 329 2008 dam
354 1973 487 2007 iterum
514 1978 736 2013 recurrente,
763 1971 853 2006 adeo
883 1977 925 2007 ut
948 1973 1141 2013 Romanus,
1166 1971 1231 2018 qui
1256 1982 1320 2005 eos
1345 1969 1621 2018 insequebatur,
1649 1983 1738 2006 nus-

243 2034 352 2069 quam
378 2022 523 2068 assequi
547 2022 718 2055 valuerit.

339 2070 419 2104 Hoc
457 2069 566 2102 etiam
604 2081 701 2103 anno
741 2069 804 2114 qui
839 2073 1016 2102 vocantur
1057 2067 1204 2113 Bulgari
1243 2067 1493 2102 excursionem
1535 2068 1574 2101 in
1611 2067 1735 2113 Illyri-

242 2130 326 2152 cum
350 2124 388 2152 et
418 2117 615 2151 Thraciam
651 2117 837 2159 fecerunt,
879 2128 961 2150 cum
986 2116 1151 2150 nondum
1185 2127 1311 2149 eorum
1343 2116 1446 2150 natio
1473 2115 1664 2150 audiretur
1689 2116 1737 2150 de

242 2166 406 2201 nomine.

52 2231 78 2265 A
109 2230 177 2276 04
210 2231 228 2265 5
340 2212 673 2256 Hierosolymorum
702 2212 866 2257 episcopi
897 2211 1049 2245 Salustii
1076 2223 1194 2245 annus
1218 2211 1369 2257 primus.

87 2257 93 2264 ⁸
141 2257 149 2264 ’
183 2244 207 2278 9
341 2263 419 2296 Hoc
454 2272 551 2294 anno
580 2261 792 2294 Anastasius
831 2271 911 2292 curn
938 2259 1096 2301 Aretha‚
1126 2260 1190 2305 qui
1217 2259 1451 2294 Thalabanes
1481 2259 1578 2294 filius
1606 2260 1739 2296 audie-

243 2310 320 2354 bat,
351 2316 388 2344 et
408 2309 648 2343 Badicharimi
670 2320 739 2341 nec
764 2318 838 2340 non
858 2309 963 2352 Agari
985 2315 1099 2354 paler,
1126 2307 1256 2341 foedus
1282 2308 1472 2353 percussit,
1497 2319 1538 2341 ac
1562 2310 1611 2343 ita
1630 2310 1737 2344 dein-

243 2372 329 2406 ceps
357 2358 562 2393 Palaestina
588 2357 717 2398 omnis,
746 2355 877 2389 Arabia
905 2362 942 2389 et
968 2355 1165 2390 Phoenicia
1190 2355 1373 2401 profunda
1399 2356 1670 2402 tranquillitate
1698 2363 1736 2392 et

243 2419 335 2456 pace
361 2406 591 2441 fruebantur.
661 2405 934 2438 Neocaesareae
960 2415 1044 2438 vero
1070 2415 1151 2437 cum
1177 2409 1294 2438 terrae
1322 2410 1443 2438 motus
1469 2405 1615 2439 iamiam
1640 2412 1736 2441 esset

244 2459 411 2498 futurus,
435 2454 540 2488 miles
570 2452 720 2500 quidam
748 2463 856 2497 agens
884 2452 954 2486 iter
983 2458 1157 2498 tanquam
1185 2451 1275 2486 duos
1302 2453 1438 2486 milites
1468 2452 1610 2488 civitati
1633 2454 1736 2489 videt

243 2505 479 2540 imminentes
507 2502 693 2547 aliumque
726 2512 747 2533 a
783 2506 885 2544 tergo
924 2500 1162 2533 clamantem:
1198 2506 1338 2534 servate
1373 2500 1543 2543 domum,
1582 2502 1620 2535 in
1663 2515 1735 2548 qua

245 2552 415 2598 Gregorii
445 2550 601 2585 loculus.
652 2559 811 2594 moxque
835 2549 1029 2594 insequuto
1060 2554 1178 2582 terrae
1215 2554 1314 2583 motu
1342 2549 1442 2583 urbis
1469 2561 1552 2596 pars
1576 2551 1736 2596 plurima

245 2602 403 2642 corruit,
431 2605 578 2646 praeter
603 2598 719 2631 sancti
740 2596 904 2641 Gregorii
932 2596 1123 2642 templum.

54 2664 80 2698 Α
110 2662 138 2697 C
163 2662 182 2710 4
209 2662 233 2695 6
345 2650 422 2683 Hoc
450 2659 546 2682 anno
574 2645 737 2680 cabades
760 2645 946 2679 Persarum
972 2656 1035 2678 rex
1059 2644 1234 2690 pecunias
1263 2644 1434 2690 exigebat
1460 2645 1506 2679 ab
1531 2646 1734 2680 Anastasio.

88 2689 94 2696 ”
141 2688 148 2696 ’
185 2675 208 2708 9
244 2697 457 2731 Anastasius
482 2695 691 2730 cautionem
720 2692 876 2727 scribere
902 2692 1020 2734 iussit,
1045 2693 1074 2726 si
1098 2692 1207 2726 modo
1223 2699 1391 2728 mutuum
1409 2694 1573 2740 accipere
1597 2695 1734 2729 vellet:

245 2746 386 2792 alioqui
417 2756 454 2778 se
480 2743 600 2778 nullas
627 2742 812 2776 daturum.
877 2751 920 2774 ex
961 2751 1034 2787 quo
1063 2741 1164 2786 pacis
1204 2740 1389 2786 quondam
1417 2753 1498 2775 cum
1523 2741 1733 2777 Theodosio

245 2794 389 2833 iuniore
414 2794 577 2828 firmatae
601 2791 749 2829 violatis
776 2789 1000 2832 foederibus,
1028 2800 1109 2823 cum
1137 2799 1268 2833 magno
1281 2790 1470 2825 Persarum
1494 2797 1604 2838 atque
1628 2791 1733 2825 auxi-
