1768 3106
256 127 370 184 320
807 144 1154 188 THEOPHAle

253 249 326 290 ἐπὶ
353 246 429 303 τήν
460 248 708 302 δυσχωρίαν
737 249 815 289 τοῦ
838 242 965 303 ὅρους
995 246 1169 305 ἔφυγον,
1214 248 1287 290 καί
1315 247 1387 291 ἐπί
1415 247 1720 304 Μαυριτανοὺς

251 310 421 374 ᾤχοντο.
480 313 679 368 Σολομῶν
708 316 755 357 δὲ
781 314 855 365 τὰς
879 319 923 357 ἐν
946 313 1160 373 Μουγάδῃ
1182 314 1332 366 πεδιάς
1359 318 1620 372 ληϊσάμενος,
1648 319 1722 358 καί

250 385 390 426 πᾶσαν
417 383 493 438 τήν
521 383 598 437 γῆν
627 383 771 424 αύτιόν
800 382 1075 438 πυρπολήσας
1104 383 1215 425 σῖτόν
1247 400 1293 425 τε
1324 382 1457 426 πολύν
1485 385 1719 437 κομισάμε-

250 466 333 508 νος,
363 452 423 500 εἰς
453 448 699 506 Ζερβούλην
723 449 769 491 τὸ
805 449 1011 507 φρούριον
1045 450 1324 506 ἀνέστρεψεν·
1396 450 1502 493 ἔνθα
1527 450 1719 500 Ἠαυδᾶς

250 519 331 561 σύν
361 519 600 574 δισμυρίοις
631 520 931 572 ΙΙἸαυρουσιόις
960 520 1238 574 προσέφυγεν.
1296 519 1490 569 Ἠαυδᾶς
1520 520 1567 560 δὲ
1594 520 1757 560 κατα-5

250 584 384 629 λιπών
412 585 459 629 τὸ
491 581 716 642 φρούριον,
748 586 807 634 εἰς
835 584 970 626 τὸτοῦ
994 584 1252 640 Ἀβρουσίου
1276 581 1370 640 ὅρος
1399 588 1459 636 εἰς
1477 583 1589 641 ὕψος
1617 587 1720 628 α’να-

249 654 332 708 βοὶς
362 653 588 709 ἡσύχαζεν.
647 652 848 705 Σολομῶν
880 654 924 694 δὲ
949 650 1196 708 Ζερβούλην
1223 652 1269 695 τὸ
1293 651 1496 710 φρούριον
1520 655 1581 703 εἰς
1607 661 1721 708 τρεῖς

251 720 558 776 ε’πολιιόρκησεν
578 718 748 774 ἡμέρας,
777 723 849 762 καί
879 718 1015 762 πάντα
1043 719 1095 762 τὰ
1126 722 1171 762 ἐν
1198 723 1314 779 αύτῷ
1344 719 1605 776 ληϊσάμενος,
1636 721 1720 777 φύ-

211 780 378 839 Βλακάς
409 804 455 829 τε
496 789 540 829 ἐν
570 788 688 845 αύτῷ
720 787 1010 842 καταστήσας,
1050 790 1120 830 ἐπί
1158 787 1209 830 τοὶ
1241 787 1382 844 πρόσω
1425 790 1590 843 ἐχώρει.
1647 788 1722 830 καί

248 858 529 908 διεσκοπεῖτο,
560 850 661 896 ὅθεν
691 857 751 904 εἰς
792 854 869 910 τὴν
901 855 1093 911 κορυφὴν
1120 859 1197 898 τοῦ
1225 853 1351 910 ὅρους
1382 857 1584 912 δυνηθείη
1607 857 1716 911 γενέ-
1738 871 1768 895 ιι

246 927 352 966 σθαι
383 921 598 976 α’ποτόμου
614 938 657 964 τε
687 918 800 972 ὄντος
829 922 904 965 καί
930 926 1065 980 πολλῇ
1087 923 1307 982 δυσχωρίᾳ
1335 925 1635 978 κατεχομένου.
1696 924 1717 965 ὁ

247 993 295 1034 δὲ
322 989 424 1039 θεὸς
453 988 584 1046 πόρον
613 992 657 1032 ἐν
685 992 738 1048 τῇ
766 990 923 1049 ἀπορίᾳ
952 992 1147 1046 ἐποίησεν
1177 990 1325 1040 οὕτως.
1385 986 1446 1040 εἷς
1477 994 1562 1033 τῶν
1589 1008 1719 1047 στρα-

243 1060 409 1101 τιωτῶν
437 1060 516 1100 τοῦ
543 1058 714 1109 πεζικοῦ
735 1060 920 1114 στρατοῦ
944 1056 1195 1112 Ὀπτιώνων,
1223 1060 1391 1111 Γένζων
1421 1057 1605 1113 ὄνόματι,
1634 1059 1719 1102 εἴτε

244 1128 373 1185 θυμῷ
398 1123 631 1181 χρεόμενος,
663 1123 747 1167 εἴτε
766 1141 806 1168 τι
833 1129 952 1168 θεῖον
983 1125 1115 1168 αὐτὸν
1140 1126 1342 1182 ἐκίνησεν,
1374 1125 1447 1169 ἐπὶ
1469 1127 1568 1176 τοὺς
1594 1133 1719 1170 πολε-

242 1195 368 1249 μιόυς
401 1194 599 1247 α’νέβαινε
625 1190 764 1246 μόνος.
840 1193 975 1235 ὀπίσω
1006 1195 1053 1235 δὲ
1081 1194 1232 1235 τούτου
1263 1197 1372 1244 τινὲς
1402 1197 1716 1249 συστρατιῶται
1736 1198 1768 1238 ιέ

241 1262 509 1318 ἠκολούθουν
536 1263 581 1304 ἐν
598 1258 791 1313 θαύματι
818 1260 986 1319 μεγάλῳ
1013 1260 1259 1314 ποιούμενοι
1276 1259 1322 1303 τὸ
1342 1260 1573 1316 γινόμενον,
1605 1268 1719 1317 τρεῖς

242 1332 291 1372 δὲ
324 1330 409 1371 τῶν
438 1330 739 1384 ΖΗαυρουσίων
782 1326 821 1370 οἱ
855 1329 914 1378 εἰς
941 1326 987 1371 τὸ
1021 1327 1256 1384 φυλάσσειν
1297 1329 1372 1385 τήν
1400 1328 1566 1372 εἴσοδον
1596 1345 1719 1372 τετα-

240 1400 387 1452 γμένοι
418 1395 578 1446 ἰδόντες
609 1394 680 1438 τὸν
710 1390 939 1451 ἄνθρωπον
959 1394 1154 1452 ὑπήντων
1176 1396 1319 1456 δρόμῳ
1341 1398 1589 1450 νομίσαντες
1617 1395 1720 1451 πρὸς

246 1459 405 1513 αύτούς
433 1464 613 1506 α’νιέναι.
682 1461 704 1503 ὃ
735 1464 781 1504 δὲ
810 1466 909 1504 καθ’
937 1461 1010 1506 ἕνα
1048 1462 1223 1512 τούτους
1261 1465 1515 1519 ἐρχομένους
1545 1462 1615 1506 διὰ
1645 1462 1720 1519 τὴν

206 1533 527 1589 Οστενοχωρίαν
555 1532 632 1574 τοῦ
652 1531 782 1572 τόπου
805 1530 876 1572 τόν
899 1546 943 1573 τε
969 1533 1135 1586 πρῶτον
1165 1532 1341 1586 α’νεῖλεν,
1359 1530 1517 1586 ὅμοίως
1544 1533 1618 1574 καί
1644 1530 1768 1575 uim<

335 1692 370 1736 4.
395 1689 630 1738 ἀνέστρεψεν
652 1711 700 1718 ——
723 1712 770 1718 ·-—
795 1712 842 1718 -—
866 1685 906 1726 τὸ
935 1690 1127 1739 φρούριον
1152 1703 1220 1725 om.
1252 1693 1291 1726 A.
1390 1691 1410 1736 ἧ
1431 1690 1596 1732 Ἦαυδᾶς
1617 1692 1713 1737 vulg.

333 1742 367 1775 8.
397 1741 440 1777 ἐν
463 1741 575 1788 αὐτῷ]
601 1742 653 1780 εἰς
678 1736 770 1774 αὐτὸ
795 1741 826 1773 Α
854 1739 891 1773 h.
1011 1752 1063 1774 ιι.
1090 1740 1291 1787 δυσχερείᾳ
1317 1740 1356 1773 Α.
1484 1741 1535 1774 13.
1557 1739 1714 1783 'Outioi-

332 1802 414 1869 νωιν
444 1788 474 1822 Α
511 1788 547 1832 f,
584 1787 742 1824 Ὀπτίων
777 1785 830 1824 ὢν
867 1788 962 1833 vulg.
1091 1791 1141 1822 16.
1181 1789 1408 1836 ποιούμενοι
1443 1789 1485 1831 A,
1517 1787 1714 1828 ποιοῦντες

334 1848 380 1872 vu
400 1848 434 1882 g.

240 1993 431 2035 occupant,
458 1993 495 2022 et
517 1997 603 2021 mox
630 1986 677 2020 ad
704 1986 928 2020 Mauritanos
956 1986 1154 2021 deflectunt
1184 1989 1264 2022 iter.
1322 1989 1493 2023 Salomon
1515 2000 1600 2023 vero
1629 1990 1710 2034 pla-

239 2039 365 2071 nitiem
391 2047 535 2070 omnem
561 2035 741 2079 Mugadae
775 2036 1064 2080 circumpositam
1100 2035 1367 2081 depopulata-(5,
1402 2042 1439 2070 et
1464 2037 1562 2071 omni
1585 2048 1711 2070 eorum

241 2087 387 2131 regione
412 2083 584 2117 incendio
612 2082 809 2124 devastata,
835 2089 1035 2116 commeatu
1059 2084 1235 2117 immenso
1261 2083 1346 2117 inde
1371 2083 1575 2130 deportato,
1602 2085 1710 2119 rediit

237 2135 276 2167 in
301 2132 479 2166 Zerbulen
511 2136 686 2172 castrum,
722 2142 795 2175 quo
822 2130 962 2164 Eaudas
999 2143 1079 2164 cum
1103 2132 1367 2164 Maurusiorum
1395 2133 1523 2178 viginti
1548 2133 1710 2166 millibus

238 2182 324 2227 fuga
350 2191 388 2214 se
410 2179 560 2224 recepit.
611 2177 753 2211 Eaudas
778 2184 899 2211 autem
919 2179 1045 2212 relicto
1070 2185 1201 2219 castro,
1227 2185 1265 2213 et
1288 2179 1431 2214 Abrasii
1456 2182 1591 2215 montis
1620 2193 1709 2216 con-

237 2241 361 2264 scenso
387 2227 592 2267 cacumine,
618 2226 780 2273 quietem
815 2237 920 2269 agere
949 2227 1090 2260 statuit.
1154 2227 1325 2261 Salomon
1353 2229 1530 2263 Zet-bulen
1554 2234 1709 2263 castrum

237 2277 404 2312 triduana
429 2274 560 2321 pressit
586 2272 791 2315 obsidione,
817 2273 1044 2320 direptisque
1082 2274 1122 2307 in
1146 2285 1189 2307 eo
1220 2275 1387 2309 omnibus
1413 2282 1451 2310 et
1487 2277 1606 2323 posita
1645 2289 1709 2310 cu-

237 2325 367 2366 stodia,
399 2324 494 2356 ultra
518 2321 788 2367 procedendum
823 2327 933 2363 ratus,
966 2333 1039 2367 qua
1059 2322 1117 2355 via
1142 2323 1276 2356 montis
1317 2326 1521 2370 praeruptis
1545 2324 1709 2371 undique

237 2374 329 2408 saxis
357 2371 479 2412 obsiti,
506 2375 544 2403 et
572 2369 734 2402 locorum
760 2367 1033 2403 difficultatibus
1065 2381 1160 2415 pene
1193 2371 1367 2406 inaccessi
1404 2369 1574 2407 verticem
1600 2384 1711 2418 supe-

237 2432 314 2455 rare
342 2425 464 2467 posset
496 2417 671 2451 attentius
711 2416 982 2450 considerabat:
1026 2428 1106 2450 cum
1134 2417 1224 2451 deus
1261 2431 1325 2464 per
1350 2421 1460 2454 animi
1486 2421 1708 2455 anxietatem

236 2471 275 2504 in
314 2469 396 2502 loco
431 2466 528 2500 invio
564 2466 656 2498 viam
692 2465 730 2498 in
765 2465 863 2497 hunc
897 2465 1044 2498 modum
1080 2465 1179 2499 fecit.
1242 2468 1338 2501 inter
1373 2468 1559 2515 pedestres
1584 2470 1708 2514 copias

238 2519 440 2564 Optionum
465 2513 606 2548 numeri
619 2513 766 2547 Genson
794 2512 941 2559 quidam
965 2512 1127 2555 nomine,
1154 2515 1227 2548 sive
1253 2516 1364 2549 animi
1394 2517 1532 2562 proprii
1558 2518 1708 2562 impetu,

238 2567 312 2600 sive
338 2564 462 2598 divino
498 2567 618 2595 motus
648 2561 835 2601 instinctu,
874 2560 914 2593 in
945 2560 1167 2595 adversarios
1203 2563 1413 2598 conscendit
1436 2564 1546 2598 solus.
1609 2576 1707 2610 pone

239 2613 484 2660 sequebantur
521 2608 783 2643 commilitones
825 2608 1008 2650 nonnulli,
1044 2609 1218 2644 miraculo
1251 2611 1350 2657 quod
1378 2612 1490 2646 fiebat
1514 2618 1705 2658 ponentes.

238 2661 504 2696 Maurusiorum
530 2668 615 2691 vero
639 2662 711 2690 tres
736 2655 782 2689 ad
808 2655 1085 2690 custodiendum
1110 2657 1248 2692 aditum
1275 2659 1457 2702 destinati,
1481 2661 1597 2694 virum
1616 2660 1708 2693 emi-

237 2722 305 2743 nus
333 2704 555 2755 conspicati,
597 2710 634 2738 et
657 2703 704 2738 ad
730 2715 768 2738 se
804 2703 975 2738 accedere
1016 2705 1275 2749 existimantes,
1311 2708 1344 2741 ei
1378 2708 1521 2742 obviam
1545 2707 1705 2741 velocius

239 2760 491 2792 occurrerunt:
518 2753 582 2800 qui
606 2764 686 2787 cum
712 2758 862 2799 propter
888 2753 959 2786 loci
986 2754 1167 2798 angustias
1204 2756 1338 2801 singuli
1363 2768 1403 2791 ac
1429 2759 1500 2793 soli
1528 2758 1707 2806 procede..
