1786 3204
236 148 254 184 ι
271 128 342 185 28
783 137 1130 185 THEOPHANJS

228 248 302 291 καί
353 247 382 304 ἦ
435 243 741 303 μακαριωτάτη
788 243 1044 299 Πουλχεριά
1093 236 1262 289 τελείως
1311 239 1397 281 τῶν
1440 235 1702 295 πραγμάτων

230 316 473 375 ἐκράτησεν.
917 319 919 322 ’

21 383 113 418 AM·
128 380 220 424 590⁶
348 382 496 441 Τούτῳ
529 382 586 439 τῷ
613 378 700 422 ἔτει
722 379 950 423 Ὑπατείαν
978 373 1056 432 τὴν
1078 371 1318 432 φιλόσοφον
1343 373 1568 430 θυγατέρα
1590 372 1707 438 Θέω-

153 440 214 475 '7¹
234 467 303 503 νος
329 453 408 495 τοῦ
436 447 678 507 φιλοσόφου
707 449 836 504 βιαίῳ
863 441 1037 502 θανάτῳ
1064 444 1176 491 τινὲς
1210 442 1393 484 α’νεῖλον.

350 519 418 576 Τῷ
459 519 499 559 δ’
541 517 660 573 αὐτῷ
688 513 773 557 ἔτει
812 513 1068 567 Ἰσδεγὲρδης
1116 508 1139 551 ὅ
1180 511 1265 551 ταῖν
1295 508 1486 565 Περσῶν
1511 504 1749 563 βοσιλεύς5

230 585 438 643 πρότερον
455 583 679 639 Μαρουθᾶ
707 582 787 624 τοῦ
814 577 1047 623 ἐπισκόπου
1066 577 1409 630 ῙΠεσοποταμιάς
1437 581 1531 625 ταῖς
1556 590 1715 629 παραι-

231 655 374 696 νέσεσι
405 651 670 706 πειθόμενος,
705 649 777 691 καί
802 647 962 702 Ἀβδαᾶ
993 646 1071 687 τοῦ
1098 646 1171 700 τῆς
1194 640 1506 699 βασιλευούσης
1533 643 1578 685 ἐν
1595 645 1716 699 Περ-

233 717 516 768 σίδιπόλεως
560 715 820 773 ἐπισκόπου,
863 716 925 764 εἰς
962 709 1092 769 ἄκρον
1134 709 1342 767 θεοσεβὴς
1384 712 1576 767 γέγονεν,
1607 706 1717 752 ὥστε

234 786 382 843 ὲζιιελλε
407 784 563 841 σχεδὸν
591 786 880 840 βαπτιζεσθαι
908 779 981 824 διὰ
1006 779 1083 829 τάς
1112 781 1468 834 θαυματουργὰιις
1499 780 1579 820 τοῦ
1608 780 1717 821 Μα-

236 855 390 912 ρουθᾶ,
426 854 502 896 καί
527 852 627 902 τούς
651 850 814 908 μάγους
842 849 901 900 ὥς
932 849 1181 897 ἀπατεῶνας
1210 845 1427 899 ἐκόλαζεν.
1501 846 1561 906 τῷ
1590 847 1639 889 δὲ
1682 844 1715 888 κ’
1738 864 1786 891 ιο

237 922 320 965 ἔτει
355 921 655 976 τετελεύτηκεν.
742 920 861 962 αἰτία
903 919 951 961 δὲ
998 918 1076 959 τοῦ
1129 916 1322 970 διωγμοῦ
1370 914 1507 958 αὖτοῢ
1551 916 1720 970 γέγονεν

123 991 221 1038 V·57
234 990 418 1044 Ἀβδαᾶς
447 988 471 1030 ὄ
501 990 574 1044 τῆς
600 986 911 1042 βασιλευούσης
940 987 986 1028 ἑν
1012 984 1204 1039 Περσίδι
1234 984 1474 1038 ἐπίσκοπος,
1504 980 1616 1041 ζήλῳ
1643 983 1724 1037 μὲν

197 1056 341 1099 Βθεοῦ
374 1053 634 1114 φερόμενος,
679 1055 758 1096 οὐκ
787 1056 850 1104 εἰς
892 1053 988 1096 δέον
1030 1053 1078 1094 δὲ
1116 1053 1176 1109 τῷ
1218 1051 1328 1110 ζήλῳ
1357 1051 1625 1108 χρησάμενος
1651 1048 1726 1093 τὸν

239 1123 343 1168 ναὸν
373 1126 452 1166 τοῦ
495 1124 631 1180 πυρὸς
661 1122 902 1179 ἐνέπρησεν.
978 1123 1104 1164 τοῦτο
1137 1121 1186 1162 δὲ
1209 1118 1337 1175 γνούς
1365 1118 1386 1161 ὃ
1416 1114 1622 1174 βασιλεῦς
1648 1115 1727 1168 τὰς

238 1193 283 1234 ἐν
334 1189 524 1248 Περσίδι
569 1189 791 1246 ἐκκλησίας
845 1190 1137 1245 καταλυθῆναι
1190 1189 1445 1244 προσέταξεν
1466 1220 1478 1241 ,
1525 1187 1600 1230 καί
1655 1185 1729 1230 τὸν
1746 1185 1786 1229 15

233 1255 435 1313 Ἀβδαᾶν
458 1257 679 1315 διαφόροις
702 1255 924 1300 κολάσεσιν
942 1254 1251 1312 ἐτιμωρήσατο.
1280 1257 1356 1297 τοῦ
1385 1255 1433 1300 δὲ
1452 1253 1645 1311 διωγμοῦ
1661 1255 1735 1299 ἐπὶ

241 1329 364 1368 πέντε
393 1325 577 1382 χρόνους
605 1322 913 1381 κρατήσαντος,
956 1325 1108 1367 πολλοὶ
1138 1320 1352 1381 μάρτυρες
1382 1324 1458 1366 καί
1487 1323 1734 1380 οἷναρίθμψ

243 1407 310 1436 τοι
338 1392 666 1449 ἆνεδείχθησαν.
727 1390 767 1434 οἱ
790 1390 869 1449 γὰρ
899 1391 1031 1448 μα’γοι
1058 1390 1167 1434 κατὰ
1197 1391 1343 1442 πόλεις
1368 1391 1444 1434 καί
1469 1388 1619 1447 χώρας
1638 1391 1733 1433 ε’πι-

239 1462 383 1515 μελῶς
412 1459 620 1517 ἐθήρευον
649 1460 752 1510 τούς
783 1458 1079 1509 λανθάνοντας.
1151 1454 1274 1502 ἄλλοι
1304 1460 1354 1502 δὲ
1379 1458 1455 1502 καί
1478 1455 1730 1515 αὐτομάτως

244 1525 427 1579 ἑαυτούς
452 1526 727 1586 κατεμήνυον,
756 1524 865 1572 ὥστε
896 1526 958 1586 μὴ
990 1530 1087 1587 σιγῇ
1117 1526 1238 1581 δόξαι
1265 1525 1343 1571 τὸν
1362 1525 1560 1585 Χριστὸν
1588 1526 1731 1586 οἷπαρ-
1742 1539 1786 1568 nc

340 1665 375 1698 3.
395 1664 599 1703 εΥπατείαν
620 1665 662 1709 A,
681 1663 867 1704 ‘Yncettoev
892 1667 990 1713 vulg.
1098 1667 1133 1701 8.
1155 1666 1299 1706 πόλεως
1325 1664 1409 1700 add.
1438 1676 1483 1700 ex
1506 1665 1548 1699 A.
1676 1675 1731 1698 ιο.

342 1720 429 1759 post
453 1714 624 1756 ἐκόλαζεν
661 1714 685 1748 b
714 1715 819 1749 add.:
864 1709 940 1751 ὑπὸ
977 1714 1055 1751 τῶν
1077 1714 1217 1763 μάγων
1253 1714 1465 1759 ἀπατηθεὶς
1487 1717 1613 1762 μέγαν
1636 1710 1728 1748 xuni

342 1762 420 1798 τῶν
455 1764 497 1799 ἐν
536 1763 704 1811 Περσίδι
741 1763 976 1812 χριστιανῶν
1030 1759 1205 1812 διωγμὸν
1251 1763 1486 1807 ἅνεκίνησεν.
1683 1761 1732 1807 κ’]

347 1809 447 1843 Goar
471 1812 564 1845 coni.
589 1811 659 1847 κοί.
812 1823 860 1845 12.
892 1811 911 1847 ὃ
938 1811 1022 1845 add.
1048 1823 1093 1847 ex
1116 1813 1159 1846 A.
1313 1813 1364 1846 18.
1390 1810 1670 1856 α’νεδείχθησαν
1691 1810 1734 1850 A·

347 1857 399 1893 315.
425 1859 520 1904 vulg.
611 1859 755 1908 χώρας]
783 1859 914 1908 κώμας
937 1861 973 1895 b.
1105 1860 1293 1910 ἐπιμελῶς
1315 1859 1401 1894 add.
1431 1870 1476 1895 ex
1499 1861 1542 1896 A·
1681 1868 1737 1902 ¹9·

351 1905 577 1956 αὐτομάτως
598 1910 641 1951 A,
664 1915 744 1949 τοῖς
766 1908 946 1950 ζΥπιέτοις
968 1908 1065 1955 vulg.

254 2053 338 2076 vero
365 2041 553 2077 Pulcheria
589 2055 792 2090 supremam
821 2049 859 2079 et
889 2044 1095 2079 absolutam
1133 2055 1254 2078 rerum
1289 2041 1642 2077 administrationem
1669 2051 1738 2074 ex-

255 2091 382 2124 ercuit.

64 2140 241 2188 A.C.406
349 2139 427 2172 Hoc
462 2150 559 2172 anno
586 2139 779 2184 Hypatium
817 2139 982 2174 Theonis
1008 2139 1223 2186 philosophi
1256 2139 1369 2174 filiam
1405 2139 1446 2173 in
1473 2136 1737 2185 philosophiae

253 2186 384 2220 studiis
410 2188 746 2220 exercitatissimam
770 2187 932 2222 violento
961 2190 1084 2222 mortis
1112 2200 1245 2234 genere
1271 2188 1444 2222 nonnulli
1470 2187 1710 2221 sustulerunt.

346 2235 424 2268 Hoc
442 2234 571 2267 eodem
595 2247 690 2268 anno
709 2234 921 2280 Isdegerdes
942 2237 1129 2270 Persarum
1155 2248 1230 2279 rex,
1250 2235 1443 2271 Maruthae
1468 2237 1587 2281 primo
1612 2235 1739 2269 Meso-

251 2284 448 2329 potamiae,
470 2283 616 2316 Abdaae
642 2284 760 2329 regiae
785 2284 822 2317 in
839 2284 980 2319 Perside
1010 2285 1166 2319 civitatis
1186 2286 1441 2333 episcoporum
1463 2295 1570 2317 suasu
1596 2282 1740 2320 ductus,

251 2332 293 2365 in
330 2331 505 2377 pietatem
547 2336 646 2364 totus
682 2332 963 2378 propendebat:
1007 2333 1098 2367 adeo
1135 2339 1176 2367 ut
1210 2334 1295 2368 visis
1336 2332 1530 2368 Maruthae
1563 2329 1742 2365 mirandis

252 2378 428 2424 operibus
464 2379 682 2424 baptismum
723 2380 864 2414 iamiam
902 2388 1136 2428 suscepturus
1175 2382 1389 2416 videretur:
1418 2380 1516 2415 unde
1545 2386 1584 2414 et
1607 2389 1743 2423 magos,

252 2438 318 2461 ceu
352 2426 575 2468 seductores,
603 2428 708 2461 variis
729 2429 936 2474 exagitabat
954 2431 1158 2476 suppliciis.
1207 2442 1304 2464 anno
1329 2440 1415 2463 vero
1441 2429 1615 2474 vigesimo
1643 2427 1743 2461 diem

253 2474 347 2508 obiit
371 2481 582 2508 extremum.
638 2477 883 2521 persecutioni
922 2488 1028 2523 porro
1064 2480 1108 2512 ab
1143 2490 1187 2512 eo
1226 2479 1418 2513 suscitatae
1455 2489 1599 2511 causam
1638 2475 1746 2509 dedit

252 2522 397 2557 Abdaas
422 2523 543 2569 regiae
560 2524 723 2558 Persidos
749 2525 850 2559 urbis
877 2526 1079 2572 episcopus:
1107 2526 1234 2561 divino
1262 2527 1413 2574 quidem
1438 2526 1519 2559 zelo
1542 2529 1676 2566 motus,
1708 2528 1748 2557 at

252 2583 328 2604 non
351 2582 394 2605 eo
425 2583 469 2606 ex
497 2572 650 2606 rationis
681 2584 808 2607 norma
835 2585 933 2614 usus,
961 2575 1054 2619 ignis
1084 2576 1262 2621 templum
1289 2574 1490 2609 succendit.
1527 2584 1572 2607 eo
1598 2572 1747 2618 cognito

255 2630 319 2652 rex
372 2624 510 2654 erectas
558 2632 625 2667 per
670 2626 784 2654 totam
828 2621 992 2655 Persidos
1033 2625 1217 2668 regionem
1260 2624 1431 2658 ecclesias
1473 2622 1589 2656 everti
1622 2620 1750 2654 iussit:

255 2667 421 2702 Abdaam
455 2674 575 2702 autem
610 2668 760 2703 diversis
800 2670 926 2703 afflixit
961 2674 1163 2705 tormentis.
1213 2674 1473 2719 persecutione
1506 2670 1553 2706 ad
1577 2670 1750 2716 quintum

254 2728 370 2763 usque
409 2728 545 2751 annum
581 2723 796 2764 prorogata,
825 2719 971 2763 plures,
1017 2720 1125 2753 immo
1161 2727 1336 2764 martyres
1363 2719 1546 2754 innumeri
1573 2716 1750 2752 declarati

255 2772 352 2800 suut.
404 2766 563 2801 latentes
604 2766 703 2800 enim
740 2765 964 2801 Christianos
992 2779 1057 2814 per
1091 2769 1198 2803 urbes
1228 2776 1266 2804 et
1291 2770 1389 2805 vicos
1417 2768 1510 2816 magi
1535 2772 1751 2804 venatorum
