1786 3204
268 151 284 184 ι
300 129 372 196 34
811 136 1156 182 ’.ιιιΕοΡιιΑΝιε

257 265 352 305 των,
381 248 454 290 καί
481 244 552 289 τὸν
581 242 764 299 σταυρὸν
782 240 974 297 χρυσοῦν
1003 236 1197 280 διάλιθον
1215 236 1389 291 ποιῆσαι
1420 231 1523 289 πρὸς
1554 231 1603 276 τὸ
1634 249 1713 275 πα-

254 318 382 372 γῆναι
421 315 465 356 ἐν
506 313 564 371 τῷ
597 311 702 368 ἁγίῳ
743 309 912 367 κρανίῳ.
980 305 1000 348 ὃ
1045 306 1092 347 δὲ
1129 298 1455 359 οἷρχιεπίσκοπος
1483 299 1716 356 α’ντίδωρον

138 392 181 426 V.
196 391 241 425 σο
256 384 497 425 ἀπέστειλεν
537 378 738 430 λείψανον
780 377 855 430 τῆς
903 375 1041 425 δεξιᾶς
1084 368 1225 428 χειρὸς
1253 369 1331 411 τοῦ
1358 366 1715 424 πρωτομοὶρτυρος

253 448 477 505 Στεφάνου
515 443 583 487 διὰ
627 445 704 485 τοῦ
742 443 786 484 ἐν
820 441 956 495 ἁγίοις
992 440 1316 492 Πασσαρίωνος.
1389 435 1545 477 τούτου
1579 434 1626 475 δὲ
1654 434 1714 482 εἰς

252 511 507 570 Χαλκηδόνα
536 508 808 569 φθάσαντος,
844 511 1006 561 θεωρεῖ
1043 506 1067 560 ἦ
1099 503 1290 560 μακαρία
1322 502 1576 557 Πουλχερία
1603 500 1716 557 αὐτῇ
1725 504 1750 547 5

251 584 303 638 τῇ
331 579 448 624 νυκτὶ
475 582 518 622 ἐν
546 574 730 632 ὁράματι
759 574 830 618 τὸν
859 572 976 629 ἅγιον
996 573 1213 629 Στέφανον
1242 571 1412 624 λέγοντα
1441 567 1572 626 αὕτῇ·
1603 569 1711 624 ἰδού,

250 650 279 704 ἦ
310 647 524 706 προσευχή
554 661 631 688 σου
663 642 945 699 εἰσηκούσθη,
986 641 1059 682 καί
1089 639 1113 694 ἦ
1147 637 1309 694 αἴτησίς
1338 653 1414 680 σου
1451 639 1605 692 γέγονε,
1642 638 1714 678 καί

250 711 382 772 ἦλθεν
411 715 471 763 εἷς
492 707 759 767 Χαλκηδόνα.
817 709 844 764 ἦ
875 710 921 750 δὲ
953 707 1178 750 οἷναστιῖσα
1206 703 1280 747 καί
1307 703 1383 747 τὸν
1412 701 1602 760 ἀδελφὸν
1631 704 1711 745 αι’-

140 794 235 840 P.75
251 783 326 838 τῆς
351 783 565 835 λαβοῦσα,
608 780 783 833 ἐξῆλθεν
814 777 874 825 εἰς
919 776 1170 828 συνάντησιν
1198 773 1281 815 τῶν
1310 768 1440 827 ἁγίων
1469 768 1712 826 λειψάνων,

247 851 320 892 καί
343 851 475 891 ταῦτα
508 847 567 895 εἰς
592 843 639 888 τὸ
681 842 887 886 παλάτιον
919 843 1109 896 λαβοῦσα
1153 841 1284 892 κτίζει
1313 836 1426 882 οἷκον
1454 836 1622 890 ἔνδοξον
1656 839 1714 896 τῷ
1730 856 1777 882 ιο

247 915 351 973 ἁγίῳ
384 910 724 969 πρωτομοίρτυρι,
752 912 878 952 κοῖκεῖ
900 907 952 952 τοὶ
984 905 1084 963 ἅγια
1115 908 1317 950 κατέθετο
1344 907 1545 959 λεήρἀα.

41 989 229 1035 A-M-5921
360 977 848 1027 Κωνσταντινουπόλεως
877 974 1108 1019 ἐπισκόπου
1128 975 1343 1017 Σισιννίου
1371 971 1464 1022 ἔτος
1493 971 1543 1019 α’.

362 1049 507 1106 Τούτῳ
533 1048 590 1104 τῷ
617 1045 699 1087 ἔτει
729 1043 958 1099 οἶγαθότητι
991 1044 1124 1100 πολλῇ
1163 1042 1404 1095 κινούμενος
1435 1041 1660 1091 Θεοδόσιος
1692 1039 1714 1083 ὃ

245 1116 471 1171 βασιλεύς,
512 1113 659 1169 καίπερ
691 1110 864 1167 νικήσας
894 1109 999 1152 κατὰ
1041 1108 1190 1166 κράτος
1221 1108 1322 1159 τούς
1350 1112 1539 1166 Πέρσας,
1572 1110 1720 1166 φειδοῖ

209 1186 331 1227 Βτῶν
358 1181 660 1225 κατοικούντων
689 1181 732 1222 ἐν
745 1180 933 1235 Περσίδι
951 1179 1233 1233 Χριστιανῶν,
1264 1176 1432 1233 εἰρήνην
1464 1177 1711 1231 ἀσπάζεται,
1730 1177 1778 1219 15

247 1253 322 1293 καί
347 1251 588 1292 ἀποστέλλει
617 1244 877 1303 πρεσβευτάς
900 1243 1086 1288 ιΗλίωνιί
1109 1261 1154 1287 τε
1181 1244 1254 1287 τὸν
1269 1244 1498 1299 πατρίκιον,
1526 1241 1574 1286 ὃν
1602 1242 1710 1286 πάνυ

248 1316 320 1360 διὰ
343 1318 468 1372 τιμῆς
499 1310 620 1371 ἦγεν,
659 1313 734 1356 καί
762 1311 1003 1356 Ἀνατόλιον
1035 1310 1105 1354 τὸν
1143 1312 1217 1367 τῆς
1252 1312 1454 1368 ἀνατολῆς
1480 1309 1727 1367 στρατηγὸν

247 1381 417 1441 εἰρήνην
443 1384 713 1427 σπείσασθαι.
790 1377 1071 1437 Οὔαραράνης
1105 1380 1152 1421 δὲ
1180 1379 1307 1434 γνούς
1345 1377 1422 1434 τήν
1453 1375 1612 1422 ἑαυτοῦ
1640 1374 1712 1434 ἦτ-

247 1468 327 1494 ταν
356 1451 526 1505 δέχεται
554 1448 631 1506 τήν
657 1450 896 1505 πρεσβείαν,
934 1449 1007 1489 καί
1037 1444 1174 1497 οὕτως
1200 1445 1221 1489 ὅ
1251 1445 1359 1488 κατὰ
1387 1449 1471 1489 τῶν
1498 1449 1711 1504 Χριστια-

248 1518 332 1562 ufir
367 1514 582 1561 ἐπαύσατο
620 1514 818 1571 διωγμός.
894 1513 916 1557 ὃ
949 1516 996 1557 δὲ
1022 1511 1228 1569 βασιλεύς
1257 1511 1486 1564 Θεοδόσιος
1517 1513 1591 1556 ἐπὶ
1617 1518 1711 1563 ταῖς
1726 1531 1777 1558 20

349 1690 376 1712 ι.
400 1673 467 1713 τὸν
490 1676 574 1710 add.
600 1688 643 1710 ex
666 1674 707 1710 A.
863 1674 1038 1712 διάλιθον
1061 1676 1091 1710 A
1119 1687 1139 1708 a
1167 1675 1191 1709 b
1218 1687 1237 1709 c
1260 1675 1283 1709 d
1307 1675 1332 1709 f.
1485 1672 1645 1718 ποιῆσαι
1668 1685 1711 1716 e,

341 1729 539 1762 ποιεῖσθαι
561 1725 655 1769 vulg.
753 1735 785 1770 7.
813 1725 1036 1768 εἰσηκούσθη
1058 1724 1100 1765 Α,
1127 1721 1295 1768 ἠκούσθη
1318 1721 1414 1769 vulg.
1474 1727 1479 1730 '
1515 1734 1567 1757 ιο.
1593 1721 1711 1757 ταῦτα

341 1775 383 1815 Λ,
409 1772 547 1816 ταύτην
572 1774 669 1816 vulg.
806 1773 857 1806 16.
882 1772 985 1809 πάνυ
1008 1772 1051 1813 A,
1074 1771 1195 1808 πάλαι
1217 1773 1314 1817 vulg.
1468 1772 1519 1806 18.
1550 1773 1711 1806 σπείσα-

345 1822 449 1870 σθαι]
473 1819 713 1864 ποιήσασθαι
735 1820 776 1854 A.

249 1947 578 1991 Hierosolymorum
615 1946 823 1992 episcopum
849 1945 958 1979 misit.
988 1946 1133 1991 praesul
1157 1945 1248 1980 haec
1275 1945 1370 1979 dona
1395 1945 1531 1978 vicario
1557 1955 1708 1978 munere

249 2000 542 2040 compensaturus
578 1993 725 2026 dextrae
761 2005 887 2027 manus
920 2001 1116 2038 martyrum
1141 1994 1313 2039 principis
1336 1991 1512 2039 Stephani
1538 1992 1713 2038 reliquias,

248 2053 315 2087 per
343 2047 504 2075 sanctum
539 2042 778 2074 Passarionem
816 2041 962 2075 obtulit.
1012 2054 1054 2075 eo
1084 2042 1352 2076 Chalcedonem
1390 2051 1504 2086 usque
1531 2040 1708 2085 profecto,

250 2090 367 2123 cernit
391 2089 497 2122 beata
524 2088 709 2122 Pulcheria
743 2094 920 2122 nocturno
946 2090 983 2122 in
1019 2096 1163 2124 ostento
1188 2096 1348 2124 sanctum
1380 2087 1603 2135 Stephanum
1628 2098 1709 2122 ver-

247 2137 306 2171 bis
332 2137 409 2170 istis
434 2148 471 2170 se
497 2136 786 2181 compellantem.
835 2136 968 2176 viden',
1001 2143 1040 2171 ut
1070 2150 1193 2184 preces
1222 2143 1307 2172 tuae
1336 2137 1409 2172 sint
1446 2135 1649 2177 exauditae,
1673 2141 1711 2169 et

247 2190 291 2219 ut
314 2185 442 2230 petitio
470 2190 532 2218 tua
559 2184 628 2217 iam
653 2183 849 2229 adimpleta
875 2184 1140 2219 Chalcedonem
1178 2197 1293 2232 usque
1321 2182 1555 2232 pervenerit?
1605 2194 1712 2216 exur-

248 2243 334 2277 gens
359 2233 424 2265 illa
463 2232 571 2266 fratre
610 2233 740 2266 comite
765 2232 893 2266 sanctis
932 2233 1095 2280 reliquiis
1122 2235 1160 2268 in
1187 2246 1372 2268 occursum
1397 2230 1590 2280 processit:
1618 2232 1710 2265 illis-

247 2291 320 2326 que
345 2279 488 2314 demum
514 2280 553 2313 in
580 2280 757 2326 palatium
784 2280 917 2321 illatis,
942 2287 1186 2327 sumptuosam
1212 2282 1338 2316 aedem
1363 2285 1486 2317 sancto
1513 2284 1709 2324 martyrum

248 2327 390 2363 ductori
418 2329 577 2361 extruxit
606 2333 641 2361 et
678 2328 716 2360 in
740 2339 782 2360 ea
808 2339 902 2361 sacra
928 2340 1075 2363 munera
1104 2330 1288 2376 deposuit.

62 2381 102 2415 Δ,
116 2381 230 2427 (2421
344 2376 500 2422 Cpoleos
526 2375 686 2421 episcopi
714 2375 860 2409 Sisinnii
887 2388 1000 2410 annus
1023 2379 1172 2423 primus.

340 2423 420 2458 Hoc
447 2435 542 2457 anno
571 2421 797 2458 Theodosius
824 2423 1029 2469 imperator,
1052 2427 1140 2461 licet
1170 2437 1350 2460 armorum
1375 2425 1414 2460 vi
1440 2425 1562 2459 Persas
1592 2428 1630 2458 et
1652 2424 1708 2459 vi—

246 2471 370 2506 ctoriis
394 2476 586 2518 premeret,
610 2470 892 2505 Christianorum
917 2477 1039 2507 tamen
1072 2474 1110 2508 in
1133 2473 1277 2509 Perside
1302 2472 1600 2508 commorantium
1623 2483 1709 2505 san-

245 2520 347 2564 guini
369 2519 581 2565 parciturus,
607 2530 744 2552 summa
770 2518 961 2553 clementia
999 2520 1128 2555 ductus
1151 2533 1277 2568 pacem
1310 2521 1548 2567 amplexatur,
1573 2525 1611 2555 et
1633 2520 1710 2553 He·

243 2567 382 2601 lionem
415 2567 606 2613 patricium
640 2567 756 2599 virum
780 2568 925 2601 summis
959 2579 1100 2615 semper
1130 2568 1329 2604 honoribus
1367 2573 1511 2603 auctum
1551 2573 1589 2602 et
1610 2567 1709 2601 Ana-

243 2616 374 2649 tolium
410 2615 562 2649 orientis
599 2614 822 2661 praefectum
857 2615 995 2660 legatos
1032 2617 1133 2662 pacis
1169 2618 1299 2652 foedus
1339 2617 1542 2651 firmaturos
1579 2615 1706 2649 mittit.

243 2664 457 2705 vararanes,
483 2661 627 2708 cognita
663 2673 809 2696 suorum
835 2661 982 2704 iactura,
1010 2664 1139 2699 lubens
1159 2665 1320 2700 admittit
1342 2666 1497 2710 legatos,
1523 2669 1632 2710 atque
1658 2663 1709 2696 ita

244 2711 420 2745 excitatus
443 2710 482 2745 in
507 2710 729 2744 Christianos
755 2711 1016 2756 persecutionis
1042 2718 1159 2746 motus
1187 2713 1333 2747 resedit.
1381 2714 1578 2759 imperator
1601 2721 1708 2757 porro

244 2757 476 2796 Theodosius
504 2758 544 2793 in
567 2762 750 2793 tantorum
789 2757 1049 2794 beneficiorum
1086 2761 1196 2796 vicem
1223 2766 1341 2807 grates
1371 2766 1515 2795 acturus
1539 2758 1608 2793 cieo
1636 2770 1708 2793 una
1757 2793 1761 2796 ‚
