1786 3204
281 149 394 207 300
828 172 1179 215 THEOPHAle

276 270 445 326 ἀναβὰς
484 273 544 323 εἰς
583 271 632 315 τὸ
674 273 910 328 παλάτιον,
952 276 997 318 ἒν
1028 276 1086 332 τῷ
1115 277 1156 317 Γ
1153 276 1346 329 ελιζιιερος
1372 274 1758 334 θρόνῳέκοίθισεν.

275 339 410 397 τούτῳ
456 343 700 395 προσῆλθον
728 341 772 384 οῗ
798 358 843 384 τε
875 341 1055 397 ἔμποροι
1091 339 1373 398 Καρχηδόνος
1391 378 1403 398 ,
1433 345 1508 386 καί
1534 341 1626 388 ὅσοι
1655 349 1760 401 πλη-

277 408 371 449 σιόν
400 409 476 462 τῆς
503 407 726 466 θαλάσσης
752 407 915 465 ὲζιιενον,
947 409 1261 466 ὀλοφυρόμενοι
1284 409 1480 467 ἁρπαγήν
1503 415 1760 454 πεπονθέναι

278 471 362 517 ’11πὸ
397 477 476 518 τοῦ
504 473 667 518 στόλου.
727 474 748 518 ὅ
778 479 825 520 δὲ
855 479 1112 530 Βελισαριος
1141 477 1412 533 Καλώνυμον
1445 477 1761 534 τὸν-ναύαρχον

139 555 184 591 V.
204 540 487 597 132·ὧ’ρκισεν,
525 539 641 594 ὅπως
667 541 834 588 ἅπαντα
870 544 922 589 τὰ
957 547 1243 602 διαρπαγέντα
1274 547 1430 604 ἐνέγκῃ,
1459 545 1531 589 καί
1559 543 1786 605 ἆποδοόσῃξ

278 616 368 661 τοῖς
400 612 569 661 οἰκείοις
593 609 835 663 δεσπόταις.
895 610 915 654 ὃ
949 615 995 655 δὲ
1036 612 1401 669 σφετερισάμενος
1428 615 1471 665 ἐξ
1502 615 1658 667 αὐτῶν,
1689 617 1765 656 καί

279 677 558 733 ἐπιορκήσας,
586 678 638 720 οὐ
677 678 785 732 μετὰ
818 680 927 722 πολὺ
964 679 1039 736 τήν
1077 682 1194 737 δίκην
1222 679 1376 724 ἔτισεν.
1433 680 1515 733 ἔξω
1544 682 1626 739 γάρ
1657 698 1761 739 φρε-

243 747 368 794 cmiv
397 744 617 800 γενόμενος
644 747 721 803 τὴν
749 744 906 790 ἑαυτοῦ
933 751 1131 803 γλῶσσαν
1161 749 1311 805 φαγών
1341 750 1567 796 ἀπέθανεν.
1636 752 1762 792 Βελι-

279 812 429 867 σάριος
472 815 520 856 δὲ
549 811 622 856 τὸν
659 813 761 857 λαὸν
803 814 940 858 εἱστιά
976 817 1226 870 βασιλικῶς,
1268 819 1344 859 καί
1374 817 1400 873 ἤ
1427 819 1505 860 τοῦ
1531 817 1572 860 Γ
1569 820 1763 872 ελι’μερος

276 882 488 936 θεραπεία
518 883 739 937 παρετίθει
761 899 805 924 τε
835 885 908 926 καί
937 881 1125 943 ᾠνοχόει,
1155 885 1228 927 καί
1245 883 1294 927 τά
1314 880 1423 926 ἅλλα
1442 882 1579 927 πάντα
1600 885 1786 939 «inodo-1

275 964 355 1003 γει.
417 946 555 999 οὕτως
587 951 633 992 δὲ
662 949 684 991 ὅ
716 950 953 1008 στρατηγὸς
983 951 1213 1007 α’θορύβως
1229 951 1305 1007 τήν
1324 950 1448 995 πόλιν
1473 950 1624 1008 ἔσχεν·
1657 948 1764 994 ὥστε

277 1012 381 1058 οὐδὲ
410 1012 537 1072 ν’βριν
568 1033 661 1060 τινα
683 1017 890 1073 ἐπήγαγεν
918 1018 1148 1079 α’νθρωπω,
1182 1020 1284 1062 ουδὲ
1313 1020 1386 1062 ἐπι
1410 1022 1483 1076 τῆς
1513 1021 1671 1100 αγορᾶς
1700 1037 1764 1062 τι-

276 1081 354 1134 νάς
383 1086 542 1141 συνέβη
570 1101 647 1142 την
675 1086 813 1129 οἰκίαν
842 1082 1108 1144 ἆσφαλίσαι·
1138 1088 1229 1130 ἀλλ’
1258 1086 1536 1144 ἀγοράζοντες
1568 1087 1606 1131 οἱ
1633 1105 1764 1142 στρα-

274 1154 426 1195 τιῶται
452 1147 619 1208 ἢσθιον,
648 1170 718 1196 και
745 1154 1051 1210 ηὕφραίνοντο.
1081 1154 1178 1205 τούς
1221 1157 1268 1198 δὲ
1299 1171 1360 1205 εις
1388 1154 1442 1198 τοὶ
1475 1154 1570 1212 ἱερὰ
1603 1157 1764 1212 φυγόν-

274 1236 352 1269 τας
383 1217 661 1276 Οὖανδήλους
705 1220 838 1270 πιστὰ
882 1220 985 1272 δούς
1035 1221 1246 1278 ἐξήγαγεν.
1312 1225 1396 1265 τῶν
1435 1225 1484 1266 δὲ
1511 1238 1663 1277 τειχων
1690 1225 1764 1278 τῆς

275 1288 435 1338 πόλεως
475 1289 716 1341 ἐπεμελεῖτο
757 1288 1035 1345 ἠμελημένων
1075 1288 1280 1345 πρότερον
1325 1284 1476 1334 ὄντων.
1541 1288 1686 1345 ἔλεγον
1716 1293 1764 1334 δὲ

275 1356 348 1399 καί
389 1353 575 1398 παλαιόν
609 1355 732 1411 λόγον
776 1358 822 1399 ἐν
852 1355 1102 1414 Καρχηδόνι
1140 1348 1357 1413 εἰρῆσθαι,
1388 1357 1446 1408 ὥς
1474 1356 1520 1401 τὸ
1555 1360 1596 1402 Γ
1621 1357 1765 1409 διώξει

232 1423 325 1473 Du)
354 1426 411 1467 Β.
444 1422 541 1467 νυνί
567 1424 615 1467 δὲ
644 1426 904 1468 τετέλεσται.
963 1425 1173 1483 πρότερον
1205 1423 1287 1483 γάρ
1317 1427 1359 1469 Γ
1357 1426 1544 1483 ιζέριχος
1573 1425 1765 1484 Βυνιφά-

379 1607 407 1629 1.
434 1596 486 1636 εἰς
512 1590 554 1631 τό
580 1594 769 1633 παλάτιον
799 1596 825 1630 A
853 1609 895 1639 e,
922 1598 963 1634 ἒν
997 1597 1049 1646 τεῦ
1074 1600 1243 1645 παλατίω
1268 1597 1365 1642 vulg.
1494 1609 1527 1632 2.
1552 1598 1668 1646 τούτω
1694 1611 1759 1645 πρ

372 1646 415 1684 A,
442 1642 561 1701 τούτῳ
587 1645 638 1692 τῷ
661 1658 725 1706 πρ.
752 1646 849 1690 vulg.
983 1649 1016 1682 5.
1044 1645 1207 1694 diamasa
1236 1647 1272 1686 A,
1299 1645 1456 1692 ὁρκίσας
1479 1646 1575 1691 vulg.
1727 1660 1760 1692 7.

372 1691 416 1728 οὐ
444 1689 540 1743 μετὰ
568 1694 607 1735 Α,
637 1698 701 1728 καὶ
727 1692 770 1729 οὗ
795 1707 836 1755 μ.
865 1695 964 1740 vulg.
1107 1706 1142 1738 9.
1168 1696 1368 1742 Γελίμερος
1401 1694 1443 1735 Α,
1481 1696 1635 1741 Γελίιιερ
1662 1697 1759 1740 vulg.

379 1752 431 1775 ιο.
456 1745 656 1788 παρετίθει
681 1753 721 1777 τε
745 1746 809 1777 καὶ
839 1743 879 1784 A,
904 1745 1129 1789 παρετίθετο
1151 1747 1215 1778 καὶ
1242 1743 1337 1801 vulg.
1485 1742 1648 1790 οἰνοχόει
1672 1745 1699 1776 A
1729 1756 1760 1777 e.

377 1799 431 1822 12
459 1789 652 1837 ἐπήγαγεν
678 1791 718 1831 Α,
747 1789 905 1837 ἐπάγειν
933 1792 1030 1836 vulg.
1174 1793 1226 1825 13.
1261 1788 1480 1838 ‹impul-lam
1504 1791 1545 1832 A,
1575 1793 1764 1838 σφαλίσαι

371 1838 470 1882 vulg.
577 1840 626 1884 14.
656 1837 794 1881 ἢσθιον
817 1840 858 1879 A,
887 1841 1038 1875 εἴσθιον
1060 1840 1157 1884 vulg.
1255 1839 1549 1887 καταφυγόντας
1572 1851 1605 1873 a.
1711 1852 1760 1885 ¹7·

372 1882 542 1923 παλαιὸν
566 1887 607 1928 A,
633 1886 753 1922 πάλαι
780 1887 877 1932 vulg
1006 1889 1055 1922 18.
1080 1887 1285 1923 τετέλεσται
1314 1890 1355 1929 A,
1383 1889 1588 1923 τετέλευται
1614 1887 1711 1934 vulg.

281 2034 410 2067 latium
447 2035 670 2078 ascendens,
695 2036 734 2070 in
777 2037 969 2071 Gelimeris
999 2036 1130 2072 throno
1156 2028 1270 2072 sedit.
1308 2038 1354 2072 ad
1379 2049 1487 2084 quem
1516 2038 1637 2072 statim
1663 2038 1761 2072 urbis

283 2089 501 2117 mercatores
546 2085 753 2131 caeterique
778 2086 841 2131 qui
866 2086 910 2119 ad
937 2098 1033 2119 mare
1059 2085 1277 2120 habitabant
1302 2098 1493 2128 accessere,
1517 2098 1555 2119 se
1583 2086 1628 2120 ab
1657 2098 1761 2120 exer-

285 2130 360 2163 citu
390 2133 509 2165 navali
538 2133 702 2166 funditus
730 2134 917 2179 compilari
945 2135 1182 2180 queritantes.
1235 2146 1345 2180 quare
1371 2135 1575 2175 Belisarius,
1605 2134 1664 2167 dei
1692 2146 1761 2168 no-

282 2179 382 2211 mine
408 2179 611 2224 religiosius
635 2181 863 2227 interposito,
890 2181 1127 2227 Calonymum
1170 2182 1291 2216 classis
1317 2183 1545 2238 praefectum
1570 2182 1762 2224 adiuravst,

281 2231 323 2259 ut
347 2238 440 2272 quae
467 2229 680 2274 diripuerat,
705 2229 908 2274 deponeret
936 2231 974 2263 in
1004 2231 1175 2271 medium,
1206 2236 1242 2264 et
1267 2236 1396 2264 cuncta
1424 2231 1579 2275 propriis
1604 2230 1761 2264 domi-nis

281 2276 500 2309 restitueret.
550 2276 579 2310 is
610 2289 690 2310 cum
716 2279 908 2323 quaepiam
934 2279 1057 2312 furtim
1082 2279 1302 2318 retinuisset,
1343 2283 1380 2312 et
1407 2278 1657 2311 iusiurandum
1682 2279 1763 2312 vio-

279 2321 402 2364 lasset,
431 2335 505 2356 non
531 2323 594 2358 diu
621 2325 852 2370 postmodum
879 2327 1053 2371 persolvit
1077 2337 1235 2372 poenas:
1272 2337 1290 2358 a
1316 2332 1441 2360 mente
1466 2326 1643 2372 siquidem
1669 2327 1760 2359 11116-

276 2376 412 2412 natus,
445 2371 569 2416 lingua
609 2372 679 2405 sibi
718 2373 889 2406 dentibus
916 2386 1069 2414 corrosa,
1093 2374 1222 2407 misere
1250 2374 1384 2419 periit:
1430 2386 1540 2419 porro
1568 2374 1761 2410 Belisarius

275 2419 454 2466 populum
479 2420 591 2463 regali
619 2431 771 2475 ’prorsus
798 2421 907 2466 epulo
935 2423 1096 2468 accepit,
1121 2422 1160 2454 in
1191 2433 1263 2468 quo
1299 2422 1375 2468 ipsa
1402 2421 1595 2456 Gelimeris
1622 2423 1761 2456 familia

276 2466 377 2500 cibos
405 2468 587 2513 apposuit,
614 2468 692 2512 ipsa
719 2469 844 2502 vinum
870 2470 1028 2511 miscuit,
1055 2475 1274 2516 caeteraque
1299 2471 1501 2504 ministeria
1528 2470 1655 2504 obivit.
1708 2471 1760 2504 ita

276 2514 350 2549 dux
378 2515 443 2549 ille
472 2515 577 2549 nullo
603 2526 696 2560 pene
719 2516 810 2550 belli
841 2518 1001 2551 tumultu
1020 2517 1145 2551 urbem
1166 2518 1354 2552 obtinuit.
1382 2518 1473 2552 adeo
1502 2523 1544 2551 ut
1569 2519 1664 2551 nulli
1690 2518 1760 2551 110-

275 2565 416 2597 minum
441 2563 543 2597 illata
579 2564 688 2597 luerit
714 2565 859 2606 iniuria,
883 2566 1007 2599 nullus
1039 2566 1077 2599 in
1103 2566 1180 2598 fon-o
1208 2567 1390 2612 propriam
1418 2566 1585 2600 obserare
1613 2566 1759 2600 domum

277 2611 391 2645 suerit
417 2617 585 2646 coactus:
613 2611 704 2657 quin
732 2614 857 2659 potius
881 2614 1095 2648 necessariis
1119 2615 1237 2659 pretio
1264 2615 1482 2660 comparatis
1507 2614 1642 2647 milites
1666 2625 1759 2659 epu--

277 2659 471 2702 libantur,
507 2665 545 2694 et
578 2661 723 2704 genium
764 2661 949 2695 fovebant.
1016 2661 1063 2695 ad
1091 2663 1228 2707 templa
1270 2674 1352 2696 vero
1393 2662 1556 2708 profugis
1583 2661 1759 2696 Vandalis

278 2707 386 2740 iidem
409 2707 511 2742 dedit
523 2708 728 2749 Belisarius,
754 2714 791 2742 et
817 2721 835 2742 e
860 2710 966 2743 sacris
995 2710 1084 2743 10613
1109 2710 1254 2744 eduxit.
1284 2717 1322 2744 et
1348 2710 1451 2744 urbis
1475 2710 1658 2743 moenium
1684 2710 1759 2755 pri-

279 2756 361 2790 dem
388 2756 634 2800 neglectorum
662 2768 783 2789 curam
811 2759 895 2802 egit.
954 2764 1133 2792 caeterum
1165 2759 1311 2804 antiqui
1342 2758 1528 2792 cuiusdam
1557 2757 1645 2791 dicti
1674 2757 1760 2791 sub-

279 2814 502 2838 murmurans
529 2816 648 2839 rumor
666 2804 785 2839 adhuc
799 2805 1014 2851 Carthagine
1032 2805 1235 2840 ferebatur:
1262 2819 1399 2852 gamma
1417 2806 1578 2853 expellet
1594 2806 1696 2840 heta:
1722 2812 1758 2840 et
