1768 3106
239 171 351 237 342
798 183 1150 227 THEOPHANis

232 294 339 334 σθαι
370 293 417 334 ἐν
462 289 684 348 Εὐρώπῳ,
716 289 880 345 ἐξέστη,
923 289 996 329 καί
1023 283 1170 341 πρόσω
1199 287 1279 340 μὲν
1319 286 1516 332 ἐλαύνειν
1545 288 1622 330 οὐκ
1652 285 1715 330 ἔτι

231 357 357 414 ἔγνω·
433 355 702 413 Ἀβανδάζην
728 357 774 398 δὲ
806 354 880 398 τὸν
911 356 1179 411 γραμματέα,
1211 349 1348 408 ἄνδρα
1381 355 1578 412 συνετόν,
1610 356 1715 409 πρὸς

230 424 491 483 Βελισιὶριον
518 423 723 480 ἔπεμψεν,
751 420 824 465 τόν
842 438 887 465 τε
913 420 1146 477 στρατηγὸν
1180 420 1552 476 κατασκεψόμενον
1571 423 1643 464 καί
1669 420 1716 466 τὸ

230 493 518 548 στρατόπεδον
547 493 654 551 τῷδε
675 489 783 548 λόγῳ
816 491 948 545 δῆθεν
971 485 1258 546 μεμφόμενον,
1288 484 1353 532 ὅτι
1378 488 1582 544 βασιλεύς
1607 490 1714 535 Ἰου-

229 560 446 613 στινιανὸς
478 559 578 611 τούς
607 561 805 616 πρέσβεις
834 559 880 599 ἐν
909 558 1101 612 Περσίδι
1129 559 1207 598 οὐκ
1236 554 1427 611 ἐπεμψεν
1445 557 1522 613 τὴν
1547 557 1753 614 εἰρήνηνὸ

229 630 614 684 πρυτανεύσοντας.
687 625 707 668 ὃ
755 628 800 667 δὲ
839 624 1098 681 Βελισάριος
1141 624 1297 677 μαθών
1342 626 1422 666 τοῦ
1462 624 1715 680 πρεσβεύειν

226 696 355 753 ἥκειν,
383 694 510 745 αὐτὸς
541 697 622 750 μὲν
653 691 967 748 ἑξακισχιλίους
1008 690 1315 749 ἐπιλεξάμενος,
1344 691 1544 749 εὐμήκεις
1572 710 1614 736 τε
1644 694 1718 735 καί

181 763 279 807 1)τά
307 762 485 817 σώματα
515 762 685 817 καλούς,
715 758 889 804 ἄπωθεν
905 762 982 803 τοῦ
1000 763 1286 816 στρατοπέδου
1309 759 1558 816 κυνηγὴσειν
1590 758 1713 818 ἐξῄει.

226 833 409 887 Διογένη
444 833 490 872 δὲ
522 829 596 873 τὸν
644 828 890 886 δορυφόρον
929 829 1002 870 καί
1038 827 1288 884 Ἀδούλιον,
1317 822 1454 883 ἄνδρα
1478 827 1713 883 Ἀρμένιον,

225 898 300 942 τὸν
330 896 522 953 ποταμὸν
554 900 757 953 διαβῆναι
783 896 864 939 σὺν
892 896 1070 939 ἱππεῦσι
1094 898 1252 950 χιλίοις
1280 898 1510 952 ἐκέλευσεν,
1541 895 1599 945 ὥς
1628 907 1711 952 ψη·
1735 913 1768 939 ι(

225 965 499 1022 λαφήσοντας
528 965 605 1022 τήν
634 968 711 1008 τοῦ
743 967 937 1018 ποταμοῦ
966 963 1179 1018 διάβασιν.
1258 963 1515 1018 Βελισάριος
1545 965 1592 1007 δὲ
1622 965 1715 1006 ἐπεὶ

225 1032 296 1076 τὸν
313 1031 580 1089 πρεσβευτήν
599 1033 723 1088 ἐγγὺς
744 1032 974 1087 ἐρχόμενον
1001 1029 1120 1088 ἔγνω,
1148 1029 1224 1074 τὸν
1244 1034 1503 1074 παπυλεῶνα
1534 1029 1714 1087 ἐπήξατο

225 1101 271 1142 ἐν
296 1102 441 1159 χωρίῳ
470 1098 629 1160 ἐρήμῳ,
658 1101 917 1156 παραδηλῶν
946 1095 1010 1141 ὅτι
1030 1100 1213 1158 ου’δεμιᾷ
1246 1102 1496 1156 παρασκευῇ
1525 1101 1713 1159 ἑνταῆθα

224 1164 331 1223 ἥκει.
401 1166 500 1217 τούς
539 1170 586 1211 δὲ
630 1165 898 1223 στρατιώτας
943 1168 1185 1218 διεπέταξεν
1215 1169 1290 1222 τῆς
1318 1168 1397 1220 μὲν
1426 1168 1614 1222 καλύβης
1646 1168 1717 1223 ἐφ’,

226 1233 407 1292 ἑκάτερα
437 1232 544 1278 εἶναι
562 1237 737 1295 Θρᾷκας
757 1252 800 1277 τε
829 1233 902 1276 καί
925 1231 1157 1289 Ἰλλυριόυς
1176 1236 1217 1277 Γ
1216 1235 1369 1284 ότθους
1398 1251 1444 1276 τε
1472 1235 1546 1277 καί
1570 1234 1711 1276 Ἔλού·
1733 1238 1768 1279 ιΞ

225 1321 342 1361 ρους,
368 1307 470 1359 μεθ’
502 1302 575 1354 οὓς
611 1303 886 1359 Ουάνδήλους
923 1300 996 1344 καί
1030 1303 1347 1357 ῘΡΙαυρουσιόυς
1377 1306 1455 1345 τοῦ
1485 1318 1529 1344 τε
1562 1303 1711 1345 πεδίου

92 1377 129 1411 Ρ.
150 1378 212 1423 187
227 1373 523 1415 ἐπιπλεῖστον·
595 1371 818 1427 διηκόνουν
860 1369 939 1426 γὰρ
970 1365 997 1426 ἢ
1028 1371 1089 1419 εἰς
1113 1369 1186 1412 ἕνα
1216 1368 1361 1428 τόπον,
1392 1371 1483 1413 ἀλλ’
1513 1369 1714 1425 ἐβάδιζον

85 1447 128 1482 V.
147 1439 534 1496 ι49εἰλισσόμενοι,
578 1439 636 1489 ὥς
661 1441 963 1495 κυνηγοῦντες,
993 1440 1068 1481 καί
1103 1441 1349 1495 παρέργως,
1377 1437 1422 1481 τὸ
1455 1440 1614 1495 δοκεῖν,
1643 1436 1713 1480 τὸν

227 1508 431 1562 Χοσρόου
462 1506 731 1563 πρεσβευτὴν
759 1505 962 1561 ἔβλεπον·
1023 1506 1300 1559 διεζωσμένοι
1332 1522 1376 1548 τε
1409 1507 1608 1560 ἐβάδιζον
1640 1506 1715 1546 καί

228 1577 412 1634 φαιδροί
438 1573 491 1618 τα
524 1573 748 1632 πρόσωπα,
781 1576 968 1625 πελέκεις
989 1573 1269 1629 βαστάζοντες
1299 1576 1373 1617 καί
1394 1573 1651 1630 μεναύλους.
1686 1573 1768 1616 520

329 1758 355 1778 ι.
382 1746 517 1792 πρόσω
542 1745 615 1793 μὲν
660 1745 833 1782 ἐλαύνειν
856 1756 900 1788 a,
935 1741 1032 1792 πρὸς
1057 1743 1076 1781 ὃ
1100 1746 1174 1793 μὲν
1201 1745 1376 1783 ἐλαύνειν
1411 1745 1446 1786 b,
1471 1741 1569 1794 πρὸς
1593 1744 1613 1781 ὃ
1637 1747 1710 1791 μὲν

320 1793 480 1839 ἤλαυνεν
503 1805 521 1827 e
548 1794 567 1827 f
586 1794 681 1839 vulg.
780 1805 811 1839 7.
838 1791 1121 1841 ἀπολεξάμενος
1146 1806 1177 1828 e.
1299 1796 1333 1828 8.
1365 1794 1448 1828 fort.
1474 1795 1707 1841 κυνηγήσων.

223 1946 339 1975 castra
365 1947 541 1975 metatum
569 1941 772 1983 intellexit,
797 1941 916 1976 haesit
933 1942 1123 1984 attonitus,
1154 1947 1192 1976 et
1216 1954 1291 1976 non
1319 1943 1414 1977 ultra
1439 1943 1607 1988 progredi
1635 1948 1706 1977 sta-

221 1990 307 2031 tuit,
332 1990 422 2035 quin
451 1990 573 2035 potius
595 1989 842 2032 Abandazem,
869 1991 933 2036 qui
961 1991 995 2024 ei
1021 1991 1066 2023 ab
1105 1991 1270 2036 epistolis
1311 1997 1347 2025 et
1379 1992 1418 2025 in
1444 1992 1552 2026 rebus
1580 2002 1709 2037 geren-

225 2037 280 2070 dis
306 2038 362 2070 vir
390 2044 560 2071 strenuus
588 2044 693 2080 erat,
730 2039 834 2085 quasi
876 2038 1132 2085 praetexendis
1161 2040 1412 2084 querimoniis,
1444 2039 1544 2085 quod
1571 2039 1708 2085 legatos

223 2084 269 2118 de
295 2083 392 2130 pacis
428 2085 639 2119 foederibus
679 2086 865 2120 servandis
906 2092 1122 2120 tractaturos
1147 2087 1345 2132 imperator
1382 2088 1607 2121 Iustinianus
1633 2099 1708 2121 non

223 2133 381 2166 misisset
416 2133 453 2165 in
491 2134 695 2175 Persidem,
721 2139 757 2168 at
791 2135 910 2181 reipsa
935 2139 1063 2168 ducem
1093 2135 1209 2180 ipsum
1248 2140 1284 2167 et
1324 2135 1403 2168 eius
1436 2136 1634 2169 exercitum
1672 2141 1709 2169 et

223 2186 337 2214 castra
366 2181 651 2226 exploraturum,
670 2181 878 2216 destinavit.
929 2194 1011 2216 eum
1035 2183 1229 2227 legationis
1258 2183 1371 2226 gratia
1400 2184 1579 2229 proficisci
1601 2183 1707 2217 audi-

223 2240 287 2262 eus
319 2228 528 2270 Belisarius,
564 2230 642 2275 ipse
671 2229 873 2272 hominum,
911 2242 1065 2277 quorum
1090 2230 1302 2275 magnitudo
1331 2232 1566 2278 corporisque
1592 2232 1708 2265 forma

225 2276 636 2322 reliquis=praestabat,
665 2278 830 2312 millibus
855 2290 919 2312 sex
956 2279 1106 2320 electis,
1138 2289 1158 2311 a
1186 2279 1312 2312 castris
1338 2279 1508 2313 nonnihil
1535 2281 1707 2314 remotius

223 2325 328 2371 quasi
368 2331 567 2358 venaturus
603 2327 792 2371 processit.
846 2339 952 2371 porro
993 2327 1196 2371 Diogenem
1230 2328 1425 2361 satellitem
1459 2334 1496 2361 et
1534 2328 1707 2361 Adulium

221 2373 337 2406 virum
376 2373 583 2406 Armenium
609 2386 689 2407 cum
726 2375 914 2419 equitibus
947 2375 1050 2408 mille
1080 2375 1182 2420 quasi
1220 2374 1379 2409 fluminis
1415 2375 1504 2409 vada
1533 2383 1707 2423 expertu-

224 2421 288 2460 ris,
317 2420 453 2454 flumen
485 2421 652 2454 traiicere
688 2422 891 2467 imperavit.
957 2427 1139 2456 caeterum
1187 2422 1249 2456 ubi
1282 2424 1440 2468 legatum
1486 2424 1555 2457 iam
1580 2423 1708 2458 adesse

222 2469 401 2513 cognovit,
428 2469 465 2501 in
490 2469 572 2503 loco
599 2468 755 2510 deserto,
781 2475 955 2516 tanquam
982 2476 1156 2516 apparatu
1184 2472 1309 2505 relicto
1338 2478 1374 2506 et
1412 2471 1552 2518 absque
1569 2483 1709 2518 propo-

223 2517 294 2551 sito
311 2527 348 2550 se
374 2515 563 2551 advenisse
581 2518 814 2563 significaret,
842 2519 1075 2563 papylionem
1096 2519 1191 2552 fixit:
1218 2520 1353 2554 milites
1373 2526 1492 2554 autem
1519 2519 1565 2554 ad
1583 2526 1707 2554 tento-

223 2565 267 2598 rii
291 2571 486 2610 utrumque
510 2565 606 2599 latus
633 2566 741 2599 iussit
766 2567 964 2600 consistere
980 2565 1157 2612 (Thraces
1184 2573 1287 2601 erant
1312 2569 1380 2609 illi,
1406 2568 1534 2612 Illyrii,
1561 2567 1705 2609 Gotthi‚

221 2613 339 2655 Eluri,
368 2613 500 2660 quibus
543 2614 651 2647 etiam
682 2613 839 2647 Vandali
878 2619 914 2647 et
938 2614 1114 2648 Maurusii
1141 2615 1287 2649 fuerant
1312 2615 1492 2663 adiuncti)
1520 2622 1556 2650 et
1585 2617 1704 2662 plani-

219 2661 284 2693 tiei
324 2663 481 2706 spatium
506 2662 700 2708 plurimum
723 2673 924 2707 occupare:
954 2662 1201 2697 ministrantes
1219 2665 1355 2710 quippe
1381 2675 1455 2697 non
1484 2664 1702 2704 referebant,

219 2720 286 2742 nec
314 2721 386 2743 uno
413 2721 451 2745 se
478 2710 560 2743 loco
586 2709 848 2753 continebant3
879 2709 942 2744 sed
971 2710 1056 2743 hinc
1084 2711 1171 2744 inde
1196 2712 1433 2757 agglomerati
1461 2717 1499 2746 et
1519 2717 1701 2757 vagantes,

219 2763 431 2792 venatorum
472 2769 571 2791 more
612 2757 886 2802 discurrebant3
923 2757 1042 2792 obiter
1087 2770 1197 2801 vero,
1238 2765 1275 2793 et
1299 2761 1401 2806 quasi
1428 2759 1529 2793 aliud
1553 2765 1700 2805 agentes

219 2804 388 2839 Chosrois
427 2806 588 2852 legatum
623 2817 661 2840 se
685 2805 808 2840 videre
844 2806 1085 2841 simulabant:
1126 2813 1163 2841 et
1199 2808 1398 2853 praecincti
1438 2808 1615 2854 alioquin,
1662 2812 1700 2841 et
