1786 3204
288 185 401 262 276
838 204 1184 246 THEOPHANJS

283 305 356 348 καί
383 304 459 358 τὰς
488 304 644 362 σκηνὰς
672 308 822 362 αὐτοῦ,
849 308 922 349 καί
956 302 1131 361 ἤνεγκαν
1162 304 1459 359 αἰχμαλωσίαν
1486 301 1644 358 πολλὴν
1671 304 1755 344 Σα-

282 375 494 429 ρακηνῶν,
529 373 697 430 ἀνδρῶν
725 376 799 416 καί
826 375 1035 429 γυναικῶν
1065 374 1138 415 καί
1165 372 1344 427 παίδων,
1375 373 1448 414 καί
1477 367 1604 420 ὅσους
1631 364 1757 423 εὗρον

277 440 522 494 Ῥωμαίους
551 442 864 496 αἰχμαλώτους,
890 442 963 483 καί
991 442 1204 495 καμήλους
1237 442 1309 482 καί
1325 437 1520 495 πρόβατα
1549 439 1623 480 καί
1650 435 1757 491 βόας

280 511 355 550 καί
383 507 540 563 πολλὴν
569 508 755 561 με’ταξαν
785 510 855 550 καὶ
885 505 1130 562 ἱματισμόν.
1161 505 1348 550 ἔκαυσαν
1377 507 1425 550 δὲ
1451 507 1525 549 καί
1557 504 1755 562 Περσικά

280 571 441 630 κάστρα
470 579 680 629 τὲσσαρα”
740 577 811 618 καί
838 573 1114 631 ὑπέστρεψαν
1142 573 1248 630 μετὰ
1278 576 1395 630 νίκης
1422 572 1619 630 μεγάλης.
1770 567 1786 606 5

73 651 268 686 A.M.6022
400 643 544 701 Τούτῳ
589 646 645 700 τῷ
685 641 771 685 ἔτει
800 645 872 699 τῆς
902 639 936 699 η’
968 643 1253 698 ε’πινεμήσεως
1285 643 1479 698 ἐποίησεν
1507 638 1528 684 ὃ
1555 638 1759 695 βασιλεύς

244 699 578 761 Β’[ουστινιανὸς
618 710 806 766 διωγμὸν
850 712 983 766 μέγαν
1026 709 1131 752 κατὰ
1173 712 1256 752 τῶν
1276 706 1482 764 Ἑλλήνων
1526 709 1599 750 καί
1622 706 1759 762 πάσης

284 775 502 834 αἱρέσεως,
532 780 607 820 καί
632 776 710 828 τὰς
741 776 900 820 τούτων
936 774 1085 827 οὗσίας
1107 774 1352 832 ἐδήμευσεν.
1412 772 1685 832 κατηγορήθη
1713 776 1760 816 δὲ

281 848 355 887 καί
381 845 652 895 ΙΙΙακεδόνιος
683 844 702 886 ὁ
739 843 821 887 α’πὸ
867 844 1212 902 ῥεφερενδαρίων
1248 846 1323 887 καί
1345 840 1707 899 Ἀσκληπιόδοτος
1736 841 1758 883 ὅ

281 910 362 954 ἀπὸ
398 914 612 968 ἐπάρχων,
644 909 758 962 ὅστις
789 914 860 955 καί
898 914 1102 970 φοβηθείς
1142 913 1388 955 ἐπίστευσεν
1420 910 1493 954 καί
1521 909 1786 966 ἅπέθανεν·ι

280 981 356 1023 καί
396 982 620 1036 Πηγάσιος
659 979 682 1022 ὅ
721 979 1045 1035 Ἱ·Ιλιουπολι’της
1097 977 1178 1022 σὺν
1222 985 1308 1029 τοῖς
1348 981 1507 1028 τέκνοις
1547 979 1680 1020 αότοῦ
1717 979 1761 1019 ἐν

281 1045 450 1106 προόδῳ
493 1046 798 1104 ἐξητάσθησαν,
827 1049 901 1090 καί
932 1049 1087 1096 Φωκεῖς
1116 1046 1137 1088 o‘
1169 1049 1384 1103 πατρίκιος
1411 1048 1490 1089 τοῦ
1520 1048 1762 1102 Κρατεροῦ,

280 1114 354 1156 καί
384 1112 404 1156 ὁ
435 1117 662 1170 κοιαίστωρ
698 1115 884 1168 Θωμᾶς,
914 1113 986 1157 καί
1017 1109 1138 1156 ἄλλοι
1167 1114 1524 1171 συνελήφθησαν·
1582 1114 1656 1155 καί
1683 1111 1763 1169 φό-

242 1184 355 1235 Οβος
383 1179 516 1231 πολύς
546 1183 718 1237 ἐγένετο.
777 1181 851 1223 καί
870 1184 1094 1224 ἐθέσπισεν
1116 1181 1137 1223 ὁ
1167 1180 1387 1236 βασιλεύς,
1417 1178 1524 1224 ὥστε
1552 1178 1611 1237 μη
1644 1184 1763 1222 πολι-

280 1247 486 1291 τεύεσθαι
516 1250 613 1298 τούς
645 1246 948 1305 ἑλληνιζοντας,
980 1251 1088 1305 μηδὲ
1123 1247 1221 1298 τούς
1240 1246 1490 1303 αἱρετικούς,
1523 1247 1649 1304 εἰμὴ
1685 1244 1786 1302 ped-1

280 1330 378 1364 νους
409 1315 509 1366 τοὺς
546 1315 808 1371 ὀρθοδόξους
842 1317 1146 1371 Χριστιανούς,
1187 1313 1289 1366 ὁόὐς
1328 1315 1477 1366 αὐτοῖς
1505 1317 1579 1359 καί
1605 1318 1763 1373 προθε-

280 1384 411 1436 σμίαν
438 1382 517 1433 ἕως
547 1386 694 1439 μηνῶν
722 1385 849 1438 τριῶν
878 1382 984 1438 πρὸς
1013 1382 1288 1440 ἐπιστροφήν.
1318 1384 1376 1441 τῷ
1405 1385 1451 1426 δὲ
1465 1383 1654 1442 Μαρτίῳ
1678 1400 1764 1439 μη..

280 1451 323 1493 νί
352 1453 426 1507 τῆς
457 1452 590 1505 αὕτῆς
630 1448 782 1507 ὀγδόης
825 1452 1079 1501 ἰνὸικτιιῦνος
1117 1453 1163 1495 ἐν
1193 1452 1440 1509 Ἀντιοχείᾳ
1470 1447 1762 1507 ὗἙρμογὲνης

282 1517 303 1559 ὁ
337 1517 420 1560 dud
471 1517 646 1560 ὑπάτων
676 1518 908 1574 μα’γιστρος
939 1521 1011 1561 καί
1041 1519 1274 1576 εΡουφῖνος
1302 1518 1322 1560 ὅ
1353 1515 1434 1561 ἀπὸ
1467 1522 1765 1575 στρατηλατῶν

280 1588 499 1643 πατρίκιος
530 1588 601 1629 ε’πί
629 1584 681 1628 τά
709 1585 906 1644 Περσικοὶ
935 1589 1046 1644 μέρη
1077 1585 1363 1643 ἀπερχόμενοι
1392 1589 1662 1644 πρεσβευταί,
1692 1587 1786 1630 uait

383 1768 407 1790 ι.
439 1759 503 1791 καὶ
531 1758 627 1803 prius
655 1757 737 1790 add.
765 1769 808 1790 ex
835 1759 860 1791 A
885 1758 920 1791 b.
1041 1758 1155 1793 αὐτοῦ
1180 1760 1207 1792 Α
1234 1758 1278 1800 b,
1308 1756 1433 1794 αὐτῶν
1469 1758 1566 1803 vulg.
1707 1770 1758 1791 10.

376 1805 556 1852 ἐπάρχων
574 1806 597 1838 Α
618 1805 653 1846 b,
673 1804 857 1851 ὑπάρχων
878 1806 973 1850 vulg.
1070 1807 1303 1855 ἐπίστευσεν]
1324 1808 1507 1850 ἐπίπησεν
1525 1808 1565 1841 Α.
1591 1812 1759 1840 neutrum

375 1865 499 1886 verum
530 1865 605 1886 esse
633 1853 786 1888 videtur.
916 1857 968 1889 15.
993 1853 1117 1902 μόνον
1142 1866 1174 1888 a.
1298 1857 1349 1889 18.
1377 1853 1515 1901 ὀγδόης
1539 1854 1621 1888 add.
1650 1866 1694 1888 ex
1720 1857 1759 1887 Α.

283 2014 357 2035 ram
392 2002 663 2036 multitudinem
701 2002 934 2037 abduxerunt
973 2004 1164 2050 captivam,
1205 2009 1243 2038 et
1270 2016 1361 2051 quos
1389 2015 1554 2051 reperere
1581 2005 1760 2038 Romanos

283 2051 494 2096 captivitate
519 2063 719 2097 oppressos,
744 2052 910 2093 camelos,
950 2064 1033 2086 oves
1059 2052 1254 2098 bovesque,
1272 2064 1340 2086 nec
1363 2065 1438 2086 non
1458 2053 1652 2086 sericorum
1673 2052 1757 2086 filo-

284 2110 362 2131 rum
389 2099 529 2144 copiam
566 2100 750 2143 ingentem
791 2105 982 2146 vestesque
1023 2100 1195 2146 plurimas
1238 2111 1358 2133 secum
1385 2100 1561 2134 tulerunt.
1612 2100 1760 2134 castella

284 2158 429 2191 quoque
453 2148 635 2182 Persarum
662 2153 820 2194 quatuor
859 2148 1126 2182 succenderunt
1152 2147 1241 2193 igni,
1270 2153 1307 2181 et
1331 2160 1411 2181 cuin
1431 2148 1617 2193 praeclara
1643 2149 1761 2182 victo-

285 2195 337 2227 ria
365 2195 515 2238 regressi
544 2201 640 2228 sunt.

99 2250 270 2284 A‚C‚522
377 2242 456 2274 Hoc
482 2254 589 2284 anno,
620 2242 683 2288 qui
711 2247 858 2276 octavae
885 2242 1112 2286 indictionis,
1141 2242 1309 2276 adversus
1332 2242 1487 2287 gentiles
1517 2249 1554 2277 et
1580 2242 1760 2277 haeresim

286 2300 428 2322 omnem
454 2290 673 2323 Iustiniauus
701 2291 900 2336 imperator
924 2291 1213 2337 persecutionem
1243 2290 1365 2332 movit,
1396 2297 1433 2324 et
1456 2302 1579 2326 eorum
1602 2292 1762 2326 faculta-

286 2343 340 2371 tes
365 2338 504 2370 aerario
545 2338 693 2382 publico
736 2337 891 2372 addixit.
951 2345 1037 2373 tunc
1061 2345 1246 2372 aecusatus
1273 2344 1327 2372 est
1351 2338 1586 2373 Macedonius
1615 2340 1760 2374 exrefe-

287 2383 474 2418 rendarius
502 2390 538 2418 et
563 2386 841 2430 Asclepiodotus
866 2387 1137 2431 expraefectus»,
1181 2387 1242 2432 qui
1274 2392 1370 2420 nictu
1396 2387 1519 2432 pulsus
1545 2387 1653 2421 fidem
1682 2400 1760 2421 am-

285 2433 413 2479 plexus
449 2438 503 2465 est
531 2439 568 2466 et
593 2433 686 2467 obiit
708 2440 879 2467 mortem:
905 2435 1070 2479 Pegasius
1092 2435 1200 2468 etiarn
1224 2446 1304 2468 cuin
1331 2435 1413 2468 filiis
1437 2436 1534 2469 inter
1559 2435 1761 2482 proceden-

285 2480 370 2514 dum
398 2482 622 2513 examinatus
648 2486 720 2514 est:
749 2481 883 2515 phocas
909 2483 1017 2515 etiam
1043 2482 1214 2527 patricius
1241 2482 1379 2516 Crateri
1404 2483 1513 2524 filius,
1540 2489 1578 2517 et
1602 2483 1760 2518 Thomas

286 2534 468 2575 quaestor,
507 2534 544 2562 et
568 2528 629 2560 :ilii
656 2528 777 2573 plures
811 2529 1080 2574 comprehensi:
1111 2530 1211 2576 quod
1246 2531 1439 2564 maximum
1460 2531 1626 2565 omnibus
1651 2532 1760 2566 timo-

285 2588 358 2609 rem
385 2576 544 2610 incussit.
595 2575 793 2622 imperator
819 2582 939 2610 autem
965 2577 1059 2611 solos
1083 2577 1315 2620 Christianos,
1338 2590 1473 2626 eosque
1498 2585 1593 2614 recta
1618 2581 1656 2613 in
1687 2578 1758 2612 'fide

288 2624 474 2669 probatos,
500 2623 546 2657 ad
576 2624 779 2657 communia
805 2630 842 2657 et
869 2625 1019 2658 curialia
1049 2637 1198 2660 munera
1225 2626 1435 2660 sustinenda
1452 2626 1609 2670 admitti,
1638 2628 1761 2673 genti-

284 2672 338 2705 les
364 2677 401 2706 et
426 2671 626 2706 haereticos
663 2671 708 2703 ab
734 2672 785 2705 eis
811 2674 967 2706 amoveri
1002 2674 1075 2707 lata
1102 2675 1181 2719 lege
1209 2676 1341 2717 sanxit3
1369 2674 1498 2709 iisdem
1522 2687 1606 2710 vero
1632 2676 1759 2709 trime-

285 2726 356 2753 stre
383 2725 524 2765 tenipus
559 2718 742 2753 ineundae
779 2720 1049 2765 resipiscentiae
1082 2722 1276 2756 terminum
1314 2722 1480 2756 ultimum
1515 2723 1757 2769 praescripsit.

285 2779 392 2812 porro
417 2779 538 2801 meuse
566 2767 698 2800 Martio
732 2767 893 2802 eiusdem
926 2768 1136 2803 indictionis
1166 2771 1407 2814 Hermogenes
1452 2772 1695 2805 exconsularis
1722 2776 1761 2804 et

284 2815 467 2861 magister,
504 2827 571 2851 nec
595 2826 670 2850 non
695 2815 844 2850 Rufinus
874 2818 1088 2863 exmagister
1110 2818 1264 2852 militiae
1306 2824 1343 2853 et
1366 2819 1537 2865 patricius
1563 2817 1757 2854 Antiochia
