1768 3106
244 109 356 182 330
806 134 1153 178 THEOPHANJS

240 230 322 274 σὺν
355 234 461 282 πᾶσι
487 237 577 284 τοῖς
605 228 743 292 ἑαυτῷ
773 231 992 289 ἑπομένοις
1020 237 1125 279 ἰέναι
1145 270 1158 283 ,
1190 237 1288 294 πρίν
1316 253 1358 286 τι
1386 236 1622 294 περαιτέρῳ
1652 252 1720 292 γε·

240 301 392 342 νέοθαι
425 301 565 344 κακόν.
597 299 619 344 ὅ
653 303 700 346 δὲ
731 305 770 345 Γ
769 302 946 359 όγθαρις
975 301 1046 347 τὸν
1069 298 1344 361 Ἀρεόβινδον
1370 305 1431 354 εἰς
1461 302 1560 354 τούς
1588 320 1720 360 στρα-

240 365 396 419 τιώτας
425 368 668 427 διέβαλλεν,
698 367 756 420 ὥς
791 365 1002 427 ἄνανδρόν
1031 386 1078 413 τε
1105 370 1179 414 καί
1206 372 1346 414 δειλὸν
1375 373 1451 414 καὶ
1478 369 1557 422 τοὶς
1591 369 1720 426 ῥόγας

240 432 405 484 τούτοις
430 433 489 491 μὴ
519 436 759 491 βούλεσθαι
786 436 968 480 διδόναι.
1002 436 1026 479 ὅ
1061 439 1108 480 δὲ
1132 437 1404 494 Ἀρεόβινδος
1428 436 1510 480 σύν
1537 439 1595 496 τῷ
1619 437 1720 490 Ἀρ-

239 499 399 560 rafidim
432 502 507 546 καί
532 509 620 554 τοῖς
647 500 864 558 ἑπομένοις
882 502 990 547 κατὰ
1017 507 1058 548 Γ
1056 502 1285 560 ογθάριδος
1313 506 1501 561 διῆλθεν.
1558 506 1633 546 καί
1655 502 1756 559 7125

103 573 142 608 P.
162 574 225 608 ¹80
239 583 351 611 νεται
380 568 503 626 μα’χη
531 568 576 613 ἕν
605 587 649 613 τε
679 577 774 622 ταῖς
802 570 1001 623 ἐπάλξεσι
1030 571 1104 614 καί
1130 578 1221 622 ταῖς
1240 576 1409 631 λοιπαῖς
1437 570 1607 621 πύλαις.
1635 572 1719 613 τῶν

239 637 286 678 δὲ
316 639 592 692 στρατιωτῶν
639 636 679 681 οἱ
708 643 897 682 πλεῖστοι
933 639 1011 682 ουίι
1048 637 1235 695 ἔγνωσαν
1259 637 1312 681 τὰ
1342 636 1424 681 ὑπὸ
1455 641 1496 681 Γ
1495 637 1721 693 ογθάριδος

235 707 551 760 μελετηθέντα,
590 704 666 747 καί
698 705 981 761 συναγόμενοι
1020 709 1110 749 κατ’
1147 707 1286 749 αὐτοῦ
1314 706 1557 759 ὡπλίζοντο,
1617 704 1639 747 ὅ
1671 707 1720 749 δὲ

226 769 501 826 ,Ἀρεόβινδος
531 772 637 815 ἰδών
665 771 924 829 ἀνθρώπους
953 776 1254 828 κτεινομένους,
1276 772 1414 830 αἠθης
1445 767 1504 815 ὢν
1531 775 1607 815 τοῦ
1633 788 1719 816 τοι-

234 837 362 881 ούτου
408 838 655 894 θεάματος,
690 839 767 896 τὴν
808 842 971 883 δειλίαν
1000 837 1078 883 οὔκ
1110 838 1312 895 ἑνεγκών,
1357 838 1528 898 ἔφυγεν,
1556 841 1632 882 καί
1659 841 1768 890 εἰςι(

232 906 280 950 τὸ
314 906 389 961 τῆς
421 908 784 962 παραθαλασσίας
812 908 1114 965 μοναστήριον,
1155 905 1259 964 ὅπερ
1286 907 1490 962 Σολομῶν
1515 906 1719 961 ἐδείματο

233 975 307 1017 καί
332 975 653 1030 περιετείχισεν,
685 972 744 1025 ὥς
775 973 986 1032 φρούριον
1015 977 1228 1032 ἀσφαλές,
1259 977 1320 1025 εἰς
1350 973 1452 1018 αὐτὸ
1481 976 1720 1031 κατέφυγεν

232 1041 314 1084 σὺν
354 1043 409 1100 τῇ
445 1041 618 1097 γυναικὶ
661 1044 735 1085 καί
772 1045 825 1100 τῇ
866 1042 1044 1101 ἀδελφῇ.
1103 1044 1197 1086 τότε
1239 1045 1315 1086 καί
1341 1039 1601 1099 Ἀρταβάνης
1634 1057 1720 1098 φυ-

233 1112 286 1168 γῇ
330 1108 556 1166 ἐχρήσατο.
630 1109 851 1166 Γόγθαρις
891 1112 939 1153 δὲ
975 1109 1081 1154 κατὰ
1115 1108 1269 1167 κράτος
1306 1109 1505 1167 νικήσας,
1547 1108 1595 1152 τὸ
1636 1126 1719 1151 πα·-

197 1176 378 1224 Βλάτιον
407 1175 574 1232 ἔλαβεν.
634 1175 1023 1233 μεταπεμψάμενος
1053 1180 1102 1221 δὲ
1118 1178 1187 1222 τὸν
1215 1181 1289 1235 τῆς
1317 1179 1479 1228 πόλεως
1511 1177 1717 1234 ἀρχιερέα
1735 1175 1768 1217 ¹!

234 1247 310 1288 καί
329 1245 607 1304 Ἀθανάσιον,
634 1244 686 1289 τοὶ
711 1244 841 1289 πιστοὶ
862 1248 918 1304 τῷ
948 1248 1200 1306 Ἀρεοβίνδῳ
1217 1247 1413 1290 ε’κέλευσε
1433 1245 1616 1300 διδόναι,
1643 1244 1718 1287 καί

231 1313 293 1362 εἷς
321 1311 368 1355 τὸ
399 1312 606 1357 παλάτιον
632 1310 765 1357 αὖτόν
782 1312 970 1369 ἀγαγεῖν,
1005 1313 1239 1370 ἀπειλήσας
1261 1313 1556 1371 πολιορκήσειν
1585 1311 1716 1355 αὐτὸν

226 1378 538 1438 ἀπειθήσαντα,
565 1381 640 1424 καί
665 1382 818 1438 μηκέτι
847 1382 964 1440 αὐτῷ
996 1381 1106 1437 ὑπὲρ
1155 1383 1228 1437 τῆς
1259 1382 1471 1439 σωτηρίας
1498 1379 1552 1424 τὰ
1582 1379 1712 1423 πιστὰ

221 1445 392 1490 δώσειν.
450 1446 475 1490 ὅ
505 1449 553 1490 δὲ
583 1446 701 1504 παρά
725 1450 805 1491 τοῦ
832 1446 1067 1491 ἐπισκόπου
1092 1448 1367 1503 ζΡεπαράτου
1391 1446 1447 1491 τὰ
1473 1446 1601 1491 mord
1633 1452 1711 1490 λα-

219 1511 322 1570 βών,
350 1517 407 1574 τῷ
436 1518 479 1559 Γ
477 1514 678 1572 ογθάριδι
710 1517 771 1566 εἷς
801 1509 903 1572 ὄψιν
931 1512 1077 1574 ἦλθεν,
1106 1517 1182 1559 καί
1194 1515 1357 1573 πρηνὴς
1385 1514 1527 1559 πεσών
1555 1513 1768 1571 ἔκειτομο

320 1675 349 1698 1.
377 1663 577 1712 ἑπομένοις
615 1666 666 1705 Α,
695 1665 887 1714 ἑπόμενον
916 1666 1012 1711 vulg.
1158 1676 1191 1699 2.
1230 1660 1348 1701 κακὸν
1374 1665 1430 1707 Α,
1456 1663 1584 1700 κακῶν
1607 1664 1705 1707 vulg·

313 1714 347 1748 5.
379 1712 531 1756 διῆλθεν
555 1714 603 1754 A,
646 1710 761 1758 ἦλθεν
796 1714 893 1759 vulg.
1037 1725 1089 1758 ¹9·
1119 1712 1350 1760 Ῥεπαράτου
1383 1715 1410 1747 Δ
1439 1712 1462 1745 b
1489 1723 1523 1755 e,
1555 1710 1706 1748 Ῥεπειέ-

312 1772 381 1796 του
405 1760 502 1807 vulg.

225 1881 291 1928 qui
316 1885 439 1926 partes
465 1880 543 1915 eius
570 1880 779 1923 tuebantur,
805 1881 1004 1916 contrarius
1027 1882 1108 1922 iret,
1127 1885 1324 1927 antequam
1337 1881 1471 1914 malum
1495 1879 1605 1914 latius
1630 1890 1708 1913 ser-

222 1934 348 1975 peret,
371 1928 596 1963 hortabatur.
647 1940 692 1963 ex
718 1929 867 1963 adverso
889 1929 1077 1963 Gottharis
1104 1928 1347 1962 Areobindum
1373 1934 1548 1974 tanquam
1572 1927 1708 1961 imbel-

165 2011 169 2016 Δ
223 1977 296 2010 lem
322 1988 363 2010 ac
399 1977 691 2022 pusillanimem,
729 1979 867 2024 quique
903 1977 1086 2023 stipendia
1115 1977 1254 2010 solvere
1291 1976 1422 2018 nollet,
1450 1975 1548 2022 apud
1572 1976 1708 2008 milites

223 2023 452 2058 traducebat.
501 2024 732 2059 Areobindus
766 2031 889 2059 autem
923 2037 1001 2058 cum
1026 2025 1207 2059 Artabane
1247 2024 1496 2069 caeterisque,
1533 2024 1597 2069 qui
1624 2035 1706 2056 eum

224 2072 372 2118 sequuti
399 2074 566 2114 fuerant,
604 2079 730 2108 contra
757 2073 962 2107 Gottharim
999 2073 1201 2118 processit:
1237 2077 1274 2105 et
1303 2071 1348 2104 ad
1378 2071 1456 2116 ipsa
1493 2082 1708 2116 propugna-

223 2120 318 2161 cula,
351 2124 485 2161 turres,
519 2120 694 2167 urbisque
718 2127 843 2168 portas
886 2122 957 2155 acri
985 2132 1105 2167 pugna
1131 2119 1339 2153 dimicatum
1371 2123 1437 2152 est.
1488 2119 1595 2152 multi
1620 2130 1705 2152 vero

222 2167 381 2207 milites,
407 2179 556 2209 eorum,
596 2181 691 2215 quae
730 2169 918 2203 Gottharis
960 2168 1198 2208 moliebatur,
1242 2166 1378 2207 nescii,
1430 2177 1528 2199 arma
1574 2166 1706 2200 adver-

223 2226 283 2248 sus
327 2226 407 2247 eum
449 2217 692 2262 arripuerunt.
746 2229 851 2263 porro
885 2215 1115 2251 Areobindus
1157 2214 1221 2248 ubi
1261 2213 1427 2248 homines
1474 2214 1610 2248 occisos
1647 2214 1706 2247 vi-

224 2263 289 2304 dit,
315 2262 526 2297 huiusmodi
549 2265 764 2310 spectaculis
797 2265 947 2298 minime
973 2270 1158 2305 assuetus,
1191 2273 1271 2296 cum
1309 2263 1473 2296 timorem
1511 2273 1587 2296 non
1626 2273 1706 2297 am-

222 2311 320 2358 plius
359 2310 493 2354 ferret,
528 2312 635 2356 fugae
669 2324 707 2346 se
742 2313 958 2355 committit,
1001 2317 1040 2346 et
1080 2311 1118 2345 in
1148 2311 1433 2351 monasterium,
1460 2309 1561 2357 quod
1597 2309 1705 2344 Salo-

222 2371 309 2393 mon
342 2357 390 2392 ad
426 2370 523 2393 mare
562 2366 772 2394 extruxerat
803 2361 988 2406 murisque
1017 2365 1188 2404 tanquam
1210 2369 1327 2392 arcem
1361 2358 1596 2392 firmissimam
1622 2368 1706 2389 mu-

222 2407 376 2448 niverat,
418 2417 456 2440 se
488 2418 569 2441 cum
602 2418 716 2441 uxore
750 2414 861 2454 atque
885 2418 1008 2441 sorore
1032 2407 1199 2441 contulit.
1262 2411 1337 2439 tum
1361 2417 1448 2440 vero
1475 2406 1584 2440 etiam
1611 2404 1705 2449 sugit

223 2454 438 2489 Artabannes.
489 2461 526 2489 at
565 2454 755 2489 Gottharis
795 2457 981 2489 victoriam
1015 2466 1081 2501 per
1106 2466 1279 2488 summam
1303 2454 1375 2488 vim
1403 2453 1569 2499 adeptus,
1597 2453 1703 2498 pala-

223 2504 316 2537 tium
345 2503 547 2549 occupavit.
599 2507 676 2536 tum
700 2503 800 2537 urbis
826 2503 999 2548 praesuli,
1039 2503 1182 2548 ipsique
1212 2501 1412 2536 Athanasio
1443 2501 1491 2535 ad
1515 2512 1552 2534 se
1580 2511 1702 2534 accer-

225 2551 304 2585 sitis
331 2550 575 2592 denunciavit,
600 2556 642 2584 ut
666 2549 738 2585 fide
763 2551 911 2597 publica
937 2550 1019 2584 (lata
1036 2549 1284 2584 Areobindum
1312 2550 1359 2583 ad
1387 2549 1564 2596 palatium
1589 2547 1701 2581 duce-

224 2604 317 2640 rent,
345 2599 509 2646 alioqui,
536 2599 566 2632 si
603 2609 730 2644 parere
755 2605 920 2639 recuset,
949 2597 1178 2632 ohsidionem
1220 2599 1402 2639 minatur,
1433 2607 1500 2631 nec
1527 2597 1639 2630 ullam
1667 2595 1701 2628 ei

223 2647 350 2681 salutis
380 2658 483 2694 spem
517 2651 582 2680 aut
607 2645 777 2680 fiduciam
808 2657 1009 2692 superesse.
1068 2646 1298 2680 Areobindus
1333 2646 1447 2691 igitur
1478 2649 1624 2689 accepta
1653 2642 1700 2675 ab

224 2695 396 2741 episcopo
416 2696 596 2741 Reparato
619 2693 714 2736 fide,
754 2696 793 2728 in
819 2693 1006 2728 Goitharis
1037 2700 1270 2740 conspectum
1296 2694 1409 2735 venit,
1435 2691 1700 2738 procidensque

224 2742 270 2776 ad
295 2743 373 2778 eius
399 2743 513 2790 pedes
539 2742 661 2786 iacuit,
691 2749 728 2778 et
752 2743 951 2789 evangelia,
975 2742 1014 2777 in
1045 2741 1180 2788 quibus
1206 2743 1344 2778 iuratus
1370 2741 1562 2788 episcopus
1590 2738 1719 2772 fidem·
