1786 3204
236 165 264 200 2
281 143 348 210 ¹4
789 158 1140 203 THEOPHANIS

229 263 518 321 κρατήσαντες
534 264 576 307 οἱ
590 259 785 318 Ἴσαυροι
813 266 954 320 τρίτον
977 262 1068 313 ἔτος
1088 260 1275 318 ἤρκεσαν
1293 262 1575 314 πολεμοῦντες
1593 260 1711 315 cdxv-

228 335 413 388 ρωμένοι
450 334 503 390 τῇ
532 334 653 375 θέσει
683 333 769 374 τῶν
797 331 904 388 ὑπὲρ
945 334 1026 373 τοῦ
1060 328 1233 386 Ταύρου
1263 327 1539 383 πολισμάτων
1566 342 1611 370 τε
1639 328 1714 368 καί

228 398 462 458 φρουρίων.

20 472 217 517 A.M.5986
347 466 492 527 Τούτῳ
535 468 592 527 τῷ
620 466 707 511 ἔτει
749 467 988 524 ληφθείσης
1023 463 1417 514 Κλαυδιουπόλεως
1450 461 1532 506 ὖπό
1560 462 1711 518 Διογέ-

230 553 330 587 νους
358 538 431 592 τῆς
469 534 628 591 μεταξύ
675 537 761 578 τῶν
801 531 1093 588 δύοΤαύρων
1123 535 1178 576 ’ἐν
1218 534 1349 591 πεδίῳ
1387 532 1604 586 κειμένης,
1634 529 1750 573 ου’κὸ

229 605 463 659 ἐνεγκόντες
507 601 548 646 οῖ
587 598 784 659 Ἴσαυροι
835 603 1143 655 καταβαίνουσι
1192 602 1270 642 τοῦ
1321 596 1496 654 Ταύρου
1536 600 1611 640 καί
1641 598 1715 640 ε’·πί

228 670 337 714 πολὺ
366 672 639 727 πολιορκοῦσι
669 669 742 713 τόν
770 671 986 725 Διογένην,
1017 669 1071 719 ὥς
1105 671 1178 711 καί
1203 670 1314 727 λιμῷ
1344 669 1611 711 κινδυνεῦσαι
1642 664 1715 707 καί

230 740 456 797 φθαρῆναι
501 736 547 781 τὸ
574 739 836 795 στράτευμα.
908 736 1015 792 πλὴν
1038 729 1237 792 Ἰᾠάννης
1266 735 1290 778 ό
1319 734 1493 789 Κυρτὸς
1521 730 1714 789 ὑπερβάς

191 805 283 852 Bw}
308 805 434 849 στενὰ
479 808 556 849 τοῦ
601 804 775 861 Ταύρου
815 807 891 848 καί
925 803 1027 855 τούς
1071 803 1267 862 φύλακας
1311 800 1441 856 ἑλών,
1485 800 1712 859 αἰφνιὸιὶος

231 876 380 924 αὐτοῖς
409 873 609 926 ἐπιστάς,
643 874 867 931 διέφθειρε
894 871 943 914 τὸ
974 872 1218 927 στράτευμα
1247 873 1333 914 ταῖν
1362 867 1713 927 πολιορκούντων,
1732 880 1780 908 10

230 939 537 994 ὗπεξελθόντος
587 943 662 984 καί
686 940 928 996 Διογένους.
1002 939 1096 983 τότε
1138 942 1214 982 καί
1246 936 1401 982 Κόνων
1442 936 1716 986 ὃέπίσκοπος

230 1010 402 1064 πληγείς
431 1008 541 1063 μετὰ
572 1006 716 1064 βραχύ
750 1009 943 1066 τελευτᾷ,
974 1010 1047 1050 καί
1072 1010 1230 1064 γίνεται
1246 1011 1335 1056 τοῖς
1357 1006 1585 1061 Ῥωμαίοις
1602 1000 1716 1060 αὕτη
1744 1060 1746 1062 ‚

212 1078 413 1131 δευτέρα
443 1076 517 1118 καί
542 1079 719 1132 μεγίστη
749 1077 858 1131 νίκη.

353 1146 422 1203 Τῷ
456 1146 496 1187 δ”
535 1145 655 1203 αύτῷ
683 1142 766 1186 ἔτει
794 1142 1040 1200 Ζαμοὶσφης
1079 1142 1101 1185 ὅ
1143 1141 1237 1192 υἱὸς
1265 1142 1477 1198 Περιόζου
1505 1143 1715 1197 βασιλέως

234 1215 423 1267 Περσῶν
459 1211 641 1265 ἐξεώσας
670 1209 910 1268 Καβάδην,
952 1209 1182 1268 ἐκράτησεν
1211 1209 1285 1267 ἔτη
1324 1211 1359 1255 δ”
1391 1209 1436 1253 ἐκ
1463 1211 1548 1254 τῶν
1576 1209 1715 1253 αὐτοῦ
1732 1206 1780 1249 15

233 1283 309 1337 τῆς
337 1282 557 1334 βασιλείας
585 1279 785 1335 Περσῶν.
1670 1289 1672 1292 ⁴

22 1366 222 1413 A‚M,5937
342 1344 653 1404 Ἱεροσολύμων
681 1344 913 1390 ἐπισκόπου
947 1346 1211 1403 Mapwpc'ov
1240 1345 1332 1397 ἔτος
1362 1345 1415 1391 α’.

198 1432 225 1466 c
357 1414 500 1474 Τούτῳ
531 1416 591 1473 τῷ
619 1412 704 1458 ἔτει
722 1414 930 1470 Λογγῖνός
953 1431 1016 1464 τις
1042 1415 1064 1456 ὅ
1093 1413 1313 1470 λεγόμενος
1326 1412 1626 1471 Σεληνούντιος
1641 1412 1719 1471 τῆν

230 1477 497 1539 Ἀντιόχειαν
524 1486 601 1539 τῆς
615 1484 830 1546 Ἰσανριάς
858 1484 983 1526 οἰκῶν
1007 1485 1083 1525 ἐπί
1096 1499 1206 1533 τινος
1236 1479 1362 1538 ὅρους
1389 1486 1585 1540 κειμένην
1600 1481 1720 1538 ὕψη-

230 1553 317 1595 «λοῦ
346 1550 455 1595 κατὰ
494 1549 570 1608 τὴν
594 1549 889 1608 μεσημβρινὴν
916 1552 991 1607 τῆς
1019 1549 1169 1607 χώρας
1196 1550 1422 1596 θάλασσαν
1447 1552 1612 1608 εἰσῆγεν
1633 1556 1719 1604 τοῖς
1732 1561 1786 1587 20

332 1700 366 1733 6.
395 1700 432 1735 οἱ
456 1698 539 1732 add.
568 1709 624 1733 ex.
650 1699 692 1734 A.
834 1709 886 1732 ιι,
917 1698 937 1734 ὅ
965 1697 1048 1733 add.
1076 1710 1120 1732 ex
1144 1700 1186 1734 A.
1302 1711 1355 1733 12.
1382 1705 1461 1739 τοῖς
1484 1699 1569 1734 add.
1599 1711 1644 1733 ex
1673 1700 1714 1734 A.

339 1749 390 1781 13.
416 1751 572 1795 μεγίστη
600 1748 642 1790 A,
676 1746 820 1795 μεγάλη
858 1748 954 1791 vulg.
1101 1748 1151 1790 ¹4.
1179 1747 1366 1796 Περώζου
1401 1749 1443 1790 A,
1480 1748 1657 1796 Περόζου
1682 1761 1714 1790 a,

333 1795 511 1842 ΙΙερόξου
538 1796 633 1841 vulg.
756 1798 807 1830 18.
832 1794 1089 1839 Σεληνοῦντος
1114 1797 1143 1830 Α
1171 1797 1196 1830 f.
1307 1807 1365 1830 20.
1389 1791 1651 1846 μεσημβρινὴν
1674 1798 1715 1839 A,

334 1844 596 1893 μεσημερινὴν
621 1844 717 1889 vulg.

237 1983 364 2024 Isauri,
397 1983 677 2016 munitissimam
709 1984 748 2016 in
775 1984 887 2017 Tauri
915 1984 1121 2018 summitate
1159 1983 1369 2018 obtinentes
1404 1995 1542 2025 arcem,
1576 1983 1716 2018 bellum

238 2042 355 2076 usque
388 2031 427 2063 in
451 2032 598 2064 tertium
635 2043 769 2064 annum
813 2038 1090 2078 protraxerunt,
1128 2031 1348 2078 oppidorum
1376 2037 1488 2078 atque
1516 2032 1652 2066 arcium
1677 2031 1716 2066 in

237 2079 359 2111 Tauro
385 2084 510 2112 monte
530 2080 809 2112 constitutarum
834 2080 906 2113 situ
933 2086 1142 2126 opportuno
1169 2080 1311 2113 muniti.

51 2131 228 2177 A‚C‚486
334 2127 413 2159 Hoc
438 2139 534 2159 anno
560 2127 828 2172 Claudiopolim
850 2129 944 2161 iuter
970 2134 1164 2174 utrumque
1190 2129 1350 2162 Taurum
1376 2126 1415 2159 in
1439 2126 1593 2172 planitie
1616 2128 1716 2172 posi-

240 2179 324 2215 tam,
350 2185 370 2207 a
396 2174 561 2219 Diogene
602 2181 744 2220 captam
784 2187 859 2209 non
889 2177 1046 2210 ferentes
1084 2173 1197 2209 Isauri
1224 2174 1453 2209 descendunt
1479 2186 1499 2208 e
1529 2176 1652 2209 Tam-o
1679 2181 1716 2209 et

237 2222 440 2266 Diogenem
479 2222 571 2256 adeo
610 2223 847 2268 pertinaciter
872 2223 1064 2257 obsidione
1090 2224 1239 2265 vallant,
1267 2229 1307 2257 ut
1331 2228 1429 2256 totus
1456 2223 1551 2257 fame
1594 2223 1714 2269 perire

238 2276 276 2303 et
302 2275 461 2303 extrema
487 2271 739 2304 internecione
767 2271 881 2304 deleri
917 2272 1185 2317 periclitaretur
1210 2272 1402 2305 exercitus.
1454 2284 1576 2305 verum
1605 2273 1713 2305 [oan-

237 2329 301 2351 nes
326 2324 566 2362 cognomento
596 2318 749 2362 Cyrnus,
777 2320 953 2364 superatis
973 2320 1086 2353 Tauri
1114 2320 1288 2364 angustiis
1314 2319 1576 2366 prehensisque
1604 2330 1715 2352 excu-

237 2365 328 2407 biis,
367 2367 584 2411 improvisus
611 2366 821 2407 adveniens,
850 2373 887 2400 et
911 2379 984 2400 una
1009 2367 1117 2401 simul
1142 2367 1324 2412 Diogenes
1350 2368 1593 2413 irruptionem
1621 2367 1713 2400 faci-

237 2425 314 2455 ens,
339 2413 499 2447 hostium
528 2414 651 2456 urbem
677 2414 924 2448 obsidentium
950 2416 1073 2460 copias
1099 2426 1223 2448 omnes
1247 2416 1455 2461 prostravit.
1491 2416 1543 2449 ibi
1562 2416 1713 2449 vulnere

235 2468 387 2507 accepto
415 2463 543 2496 Conon
568 2464 760 2508 episeopus
790 2462 891 2496 brevi
916 2463 1149 2507 postmodum
1174 2465 1293 2509 spatio
1319 2465 1496 2508 moritur3
1522 2470 1560 2499 et
1587 2464 1629 2498 fit
1641 2465 1714 2498 Ro-

235 2510 352 2544 manis
377 2510 558 2544 secundae
586 2516 623 2544 et
648 2511 823 2544 maximae
848 2512 1005 2545 accessio
1030 2511 1217 2545 victoriae.

331 2558 468 2592 Eodem
494 2570 590 2592 anno
619 2559 831 2604 Zamasplies
862 2559 1001 2592 Perozis
1020 2559 1203 2592 Persarum
1235 2560 1326 2605 regis
1352 2559 1450 2594 filius
1476 2559 1621 2594 cabade
1650 2571 1714 2594 ex-

234 2605 343 2652 pulso
385 2618 535 2652 regnum
561 2607 745 2640 Persarum
787 2606 949 2642 obtinuit
989 2613 1147 2654 quatuor
1185 2620 1299 2642 annos
1327 2607 1482 2642 Cabadis
1508 2619 1619 2654 regno
1647 2608 1713 2642 de-

232 2653 343 2688 bitos.

49 2702 219 2748 „KG-487
328 2702 663 2746 Hierosolymorum
687 2701 850 2747 episcopi
879 2701 1044 2746 Mat-tyrii
1070 2713 1185 2736 annus
1215 2703 1362 2748 primus.

327 2751 406 2785 Hoc
429 2761 525 2784 anno
553 2749 737 2795 Longinus
760 2748 908 2796 quidam
935 2750 1169 2784 Selenuntius
1206 2751 1324 2785 dictus
1351 2751 1578 2786 Antiochiam
1605 2752 1707 2784 Isau-

233 2798 307 2831 riae
333 2798 371 2832 in
396 2797 582 2845 praecelso
604 2797 765 2845 quodam
796 2803 919 2834 monte
958 2798 1003 2832 ad
1030 2798 1270 2834 meridianum
1299 2800 1458 2846 regionis
1484 2810 1580 2835 mare
1607 2799 1711 2833 sitam
