1768 3106
262 131 381 189 656
830 150 1179 195 THEOPHAle

257 249 461 307 μουσλίμ.
520 248 561 293 οἷ
589 251 638 295 δὲ
666 251 810 294 λοιποὶ
834 252 1139 308 ἀθροισθέντες
1168 252 1275 296 κατὰ
1300 252 1377 309 τὴν
1394 253 1642 310 Σαμάρειαν
1670 259 1746 300 καί

120 320 558 374 v.284T0a>5oev1'u‹5a
594 317 745 374 χώραν
778 320 918 379 κλήρῳ
951 323 1026 377 την
1064 318 1204 377 ἇρχὴν
1234 322 1467 375 ἀπένειμαν
1492 325 1552 382 τῷ
1580 324 1743 378 Ἀβου-

256 388 408 443 λαβάν,
437 388 511 429 καί
535 389 624 440 μετ’
653 388 811 429 ἐκεῖνον
839 391 897 446 τῷ
927 387 1103 446 ἀδελφῷ
1132 389 1268 432 αὐτοῦ’
1297 390 1501 447 Ἀβὸελᾶ,
1530 393 1603 432 καί
1629 391 1740 444 μετὰ

255 457 408 497 τοῦτον
451 456 512 512 τῷ
538 455 688 508 ’[σέβιν
719 452 901 497 Modus·
970 458 1045 498 καί
1073 459 1146 511 τῆς
1188 458 1268 510 μὲν
1299 457 1462 514 Συρίας
1499 464 1744 514 στρατηγεῖν

256 522 411 574 ἔταξαν
438 523 655 577 Ἀβὸελᾶν
685 521 759 564 τὸν
781 517 972 579 ἇὸελφὸν
991 525 1064 565 τοῦ
1091 524 1237 581 Ἀλιζιι,
1271 526 1347 566 καί
1375 523 1473 567 υἱὸν
1491 527 1566 568 τοῦ
1597 526 1768 585 Ἀλίμ,ξ

255 588 331 632 τὸν
360 591 409 631 δὲ
438 585 566 631 αὐτὸν
591 589 733 642 ’Anu
760 590 834 644 τῆς
851 588 1079 645 Αἰγύπτου
1109 585 1281 647 ἄρχειν,
1322 589 1399 634 τὸν
1441 592 1490 634 δὲ
1524 592 1746 646 Ἀβδελᾶν

217 657 332 700 Βτοῦ
355 656 636 711 Ἀβουλαβᾶς
683 654 875 712 ἀδελφὸν
917 658 991 698 a'n’
1019 658 1180 700 ἐκείνου
1209 655 1362 713 ἔχοντα
1390 656 1464 700 τόν
1491 661 1643 714 κλῆρον
1671 662 1747 715 τῆς

258 725 398 779 α’ρχῆς
428 725 501 767 ἐπὶ
525 724 601 778 τῆς
631 725 971 778 Μεσοποταμίας
999 722 1169 776 ἔταξαν.
1229 724 1252 766 ὅ
1286 726 1333 767 δὲ
1365 723 1495 775 αὖτὸς
1522 726 1745 781 Ἀβουλα-

257 794 359 846 βᾶς,
386 789 408 832 ὅ
439 792 513 834 καί
539 788 710 833 πάντων
731 789 938 847 ἐξάρχων,
968 792 1013 834 ἐν
1035 791 1224 846 Περσίδι
1251 790 1472 849 κεκάθικε,
1499 795 1747 847 μετατεθεί-

258 875 336 915 σης
362 856 437 901 ὕπ’
465 858 604 901 αὐτοῦ
629 859 704 900 καί
731 859 816 901 τῶν
860 860 1239 914 συμμαχησάντων
1268 861 1456 916 Περσῶν
1483 860 1566 903 α’πὸ
1590 865 1768 917 Acuca-1

257 928 364 968 σκοῦ
388 925 461 981 τῆς
486 921 639 981 ἀρχῆς,
659 926 733 968 καί
746 927 917 969 πάντων
946 928 1028 969 τῶν
1046 929 1381 984 συλληφθέντων
1409 931 1656 986 θησαυρῶν,
1685 924 1746 973 ὧν

256 992 280 1035 ὅ
311 992 539 1048 ΙΠαρουὰμ
573 993 820 1050 ἐπεφέρετο.
879 991 919 1036 οἱ
947 995 994 1036 δὲ
1023 997 1333 1049 περισωθέντες
1362 992 1455 1038 υἱοί
1470 1011 1513 1038 τε
1541 997 1616 1038 καί
1643 1013 1746 1051 συγ-

254 1066 390 1116 γενεῖς
434 1062 514 1102 τοῦ
544 1059 776 1116 Μαρουάμ
818 1060 1013 1111 ἐλθόντες
1051 1057 1122 1103 ἀπ’
1163 1060 1387 1116 Αἰγύπτου
1428 1062 1744 1121 εἷςἈφρικήν,

255 1128 453 1170 κάκεῖθεν
483 1126 852 1184 α’ντιπεροὶσαντες
880 1128 928 1170 τὸ
960 1130 1143 1185 διοριζον
1171 1127 1331 1183 μεταξύ
1356 1129 1526 1186 Λιβύης
1555 1130 1630 1173 καί
1656 1133 1745 1174 Ev'-

259 1195 404 1251 ρώπης
435 1196 509 1251 τῆς
537 1193 641 1237 κατὰ
672 1194 743 1238 τὸν
772 1194 971 1239 Ὠκεανὸν
999 1197 1147 1252 στενῆς
1174 1195 1409 1255 θαλάσσης,
1439 1196 1488 1240 τὸ
1520 1199 1768 1254 λεγόμενον]

257 1261 428 1319 Σεπταί,
461 1261 539 1317 τήν
563 1263 638 1318 τῆς
662 1260 876 1319 Εὐρώπης
906 1263 1120 1319 Σπανικην
1158 1259 1328 1323 ᾤκησαν
1354 1267 1486 1320 μέχρι
1515 1267 1641 1308 τοῦδε
1670 1269 1748 1310 τοῦ

217 1341 246 1376 c
257 1330 429 1386 χρόνου,
458 1329 630 1384 ἔχοντές
653 1345 774 1380 τινας
791 1328 1205 1387 προκατοικήσαντας
1232 1329 1391 1375 αὐτόθι
1410 1335 1496 1375 ταῖν
1516 1332 1598 1375 «ind
1614 1337 1749 1378 Μαυ-

256 1399 326 1440 ἵου
357 1398 428 1440 διὰ
463 1397 592 1448 πλοὸς
619 1399 878 1455 ἐκριφέντων
906 1402 1062 1456 ἐκεῖσε,
1100 1405 1315 1454 συγγενεῖς
1345 1400 1491 1443 αὐτῶν
1523 1396 1644 1452 ὄντας
1675 1405 1750 1446 καὶ

256 1467 329 1520 τῆς
359 1466 493 1521 αὐτῆς
519 1465 764 1521 θρησκείας.
837 1465 1070 1522 ἐκράτησεν
1094 1467 1143 1508 δὲ
1171 1466 1197 1523 ἦ
1225 1467 1298 1508 ἐπὶ
1322 1466 1553 1525 Μαρουάμ
1584 1464 1745 1520 ἅλωσις

257 1532 329 1590 ἔτη
353 1532 398 1589 ς’,
433 1533 480 1575 έν
505 1526 534 1592 ᾗ
563 1533 701 1576 πᾶσαι
740 1534 820 1587 μὲν
861 1531 908 1576 αῖ
934 1532 1046 1577 κατὰ
1083 1531 1163 1591 τὴν
1187 1534 1352 1592 Συρίαν
1378 1543 1633 1593 περιφανεῖς
1661 1538 1768 1588 nti-2

351 1695 384 1738 4.
412 1689 480 1730 τὸν
499 1692 634 1739 Ἰσέβιν
657 1692 795 1728 Μοὺσε
826 1693 876 1736 Α,
913 1689 980 1749 τὸν
1012 1690 1262 1750 Ἰσεβημὶωυσὲ
1286 1706 1330 1738 a,
1354 1695 1610 1752 Ἱσεβινμοῦσε
1633 1699 1666 1741 f,
1690 1701 1742 1747 τῷ·

340 1740 434 1787 Ἶβιν
457 1744 617 1777 Μουσαὶ
640 1741 738 1786 vulg.
872 1743 904 1776 5.
929 1755 996 1777 τον
1022 1742 1193 1790 ἀδελφὺν
1231 1763 1279 1770 —-
1305 1766 1347 1772 —
1375 1766 1418 1772 -—
1447 1758 1514 1782 τον
1540 1746 1740 1793 δὲ”Λβδε-

347 1791 419 1826 Min
443 1801 514 1823 om.
543 1792 582 1824 A.
681 1792 715 1824 8.
739 1787 1007 1837 ’.Αβουλασβᾶς
1030 1792 1174 1838 saepius
1198 1791 1296 1836 vulg.
1393 1805 1429 1840 9.
1455 1797 1520 1829 καὶ
1541 1799 1682 1839 καθῆκε
1700 1798 1738 1830 Λ.

355 1850 407 1872 ιι.
439 1839 624 1885 συλληφθ.
654 1837 696 1878 Α,
723 1839 920 1884 συλλειφθ.
947 1838 1045 1884 vulg.
1176 1839 1228 1873 15.
1254 1839 1318 1884 τῆς
1344 1850 1415 1874 om.
1431 1852 1464 1874 a.
1592 1846 1644 1880 18.
1673 1840 1737 1880 διὰ

345 1880 465 1926 πλοὸς
486 1889 528 1929 A,
557 1880 621 1921 διὰ
645 1886 791 1923 πλοίων
816 1887 912 1932 vulg.
1036 1886 1146 1928 ὄντας
1176 1887 1261 1922 add.
1293 1899 1338 1923 ex
1364 1889 1405 1924 A.

253 2023 484 2058 chonitidem
502 2024 685 2069 regionem
712 2025 933 2069 congregati,
960 2024 1137 2059 ditionem
1166 2037 1311 2060 omnem
1331 2032 1427 2061 sorte
1446 2027 1738 2065 distribuendam

255 2072 514 2114 decreverant,
549 2073 712 2106 omnium
752 2072 901 2118 quidem
940 2074 1059 2119 primo
1093 2074 1308 2116 Abulabae,
1346 2080 1422 2109 tum
1454 2087 1538 2110 vero
1573 2078 1738 2114 Abdelae

254 2121 334 2153 eius
365 2120 466 2153 fratri
491 2126 573 2165 post
597 2132 690 2162 eum,
715 2131 755 2153 ac
782 2119 916 2154 deiude
944 2121 998 2154 Ibi
1016 2122 1123 2156 Musi.
1176 2128 1213 2156 et
1237 2123 1360 2166 Syriae
1388 2123 1535 2169 quidem
1562 2126 1737 2163 Abdelam

252 2169 365 2203 Alimi
402 2167 575 2209 fratrem,
608 2174 644 2202 et
670 2180 741 2201 una
766 2169 878 2202 Alimi
907 2169 1023 2202 filium
1051 2181 1222 2216 praeesse
1260 2176 1479 2213 statuerunt,
1504 2174 1621 2218 ipsum
1651 2188 1735 2210 vero

250 2216 347 2250 Alim
373 2218 539 2261 Aegypto
572 2217 799 2261 praefectum
833 2216 1039 2259 dederunt,
1079 2218 1256 2251 Abdelam
1282 2224 1402 2251 autem
1426 2219 1634 2256 Abulasbae
1661 2225 1735 2258 fra-

249 2270 342 2297 trem
371 2263 416 2296 ab
444 2275 487 2297 eo
513 2263 656 2308 imperii
681 2270 821 2309 partem
848 2265 1016 2298 sortitum
1050 2265 1350 2311 Mesopotamiam
1387 2267 1570 2303 iusserunt
1595 2276 1732 2307 tenere.

250 2312 282 2345 is
307 2323 415 2358 porro
443 2311 667 2352 Ahulasbas,
705 2313 767 2357 qui
804 2313 968 2346 omnium
1004 2314 1219 2359 praecipuus
1258 2320 1295 2348 et
1330 2321 1515 2360 potestate
1555 2321 1733 2363 praeibat,

250 2361 385 2394 solium
409 2359 448 2393 in
472 2358 618 2392 Perside
644 2360 778 2404 posuit,
806 2361 964 2393 evocatis
989 2362 1158 2394 nimirum
1194 2361 1366 2396 Damasco
1392 2364 1456 2410 qui
1492 2364 1561 2398 sibi
1590 2367 1735 2403 fuerant

249 2408 387 2441 auxilio
416 2408 553 2448 Persis,
590 2412 628 2440 et
662 2408 839 2441 translato
875 2409 913 2440 in
939 2408 1124 2442 Persidem
1153 2409 1333 2454 imperio,
1364 2423 1436 2445 una
1462 2425 1541 2446 cum
1566 2416 1733 2451 omnibus

249 2455 458 2497 thesauris,
487 2466 579 2502 quos
608 2454 697 2488 olim
723 2455 813 2488 illuc
837 2456 996 2489 Marvam
1035 2457 1303 2501 importaverat.
1363 2459 1432 2493 filii
1464 2472 1548 2494 vero
1575 2463 1732 2498 Marvam

250 2510 289 2538 et
314 2503 447 2549 reliqui
481 2504 559 2537 eius
588 2502 711 2536 aflines
749 2503 1017 2537 calamitatibus
1051 2505 1130 2538 istis
1169 2507 1380 2551 superstites
1408 2519 1452 2541 ex
1477 2511 1641 2556 Aegypto
1665 2514 1734 2546 mi-

250 2557 446 2597 graverunt
469 2552 508 2584 in
538 2550 709 2584 Africam.
759 2551 846 2584 inde
869 2553 978 2584 maris
1006 2553 1148 2596 angusti
1178 2554 1313 2588 fretum
1338 2555 1487 2599 Libyam
1517 2558 1562 2590 ab
1588 2559 1732 2606 Europa

248 2601 353 2634 iuxta
384 2611 561 2633 oceanum
603 2597 859 2632 disterminans
893 2600 1115 2634 traiicientes
1155 2600 1282 2648 (Septe
1320 2603 1401 2636 loco
1437 2616 1569 2639 nomen
1596 2607 1730 2642 factum

250 2649 320 2694 est)
352 2648 563 2693 Hispaniam
577 2647 744 2692 Europae
771 2652 910 2692 partem
938 2647 1070 2681 adhoc
1098 2660 1212 2694 usque
1240 2656 1382 2696 tempus
1407 2656 1625 2698 tenuerunt3
1654 2657 1728 2698 alii,

250 2697 339 2729 licet
375 2695 647 2740 superstitionis
687 2695 871 2736 eiusdem,
899 2701 936 2729 et
964 2707 1007 2729 ex
1038 2695 1164 2730 eadem
1190 2698 1303 2744 stirpe
1331 2700 1419 2740 nati,
1445 2712 1536 2745 quos
1561 2703 1728 2738 nimirum

248 2743 404 2777 navibus
432 2743 642 2789 deportatos
667 2743 756 2776 illuc
799 2744 969 2789 exposuit
993 2744 1141 2786 M-wias,
1181 2757 1259 2779 eam
1287 2748 1472 2792 regionem
1498 2749 1599 2795 prius
1623 2753 1728 2785 inco-

249 2793 409 2826 luerunt.
459 2803 568 2838 porro
597 2790 718 2825 clades
742 2791 813 2826 ista
838 2791 905 2825 suh
930 2792 1092 2829 Marvam
1129 2800 1274 2841 recepta
1299 2806 1366 2842 per
1390 2807 1502 2830 annos
1531 2809 1592 2832 sex
1617 2799 1725 2834 dura-
