1768 3106
249 131 368 201 486
795 154 1146 198 THEOPHANIS

246 256 373 298 νόσον
401 254 600 310 ἐμπεσών
629 255 908 314 ἐτελεύτησεν.
940 255 1093 300 τούτου
1119 257 1168 298 δὲ
1194 255 1242 298 τὸ
1274 257 1402 310 σῶμα
1429 255 1590 298 κελεύει
1610 258 1726 299 Χοσ-

244 324 344 379 ρόης
370 319 498 366 ἅλατι
537 327 797 379 ταριχευθὲν
836 324 944 380 πρὸς
987 322 1117 367 αὐτὸν
1159 324 1443 379 κομισθῆναι,
1473 325 1548 366 καί
1574 326 1727 366 τοῦτον

110 395 231 441 P.264
243 389 388 445 νεκρὸν
419 395 596 442 πολλαῖς
639 393 798 441 αἰκίαις
838 394 1082 447 ἐπέβαλλεν.
1150 389 1189 434 οἱ
1218 393 1265 434 δὲ
1296 390 1518 445 Χαζάρεις
1547 388 1725 445 διαρρή-

243 463 388 512 ξαντες
419 460 498 509 τὰς
528 459 732 509 Κασπίας
759 461 898 509 πύλας
927 462 978 517 τῇ
1005 461 1195 514 Περσίδι
1226 458 1527 512 εἰσβάλλουσιν
1556 459 1616 507 εἰς
1645 457 1724 512 τήν

237 525 388 583 χώραν
416 530 490 569 τοῦ
518 527 754 582 Ἀδροηγάν
782 525 864 571 σύν
895 529 955 586 τῷ
981 525 1146 570 ἑαυτῶν
1175 525 1394 584 στρατηγῷ
1423 527 1594 582 Ζιεβήλ,
1626 527 1721 567 δευ-
1738 524 1762 565 5

239 597 344 655 τέρῳ
372 588 463 637 ὄντι
492 595 568 636 τοῦ
595 594 803 649 Χαγάνου
843 597 897 653 τῇ
925 596 1050 653 α’ξίᾳ·
1121 594 1196 637 καί
1223 596 1268 637 ἑν
1296 590 1358 644 οἷς
1382 590 1438 637 ἂν
1465 593 1609 642 τόποις
1637 593 1723 635 διέ-

237 660 400 718 βαινον,
426 660 528 712 τούς
555 677 599 703 τε
615 664 796 716 Πέρσας
813 661 1131 720 ᾗχμαλιότευον,
1158 660 1231 703 καί
1259 659 1338 712 τὰς
1365 659 1509 711 πόλεις
1538 660 1612 702 καί
1640 658 1721 702 κώ-

235 745 321 782 μας
351 731 408 786 τῷ
435 729 544 784 πυρὶ
570 730 846 784 παρεδίδουν.
909 724 1080 785 ἇπάρας
1110 730 1157 771 δὲ
1185 725 1207 771 ὃ
1235 726 1440 783 βασιλεὺς
1474 727 1556 770 α’πό
1578 729 1720 779 Λαζι-

236 798 333 852 κῆς,
363 797 526 846 τούτοις
557 793 825 852 συνήντησεν.
884 794 905 838 ὅ
937 798 984 840 δὲ
1014 795 1176 853 Ζιεβὴλ
1206 798 1356 839 τοῦτον
1384 794 1489 838 ἰδών
1516 797 1589 837 καί
1615 810 1719 850 προ-

237 862 426 920 δραμών,
456 860 777 915 κατασπάζεται
807 859 943 906 adro&
983 863 1056 907 τὸν
1084 865 1327 920 τράχηλον,
1358 862 1433 906 καί
1461 862 1717 919 προσεκὺνη·
1738 877 1768 904 ιι

234 945 307 972 σεν
335 925 483 987 αὗτὸν,
525 929 723 984 δρώντων
750 933 834 973 τῶν
862 935 1052 986 Περσῶν
1091 933 1137 974 ἐκ
1179 935 1253 986 τῆς
1281 932 1444 981 πόλεως
1483 932 1558 974 τοῦ
1591 930 1718 987 Τιφί-

194 1001 350 1048 Βλεως.
408 999 492 1048 πᾶς
522 998 570 1040 δὲ
602 998 624 1039 ὃ
656 996 760 1048 λαός
789 1001 875 1041 ταῖν
896 999 1096 1053 Τούρκων
1126 1001 1188 1049 εἰς
1216 1001 1294 1055 γῆν
1324 998 1524 1047 πεσόντες
1549 1003 1718 1054 πρηνεῖς

232 1063 290 1115 ὥς
319 1067 591 1116 ἐπισταθέντες
614 1068 688 1109 ἐπὶ
712 1064 845 1119 στόμα
879 1068 951 1109 τὸν
973 1069 1153 1121 βασιλέα
1185 1065 1343 1121 ἐτιμων
1369 1064 1496 1122 τιμὴν
1517 1066 1596 1121 τὴν
1617 1068 1719 1120 παρ’

231 1131 376 1177 ἔθνεσι
405 1135 536 1190 ξένην.
567 1132 724 1187 ὁμοίως
747 1137 822 1176 καί
850 1133 887 1177 οἱ
918 1130 1119 1189 ἄρχοντες
1152 1135 1295 1178 αὐτῶν
1315 1135 1388 1178 ἐπὶ
1413 1135 1582 1188 πετρῶν
1609 1134 1716 1175 α’να·

229 1200 382 1255 βάντες
399 1202 457 1259 τῷ
476 1203 595 1259 αὐτῷ
623 1201 812 1258 σχήματι
840 1200 1002 1245 ἔπεσον.
1031 1202 1311 1258 προσήνεγκεν
1343 1204 1391 1245 δὲ
1419 1200 1615 1257 ὄΖιεβὴλ
1644 1199 1718 1242 καί
1734 1199 1768 1240 ιέ

231 1266 306 1311 τόν
320 1265 471 1311 ἑαντοῦ
487 1267 583 1311 υἱὸν
599 1266 863 1324 ἆρχιγὲνειον
880 1273 938 1327 τῷ
951 1274 1132 1327 βασιλεῖ,
1164 1268 1423 1326 ἦδυνόμενος
1443 1276 1532 1320 τοῖς
1564 1267 1715 1312 τούτου

231 1335 382 1392 λόγοις,
417 1338 491 1379 καί
517 1333 848 1391 ἐκπληττόμενος
875 1340 928 1395 τῇ
958 1354 1003 1379 τε
1022 1341 1104 1396 θέᾳ
1133 1337 1208 1380 καί
1236 1340 1287 1396 τῇ
1320 1337 1531 1395 φρονήσει
1563 1337 1713 1379 αὐτοῦ.

228 1403 530 1458 ἐπιλεξάμενος
586 1405 634 1446 δὲ
688 1403 711 1445 ὅ
756 1403 917 1461 Ζιεβὴλ
958 1404 1160 1460 χιλιάδας
1206 1403 1247 1460 μ’
1297 1405 1466 1460 ἀνδρῶν
1515 1405 1716 1460 γενναίων

230 1469 386 1514 ἔδωκεν
424 1474 482 1530 τῷ
517 1474 696 1526 βασιλεῖ
731 1470 840 1530 πρὸς
879 1477 1145 1531 συμμαχίαν,
1187 1482 1260 1517 καί
1289 1472 1418 1523 αὐτὸς
1447 1472 1715 1527 ὑπέστρεψεν

228 1540 290 1590 εἰς
316 1538 393 1595 τήν
433 1540 548 1583 ἰδίαν
589 1538 750 1597 χώραν.
821 1540 998 1592 τούτους
1042 1543 1090 1584 δὲ
1121 1541 1268 1597 λαβών
1308 1541 1331 1583 ὅ
1359 1539 1575 1597 βασιλεύς,
1603 1537 1709 1582 κατα
1727 1554 1768 1578 2<

326 1695 356 1719 ι.
385 1681 564 1732 ἐμπεσών
590 1683 637 1720 ἔτ.
664 1684 706 1726 A,
735 1685 870 1722 ἔπεσεν
895 1686 960 1720 καὶ
986 1686 1034 1721 ἔτ.
1062 1686 1158 1731 vulg.
1282 1679 1325 1720 τὸ
1353 1684 1437 1718 add.
1467 1695 1511 1718 ex
1536 1683 1577 1718 Α.
1675 1683 1707 1716 3.

321 1731 506 1778 ὑπέβαλεν
529 1733 570 1766 Α.
703 1734 736 1778 4.
760 1728 828 1773 τὰς
856 1734 939 1767 add.
967 1745 1011 1768 ex
1035 1734 1076 1768 A.
1188 1748 1224 1781 9.
1252 1727 1494 1782 προδραμὼν
1519 1733 1561 1773 A,
1585 1742 1708 1778 προσ-

326 1781 384 1827 δρ.
413 1782 508 1826 vulg.
658 1782 710 1816 23.
740 1783 958 1821 ἐκταθέντες
983 1794 1051 1816 om.
1079 1781 1128 1823 ὥς
1151 1783 1191 1815 A.
1320 1783 1372 1816 15.
1398 1784 1463 1816 καὶ
1488 1780 1573 1814 add.
1600 1791 1643 1814 ex
1668 1781 1709 1814 A.

329 1840 381 1874 ¹7·
409 1828 476 1873 τήν
499 1831 634 1867 τεθέαν
665 1832 729 1864 καὶ
760 1829 955 1877 φρόνησιν
979 1831 1018 1864 Α.

227 1962 379 1995 interiit.
430 1962 583 1996 cadaver
607 1964 685 1997 eius
725 1963 800 1997 sale
834 1963 949 1997 multo
981 1962 1167 1997 conditum
1202 1961 1248 1995 ad
1283 1972 1320 1995 se
1353 1958 1485 1995 aduehi
1525 1961 1707 1996 ChosroEs

226 2011 342 2050 iussit,
370 2015 407 2044 et
433 2017 613 2044 mortuum
642 2012 730 2044 licet
762 2023 803 2045 ac
829 2023 935 2044 sensu
960 2012 1142 2057 privatum
1169 2009 1382 2044 verberibus
1421 2015 1459 2043 et
1481 2009 1623 2042 iniuriis
1650 2009 1707 2042 la·-

227 2059 341 2091 cerari
370 2059 575 2103 imperavit.
639 2071 744 2104 porro
772 2058 923 2092 Chazari
957 2059 1096 2104 Caspiis
1124 2059 1240 2104 portis
1281 2057 1434 2104 diruptis
1462 2057 1500 2089 iu
1525 2056 1706 2091 Persidem

226 2106 458 2150 irrumpunt,
497 2113 532 2140 et
558 2107 704 2140 Ziebelo
734 2107 839 2148 duce,
864 2107 922 2140 cui
954 2118 974 2140 a
1000 2106 1172 2152 Chagano
1210 2105 1368 2139 secunda
1393 2105 1548 2149 dignitas
1577 2106 1706 2145 inerat,

224 2152 425 2197 Adroiigam
468 2155 689 2199 provinciam
736 2161 942 2200 penetrant.
1003 2166 1235 2201 quocumque
1273 2164 1357 2186 vero
1399 2152 1706 2198 progrederentur

224 2202 346 2235 Persas
371 2200 604 2236 abducebant
631 2203 804 2248 captivos,
832 2209 867 2236 et
893 2202 999 2236 urbes
1024 2213 1209 2248 pagosque
1235 2202 1316 2245 igne
1345 2200 1594 2234 devastabant.
1644 2201 1704 2234 in-

223 2254 326 2282 terea
350 2250 548 2294 imperator
573 2261 593 2282 a
623 2250 749 2283 Lazica
779 2251 936 2292 solvens,
964 2251 1037 2284 illis
1065 2262 1103 2284 se
1128 2249 1325 2294 adiungere
1351 2254 1388 2282 et
1411 2260 1599 2282 occurrere
1626 2255 1703 2282 stu-

223 2295 316 2330 duit.
366 2309 446 2330 cum
471 2297 638 2330 Ziebelus
671 2299 926 2343 imperatorem
968 2299 1169 2344 conspexit,
1198 2297 1342 2330 obviam
1372 2308 1601 2342 progressus,
1627 2298 1704 2331 eius

222 2345 359 2378 collum
379 2344 609 2378 exosculatus
634 2352 700 2387 est,
719 2347 913 2392 ipsumque
938 2346 1112 2388 adoravit,
1133 2346 1248 2379 Persis
1275 2356 1319 2379 ex
1345 2344 1592 2390 urbeTiphili
1617 2357 1705 2391 spe-

222 2393 437 2427 ctatoribus.
488 2394 690 2427 Turcorum
717 2399 837 2427 autern
869 2395 1048 2428 exercitus
1077 2393 1193 2427 omnis
1218 2393 1257 2426 in
1284 2399 1418 2426 terram
1446 2393 1639 2438 procidens
1666 2399 1704 2427 et

221 2441 261 2475 in
288 2441 419 2475 faciem
444 2452 593 2486 pronus,
620 2442 724 2487 quasi
749 2443 948 2475 maiestatis
973 2441 1123 2475 horrore
1152 2446 1342 2487 concepto,
1368 2441 1520 2475 insolito
1550 2441 1703 2474 honoris

221 2500 365 2533 genere,
392 2489 594 2534 gentilibus
618 2495 739 2523 tamen
777 2489 945 2530 solemni,
985 2490 1240 2535 imperatorem
1274 2494 1517 2535 prosequutus
1551 2494 1636 2531 est,
1662 2500 1703 2522 ac

219 2538 360 2582 puriter
385 2537 564 2571 exercitus
589 2538 764 2583 praefecti
784 2548 892 2582 super
918 2548 1002 2570 saxa
1026 2536 1265 2571 ascendentes
1291 2537 1420 2571 eodem
1445 2537 1605 2583 corporis
1635 2535 1704 2569 ha-

219 2584 301 2619 bitu
328 2585 612 2630 procubuerunt.
663 2585 709 2618 ad
734 2585 826 2618 haec
859 2585 1026 2619 Ziebelus
1063 2585 1286 2631 imperatori,
1313 2587 1390 2619 eius
1418 2585 1555 2632 quippe
1580 2584 1701 2619 verbis

221 2633 484 2675 delectabatur,
508 2638 547 2667 et
571 2633 649 2667 eius
684 2638 880 2679 prospectu
915 2645 956 2667 ae
994 2633 1189 2679 prudentia
1215 2634 1324 2680 plane
1358 2632 1583 2678 stupefactus
1610 2631 1698 2666 hae-

219 2680 334 2722 rebat,
361 2681 477 2715 filium
501 2693 616 2723 suum,
643 2682 701 2715 cui
725 2681 858 2726 lanugo
885 2682 1040 2726 primum
1065 2693 1085 2715 e
1112 2682 1216 2715 malis
1251 2687 1338 2716 tunc
1362 2681 1559 2721 oriebatur,
1585 2679 1697 2713 obtu-

219 2728 274 2761 lit.
324 2729 479 2764 selectos
519 2730 668 2764 tandem
705 2730 801 2763 viros
835 2734 1002 2763 strenuos
1043 2729 1088 2763 ad
1115 2730 1354 2776 quadraginta
1391 2729 1505 2763 millia
1530 2728 1697 2762 Ziebelus

218 2774 310 2809 belli
337 2778 455 2812 socios
496 2778 705 2826 imperatori
732 2778 946 2826 assignavitf,
983 2783 1021 2813 et
1048 2778 1086 2812 in
1109 2779 1290 2825 propriam
1317 2776 1548 2824 postmodum
1572 2777 1695 2822 regio-
