1786 3204
289 148 402 216 284
696 163 698 166 ’
846 165 1192 210 Tl-IEOPHANIS

282 272 437 325 τῆλθεν
470 268 492 311 ὅ
523 270 655 324 δῆμος
693 269 754 318 εἷς
781 267 854 310 τὸν
875 269 1110 312 Ἰουλιανοῦ
1138 271 1210 324 τῆς
1252 271 1414 327 Σοφιάς
1441 270 1664 325 λεγόμενον
1693 275 1757 312 λι-

283 338 390 391 μένα
423 339 483 387 εἷς
510 335 584 380 τόν
630 331 741 378 οἷκον
771 336 953 393 Πρόβου
997 338 1217 393 ζητοῦντες
1251 334 1360 379 ὅπλα
1381 371 1392 393 ,
1436 338 1509 381 καί
1538 335 1757 392 κράζοντες

281 400 409 447 ἄλλον
437 407 617 459 βασιλέα
646 403 697 461 τῇ
726 402 858 462 πόλει,
888 407 963 447 καί
989 405 1141 458 ἔβαλον
1170 408 1255 463 πῦρ
1290 407 1349 456 εἰς
1378 405 1430 448 τοὶ
1449 404 1629 463 Πρόβου
1647 424 1657 433 ·
1687 409 1760 448 καί

282 474 522 528 κατηνέχθη
563 468 584 512 ὅ
623 468 744 522 οἶκος.
804 467 1062 528 >calm-9012,
1111 474 1186 515 καί
1213 472 1398 516 ἔκαυσαν
1435 473 1505 516 τὸν
1531 476 1758 527 βαλανεῖον

242 541 362 584 Βτοῦ
385 538 688 595 Ἀλεξάνδρου,
719 538 794 581 καί
819 538 893 582 τὸν
921 542 1078 591 ξενῶνα
1094 543 1171 582 τοῦ
1188 540 1383 594 Σαμψών
1411 539 1486 584 τὸν
1512 542 1658 596 μέγαν,
1687 541 1786 582 καίξ

282 605 499 649 α’παίλοντο
542 604 581 648 οἱ
614 602 854 663 ἄρρωστοι,
884 607 958 649 καί
998 606 1076 663 την
1103 606 1291 664 μεγάλην
1318 611 1539 664 ἐκκλησίαν
1569 606 1647 651 σὺν
1673 614 1759 655 τοῖς

283 675 545 731 α’μφοτὲροις
569 678 680 717 κιόσι
697 692 706 702 ·
751 676 826 716 καί
849 677 966 717 πᾶσα
996 677 1041 717 ἐκ
1069 677 1316 732 τετραέντου
1344 678 1600 732 κατηνέχθη.
1660 675 1679 716 ὁ
1711 678 1759 719 δὲ

282 741 485 797 βασιλευς
518 741 724 799 φοβηθείς
753 742 937 799 ἠθέλησε
964 746 1115 797 βαλεῖν
1137 744 1198 793 εἰς
1228 742 1428 799 ὸρόμωνα
1458 742 1510 786 τὰ
1538 741 1760 800 χρήματα,

282 810 357 852 καί
384 812 569 862 ἐξελθεῖν
615 812 687 852 ἐπί
722 809 797 866 τὴν
829 807 1027 869 Θρᾴκην,
1067 810 1146 861 ἕως
1169 808 1453 867 (Ηρακλειάς,
1496 813 1760 865 καταλείψας

284 877 511 937 φυλάττειν
553 876 599 921 τὸ
640 875 847 921 παλάτιον
884 877 957 921 τὸν
988 877 1275 936 στρατηλάτην
1318 881 1519 922 Μοῦνδον
1548 877 1653 933 μετα
1685 881 1786 921 τοῦι

282 945 380 989 υἱοῦ
411 948 544 988 αὐτοῦ
590 947 664 988 καί
687 949 937 1001 τρισχιλίων
976 947 1145 1001 ἀνδρῶν
1185 945 1257 988 καί
1288 945 1656 998 Κωνσταντιόλου,
1691 945 1764 988 καί

282 1019 373 1064 τοῖς
411 1017 790 1070 κοτβικουλαριόις.
859 1012 911 1071 oi,
950 1016 996 1057 δὲ
1037 1016 1163 1070 δῆμοι
1203 1013 1303 1064 τούς
1341 1013 1526 1070 νεκροὺςΥ
1553 1014 1764 1071 σύραντες

282 1080 438 1136 ἔβαλον
468 1084 527 1132 εἰς
555 1081 630 1138 τὴν
658 1080 897 1135 θάλασσαν,
931 1081 1216 1139 φονεύσαντες
1257 1083 1329 1124 καί
1353 1088 1555 1137 γυναῖκας
1586 1081 1761 1131 πολλάς.

282 1150 428 1208 φήμης
454 1150 500 1190 δὲ
530 1151 780 1205 γενομένης,
819 1145 886 1191 ὅτι
929 1145 950 1190 ὄ
979 1147 1181 1204 βασιλεῦς
1223 1148 1367 1204 λαβών
1407 1149 1484 1204 τὴν
1524 1150 1765 1205 ατῖγοῦσταν

279 1219 458 1274 ἐξῆλθεν
485 1218 530 1259 ἐν
560 1218 610 1274 τῇ
627 1215 787 1275 Θρᾴκῃ,
819 1215 1111 1273 ἀνηγόρευσαν
1139 1218 1320 1270 βασιλέα
1342 1214 1542 1260 ‘Yna'nov
1575 1215 1647 1260 τὸν
1678 1234 1760 1260 πα-
1784 1233 1786 1257 ῑ

239 1287 453 1341 Οτρίκιον,
483 1287 556 1328 καί
594 1285 876 1339 καθεζόμενος
912 1287 958 1327 ἑν
998 1286 1059 1342 τῷ
1099 1282 1256 1342 ἱππικῷ
1299 1284 1536 1341 εὔφημεΐτο
1562 1284 1646 1327 ὑπὸ
1680 1288 1765 1328 τῶν

279 1352 442 1409 δήμων.
523 1355 596 1394 καί
632 1346 809 1407 ἤκουσεν
847 1350 925 1402 τοὶς
952 1350 1206 1407 ὖβριστικὰς
1239 1350 1387 1408 φωνὰς
1421 1351 1500 1402 τὰς
1527 1351 1637 1408 πρὸς
1663 1353 1767 1395 ’lov-

279 1420 492 1464 στινιανὸν
519 1419 594 1463 τόν
619 1421 816 1474 βασιλέα.
873 1415 1006 1476 ἦλθον
1037 1420 1084 1461 δὲ
1114 1422 1188 1461 καί
1215 1419 1297 1461 ἀπὸ
1333 1421 1593 1474 Φλαβιανῶν
1619 1417 1767 1462 νεώτε-

290 1505 357 1546 ροι
384 1487 604 1544 Πράσινοι
646 1486 857 1530 διακόσιοι
903 1487 1159 1544 λωρικάτοι,
1200 1485 1572 1541 ὑπολαμβάνοντες
1601 1487 1768 1537 ἀνοῖξαι

290 1556 337 1600 τὸ
362 1554 567 1600 παλάτιον
597 1556 670 1599 καί
696 1557 938 1611 εἰσαγαγεῖν
956 1554 1024 1598 τὸν
1048 1554 1259 1598 ’Ῡπάτιοκ
1292 1553 1313 1597 ὃ
1344 1557 1390 1598 δὲ
1404 1553 1611 1610 βασιλεὺς
1637 1553 1786 1597 ἀκού-τ

394 1708 421 1731 ι.
446 1694 669 1743 λεγόμενον]
692 1696 787 1742 λέγω
814 1695 854 1729 A.
973 1696 1007 1729 5.
1039 1693 1105 1729 τοῦ
1132 1687 1310 1741 Σαμψών
1333 1694 1374 1735 A,
1402 1692 1469 1730 τὸν
1492 1690 1645 1753 Σαμψώ
1671 1695 1766 1738 vulg.

392 1757 445 1780 ια.
471 1743 548 1779 τῶν
573 1745 893 1790 κουβικουλαρίων
918 1743 1029 1776 scribi
1055 1742 1260 1787 oportebat.
1366 1744 1416 1777 ¹5.
1441 1743 1708 1791 ἀνηγορευσαν
1728 1744 1769 1783 A,

387 1793 453 1827 καὶ
478 1791 538 1828 ἄν.
568 1792 665 1836 vulg.
795 1804 845 1838 ¹9·
874 1789 1076 1838 λωρικάτοι
1099 1790 1140 1832 A,
1168 1789 1382 1837 λουρικιὲῑοι
1404 1791 1497 1836 vulg.
1618 1789 1770 1831 ἀνοῖξαι

386 1841 428 1882 Α,
453 1844 517 1876 καὶ
547 1837 606 1877 ἄν.
636 1840 733 1885 vulg.

293 1991 400 2015 omne
439 1980 521 2025 igne
549 1979 765 2026 depopulati
792 1985 887 2013 sunt.
939 1979 1070 2013 exinde
1099 1979 1239 2024 dilapsa
1274 1980 1403 2025 populi
1429 1979 1540 2012 factio
1566 1977 1613 2011 ad
1636 1977 1771 2010 Iuliani

293 2028 400 2062 aedes
427 2027 602 2075 (Sophiae
630 2034 756 2074 portus
793 2028 822 2061 is
846 2027 995 2076 dicitur)
1030 2028 1211 2068 convenit,
1236 2033 1311 2061 tum
1338 2026 1385 2060 ad
1411 2026 1530 2067 Probi,
1556 2037 1665 2066 arma,
1693 2025 1770 2058 aie-

292 2076 376 2117 bat,
403 2082 602 2122 repertura,
628 2076 843 2110 contendit:
889 2080 927 2109 et
965 2076 1004 2110 in
1037 2076 1125 2109 urbe
1151 2075 1400 2120 imperatorem
1427 2075 1539 2107 alium
1569 2074 1771 2107 inclamans

293 2124 400 2159 Probi
421 2124 566 2158 domum
590 2123 769 2164 incendit,
795 2135 889 2170 quae
916 2136 999 2158 mox
1021 2124 1059 2157 in
1086 2124 1224 2157 ruinam
1248 2129 1337 2156 acta.
1387 2133 1541 2168 pergens
1561 2133 1646 2157 vero
1673 2122 1771 2155 ulte-

295 2172 369 2206 rius
396 2172 435 2205 in
460 2172 657 2207 Alexandri
679 2172 852 2206 balneum
878 2172 1037 2205 flammas
1065 2171 1212 2205 ultrices
1241 2170 1379 2211 intulit,
1406 2181 1574 2214 magnum
1599 2170 1772 2215 Sampso-

293 2220 350 2254 nis
374 2219 598 2265 hospitium,
634 2221 751 2266 aegris
792 2222 900 2254 etiam
934 2221 1062 2254 misere
1099 2219 1337 2264 consumptis,
1368 2217 1580 2260 devastavit,
1603 2229 1770 2262 magnam

295 2279 443 2315 quoque
482 2269 672 2302 ecclesiam
711 2280 790 2302 cum
816 2269 1004 2314 utriusque
1032 2268 1144 2313 partis
1180 2266 1381 2300 columnis:
1406 2271 1484 2300 tota
1507 2278 1592 2300 vero
1618 2265 1770 2312 quadri-

292 2316 429 2363 partito
456 2315 496 2348 in
520 2317 662 2350 ruinam
688 2315 860 2351 concidit.
911 2316 966 2349 his
994 2315 1192 2361 imperator
1217 2315 1376 2355 territus,
1401 2315 1594 2361 pecuniam
1625 2325 1770 2347 omnem

294 2365 334 2398 in
360 2363 570 2398 dromonem
594 2375 799 2410 congerere,
830 2370 866 2398 et
894 2362 1034 2397 Mundo
1066 2363 1220 2396 militiae
1248 2364 1429 2408 magistro,
1455 2368 1491 2397 et
1519 2363 1595 2396 eius
1620 2362 1708 2404 filio,
1733 2367 1772 2396 et

293 2409 458 2447 millibus
482 2409 671 2445 hominum
699 2412 827 2453 tribus,
851 2422 920 2445 nec
939 2423 1013 2446 non
1031 2411 1282 2445 Constantiolo
1307 2416 1344 2445 et
1374 2410 1604 2444 cubiculariis
1632 2409 1677 2443 ad
1705 2421 1771 2455 pa-

294 2461 374 2494 latii
400 2458 601 2493 custodiam
643 2461 803 2500 relictis,
835 2460 873 2493 in
897 2459 1087 2493 Thraciam
1126 2458 1340 2492 Heracleam
1369 2470 1484 2505 usque
1508 2458 1676 2492 secedere
1693 2469 1772 2491 me-

296 2506 493 2542 ditabatur.
545 2506 724 2540 factiones
749 2519 857 2554 porro
884 2507 1059 2541 cadavera
1090 2507 1208 2554 (erant
1234 2507 1344 2540 etiam
1369 2507 1435 2541 illa
1461 2506 1699 2552 plurimarum
1725 2505 1771 2538 ab

296 2558 347 2591 eis
373 2555 570 2590 occisarum
608 2555 817 2602 mulierum)
854 2567 920 2601 per
955 2555 1082 2589 urbem
1117 2560 1302 2601 raptantes
1336 2556 1375 2588 in
1403 2565 1502 2588 mare
1525 2555 1770 2600 proiecerunt.

293 2611 332 2639 at
356 2615 438 2638 cum
463 2614 586 2637 rumor
616 2614 759 2648 sparsus
797 2609 892 2637 esset
923 2604 1173 2649 imperatorem
1209 2602 1366 2636 abducta
1399 2613 1519 2636 secum
1546 2607 1696 2647 augusta
1732 2601 1772 2635 in

292 2651 484 2686 Thraciam
513 2651 738 2698 profugisse,
762 2651 959 2696 Hypatium
996 2651 1189 2696 patricium
1214 2652 1468 2696 imperatorem
1496 2651 1767 2684 salutaverunt:

292 2708 377 2734 mox
403 2699 533 2734 sedens
559 2700 599 2733 in
623 2699 717 2732 circo
758 2699 887 2744 populi
912 2699 1111 2733 factionum
1149 2699 1282 2732 faustas
1307 2710 1412 2732 voces
1438 2699 1595 2745 excepit,
1619 2703 1657 2731 et
1682 2708 1772 2730 con-

293 2748 567 2782 tumeliosarum
594 2747 632 2781 in
669 2746 910 2780 Iustinianum
941 2747 1184 2780 coniecturum
1215 2747 1336 2781 extitit
1362 2745 1519 2780 auditor.
1596 2744 1770 2779 convola-

295 2802 380 2831 runt
403 2797 553 2843 insuper
593 2806 614 2829 a
641 2794 822 2831 Flavianis
858 2795 1019 2829 iuniores
1056 2795 1195 2828 Prasini
1220 2794 1368 2829 ducenti
1393 2794 1546 2836 loricati,
1575 2794 1639 2840 qui
1666 2792 1769 2839 pala-
