1768 3106
239 133 354 202 354
798 152 1147 196 THEOPHANIS

237 253 299 297 ἔτι
335 252 611 310 προκειμένου
653 252 698 295 ἐν
737 254 797 313 τῷ
840 252 1045 312 ἱερατείφ.
1115 252 1191 292 καί
1233 251 1288 306 τῷ
1329 245 1570 306 Αὐγούστῳ
1605 248 1709 302 μηνί

196 323 418 366 Οέπινίκια
450 316 581 375 ἦλθεν
613 315 695 363 οἷπό
733 319 899 377 Ῥώμης
931 321 1085 376 Napai}
1113 321 1188 361 τοῦ
1217 317 1603 372 κουβουκουλαριόυ
1635 317 1709 357 καί

236 387 419 446 ἐξάρχου
458 388 694 445 Ῥωμαίων.
771 386 1003 442 συμβαλών
1049 385 1130 442 γάρ
1172 384 1348 438 πόλεμον
1386 381 1492 436 μετὰ
1540 380 1708 424 Τωτίλα

237 455 364 514 ῥηγὸς
406 457 490 499 τῶν
535 457 575 498 Γ
574 454 714 498 ότθων
752 454 858 498 κατὰ
905 454 1058 510 κράτος
1103 455 1311 509 ἐνίκησεν,
1351 452 1425 493 καί
1452 448 1601 505 ἔλαβεν
1628 448 1707 505 τὴν

233 524 412 581 Ῥώμην,
443 526 516 566 καί
543 521 725 579 ἔσφαξεν
753 521 825 566 τὸν
859 521 1062 579 Τώτιλαν,
1090 523 1163 564 καί
1176 522 1226 563 τά
1260 515 1408 574 ἱμάτια
1439 518 1572 560 αὐτοῦ
1598 515 1747 574 ᾑμα·5

237 595 371 647 γμένα
400 589 480 633 σύν
518 592 576 648 τῷ
616 590 797 648 διαλίθῳ
828 591 1102 647 καμηλαυκίῳ
1142 587 1330 642 ἔπεμψεν
1366 588 1409 628 ἐν
1442 589 1712 629 Κωνσταντι-

237 659 431 702 νουπὸλει
449 676 459 688 ·
539 659 612 699 καί
659 657 897 714 ἐρρίφησαν
928 659 987 706 εἰς
1016 655 1111 706 τοὺς
1140 655 1275 706 πόδας
1303 657 1378 698 τοῦ
1406 654 1616 710 βασιλέως
1643 651 1715 694 ἐπὶ

239 728 450 780 σεκρὲτου.
509 727 579 767 δεῖ
608 726 653 766 δὲ
684 728 862 780 ταγῆναι
889 727 962 766 καί
990 727 1068 766 τοῦ
1096 723 1300 777 Ἀνθιζιιου
1330 722 1421 773 ἔτος
1443 724 1501 771 εἰς
1530 720 1601 763 τὸν
1627 737 1712 762 πα-

238 794 447 850 τριάρχην
478 794 649 848 Μηνᾶν,
679 792 746 834 ἵνα
776 795 1028 835 συσταθῶσι
1061 791 1112 835 τὰ
1145 788 1364 833 ἑκκαίδεκα
1399 788 1485 845 ἔτη.

31 875 226 919 Α.Μ.6ο45
354 860 843 909 Κωνσταντινουπὸλεως
869 860 1100 902 ἐπισκόπου
1128 857 1344 913 Εὕτυχίου
1373 855 1461 906 ἔτος
1489 855 1544 912 α’,
1731 870 1768 898 ιε

195 940 227 975 D
357 928 502 986 Τούτῳ
544 930 602 986 τῷ
649 926 736 969 ἔτει
774 930 939 983 γέγονεν
966 927 991 983 ἡ
1031 928 1131 982 ἁγία
1157 927 1230 969 καί
1253 924 1515 980 οἰκουμενικὴ
1547 926 1713 979 πέμπτη

239 995 414 1046 σύνοδος
454 993 560 1037 κατὰ
597 995 838 1050 Ὠριγενοῦς
881 998 956 1039 τοῦ
993 993 1293 1052 παράφρονος,
1320 997 1394 1036 καί
1414 990 1611 1046 Διδύμου
1637 995 1714 1033 τοῦ

239 1061 320 1104 ἀπὸ
350 1058 565 1119 ὅμμάτων,
595 1065 668 1105 καί
697 1063 926 1120 Εὕαγριόυ,
957 1063 1029 1105 καί
1052 1065 1127 1119 τῆς
1155 1059 1458 1118 ἕλληνόφρονος
1479 1061 1622 1102 αυ’τ·ὥν
1642 1063 1713 1114 λη-

238 1132 409 1188 ρῳὸίας,
438 1130 512 1172 καί
539 1125 670 1180 αὖθις
697 1130 802 1172 κατὰ
837 1134 920 1173 τῶν
946 1132 1174 1186 α’κεφάλων
1205 1129 1467 1185 κεφαλαίων.
1523 1130 1713 1182 Βιγίλιος

239 1200 286 1241 δὲ
315 1196 336 1239 ὅ
365 1197 540 1254 εΡοόμης
568 1204 652 1248 τοῖς
680 1201 958 1241 συνελθοῦσιν
994 1198 1045 1239 οὐ
1075 1197 1382 1252 συνήδρευσεν·
1439 1194 1636 1250 ἀπελύθη
1666 1195 1711 1236 δὲ
1730 1191 1768 1233 15

105 1278 142 1311 Ρ.
164 1276 225 1323 ι94
240 1267 405 1307 πολλῶν
448 1268 702 1321 κινηθέντων
739 1264 821 1306 ὑπὸ
863 1268 938 1308 τοῦ
975 1269 1198 1322 βασιλέως,
1233 1263 1306 1307 καί
1337 1266 1381 1306 ἐν
1408 1265 1465 1321 τῷ
1494 1263 1713 1319 Ἰλλυρικῷ

241 1329 506 1388 ἐτελεύτησεν
536 1332 612 1388 τὴν
641 1335 714 1376 ἐπί
741 1334 915 1389 ιΡοόμην
944 1330 1139 1375 ἀναλύων
1173 1331 1286 1374 ὁδόν.

30 1414 228 1460 Α,Μ.6ο,46
359 1400 502 1460 Τούτῳ
532 1402 588 1457 τῷ
614 1397 698 1442 ἔτει
725 1403 829 1457 μηνί
856 1397 1091 1458 Αὖγούστῳ
1126 1400 1185 1456 ιε’,
1223 1400 1482 1446 ἰνδικτιῶνος
1508 1397 1562 1451 β’,
1622 1392 1716 1453 ὥρᾳ

238 1470 513 1521 μεσονυκτίου
546 1466 838 1525 διαφαιόύσης
867 1471 1090 1523 κυριακῆς,
1131 1469 1291 1522 ἐγένετο
1319 1464 1494 1518 σεισμὸς
1520 1461 1715 1521 φοβερός,

242 1531 351 1578 ὥστε
388 1537 545 1577 παθεῖν
586 1533 722 1585 οἴκους
762 1534 940 1585 πολλοὺς
981 1539 1055 1577 καί
1082 1533 1242 1590 λουτρά
1279 1533 1352 1576 καί
1392 1534 1614 1589 ἐκκλησίας
1643 1532 1768 1574 uai2c

336 1709 369 1742 3.
400 1708 564 1744 Τώτιλλα
590 1710 687 1755 vulg.
717 1716 754 1746 et
781 1711 832 1745 sic
862 1711 1010 1758 ubique.
1113 1711 1165 1755 14.
1201 1712 1422 1758 κεφαλαίων
1450 1721 1519 1744 om.
1550 1721 1580 1743 c.
1661 1720 1711 1753 ¹9-

337 1757 603 1804 διαφαυοὺσης
628 1758 663 1791 b.
1659 1755 1662 1767 ¹

243 1909 446 1956 expositum
476 1910 630 1945 iacebat.
697 1912 859 1957 Augusto
902 1924 1022 1946 mense
1057 1912 1297 1958 triumphales
1325 1913 1449 1946 nuncii
1476 1917 1513 1946 et
1538 1911 1712 1946 victorine

241 1963 474 1992 monumenta
498 1960 607 1992 Roma
624 1959 765 2005 Cpolim
796 1960 928 2004 delata,
946 1962 1058 1994 Narse
1084 1962 1250 1995 nimirum
1279 1961 1497 1994 cubiculario
1523 1965 1560 1993 et
1585 1962 1714 1993 Roma-

241 2017 372 2040 norum
404 2006 558 2040 exarcho
584 2008 732 2041 victore.
783 2020 904 2054 pugna
930 2008 1108 2055 siquidem
1134 2021 1213 2043 cum
1239 2010 1363 2043 Totila
1383 2009 1603 2043 Gotthorum
1629 2018 1712 2051 rege

243 2060 418 2096 conserta,
443 2067 617 2089 summam
645 2056 713 2089 sibi
740 2068 801 2090 sua
827 2057 960 2091 virtute
988 2058 1131 2103 peperit
1153 2058 1354 2098 victoriam,
1394 2059 1540 2090 Romam
1564 2056 1713 2100 recepit,

242 2102 404 2135 Totilam
429 2102 634 2145 interfecit,
658 2106 945 2151 vestimentaque
982 2105 1058 2138 eius
1086 2104 1203 2138 adhuc
1244 2105 1418 2150 sanguine
1445 2105 1568 2145 tincta,
1594 2104 1714 2148 pileo-

244 2150 395 2196 lumque
423 2151 498 2184 eius
527 2153 676 2196 gemmis
703 2159 867 2186 ornatum
889 2153 1030 2199 Cpolim
1058 2153 1176 2186 misit:
1205 2164 1299 2198 quae
1325 2152 1370 2186 ad
1394 2152 1621 2198 imperatoris
1645 2161 1714 2196 pe-

247 2196 310 2231 des
338 2198 375 2230 in
400 2205 540 2232 secreto
567 2200 728 2246 proiecta
756 2207 852 2235 sunt.
903 2207 1085 2235 caeterum
1111 2212 1244 2233 annum
1274 2213 1383 2234 unum
1395 2200 1559 2234 Anthimi
1588 2201 1626 2233 in
1649 2210 1715 2244 pa-

246 2244 426 2279 triarchae
452 2246 580 2281 Menae
606 2254 747 2294 tempus
772 2249 928 2283 conferri
954 2253 1110 2295 oportet,
1149 2253 1191 2282 ut
1215 2249 1396 2284 sexdecim
1419 2260 1596 2283 annorum
1624 2248 1714 2281 ratio

249 2297 403 2328 constet.

63 2350 101 2382 Α,
116 2347 154 2383 C,
168 2346 235 2394 545
344 2340 498 2385 Cpoleos
524 2343 684 2388 episcopi
703 2343 868 2386 Eutychii
896 2355 1010 2377 annus
1035 2343 1182 2389 primus.
1583 2363 1585 2365 -

345 2388 422 2421 Hoc
446 2401 540 2422 anno
566 2397 726 2423 sanctum
763 2397 799 2424 et
824 2392 1094 2425 oecumenicum
1126 2392 1292 2438 quintum
1325 2391 1519 2425 concilium
1546 2389 1714 2424 adversus

251 2435 456 2470 dementem
473 2437 677 2481 origenem,
702 2438 896 2481 Didymum
936 2440 1119 2472 oculorum
1150 2440 1285 2473 lumine
1313 2440 1504 2485 privatum,
1528 2439 1715 2482 Evagrium

253 2495 448 2529 eorumque
479 2483 609 2518 deliria
635 2485 674 2518 in
703 2487 891 2530 gentilium
916 2493 1071 2520 mentem
1100 2487 1329 2528 declinantia,
1357 2493 1394 2521 et
1418 2488 1563 2533 insuper
1588 2485 1716 2519 adver-

252 2544 311 2566 sus
346 2531 600 2578 acephalorum
636 2535 755 2579 capita
793 2533 1013 2567 celebratum
1051 2541 1115 2569 est.
1185 2536 1403 2581 congregatis
1438 2547 1522 2569 vero
1554 2533 1716 2581 patribus

253 2579 353 2613 haud
379 2581 486 2614 simul
514 2580 678 2615 consedit
714 2582 879 2627 pontifex
907 2582 1085 2616 Romanus
1112 2583 1288 2629 Vigilius:
1328 2583 1393 2617 sed
1429 2582 1474 2616 ab
1499 2583 1716 2628 imperatore

253 2628 377 2661 multis
401 2629 708 2663 tumultuantibus
735 2629 922 2672 dimissus,
950 2630 1040 2672 iter,
1067 2643 1138 2678 quo
1164 2626 1309 2666 Romam
1337 2632 1509 2678 pergitur,
1535 2641 1653 2675 agens,
1678 2629 1717 2662 in

255 2676 399 2720 Illyrico
424 2676 518 2710 diem
543 2683 742 2711 extremum
767 2677 868 2711 obiit.

72 2729 242 2774 &0546
344 2724 421 2758 Hoc
444 2736 538 2758 anno
557 2750 566 2766 ,
604 2726 736 2759 mensis
772 2725 924 2770 Augusti
958 2725 1097 2759 decimo
1134 2727 1276 2772 quinto,
1303 2724 1504 2760 indictione
1534 2722 1716 2763 secunda,

254 2770 496 2807 illucescentis
522 2773 592 2808 iam
621 2773 792 2808 dominici
833 2773 907 2808 diei
934 2779 1017 2821 post
1036 2774 1190 2808 mediam
1219 2780 1360 2808 noctem
1398 2779 1575 2819 tempore,
1601 2777 1716 2804 terrae
