1786 3204
279 175 308 211 2
321 154 391 230 74
833 173 1191 222 THEOPHANIS,

272 278 392 332 πεζῆ,
424 276 498 317 καὶ
533 274 578 317 ἐκ
623 276 815 331 Φρυγίας
856 276 940 317 τῶν
980 276 1212 330 λεγομὲνων
1251 275 1612 329 Λυκοκρανιτιόν·
1676 273 1751 314 καί

272 344 529 399 προεβάλετο
594 341 830 399 στρατηγὸν
884 339 1090 397 οἷνατολῆς
1141 342 1399 397 Βελισάριον
1452 339 1749 392 διαδεξάμενος

265 410 463 455 ‘Ynoittov
499 410 573 454 τὸν
613 412 833 465 πατρίκιον
866 411 1150 453 Σεκουνδῖνον.
1222 406 1296 450 καί
1323 409 1374 466 τῇ
1413 409 1467 462 ιβ’
1493 407 1566 451 τοῦ
1595 409 1749 449 Maron

269 477 403 536 μηνὸς
442 479 640 534 εἰσῆλθεν
677 480 723 521 ἐν
758 478 1009 536 Ἀντιοχείᾳ
1032 477 1280 533 Ἑρμογένης
1325 475 1347 517 ὅ
1377 473 1609 530 μάγιστρος
1639 472 1748 529 α’νὴρ

270 544 416 605 σοφός,
448 545 636 601 πρεσβύς
681 545 915 595 ἀπολυθείς
942 543 1059 599 παρὰ
1101 547 1178 586 τοῦ
1207 545 1416 598 βασιλέως
1443 541 1786 585 Ἰουστινιανοῦὅ

269 613 374 669 πρὸς
404 612 474 656 τὸν
506 615 686 667 βασιλέα
707 615 893 664 Περσῶν
921 614 1020 667 περί
1049 611 1228 667 εἰρήνης.
1285 613 1342 669 τῷ
1375 612 1422 653 δὲ
1451 610 1616 667 Ἰουνίῳ
1647 609 1753 663 μηνί

230 684 538 737 ΒΣαμαρεῖται
569 682 643 722 καί
669 679 878 723 Ἰουδαῖοι
921 682 965 722 ἐν
994 679 1268 736 Παλαιστίνῃ
1305 679 1486 733 βασιλέα
1515 673 1750 719 Ἰουλιανόν

268 766 362 792 τινα
396 747 598 801 ἔστεψαν.
659 749 734 789 καί
761 745 868 789 κατὰ
895 747 1164 802 Χριστιανῶν
1193 742 1304 787 ὅπλα
1325 743 1582 800 κινήσαντες,
1609 743 1748 798 ἁρπα-

267 814 346 871 γάς
385 816 460 857 καί
502 812 661 871 φόνους
701 814 776 857 καί
813 812 1110 870 ἐμπυρισμούς
1148 810 1254 855 κατὰ
1287 813 1560 866 Χριστιανῶν
1605 810 1746 866 εἰργά-

267 898 410 925 σαντο.
471 880 546 932 οὓς
588 880 610 924 ὅ
641 880 743 932 θεὸς
771 884 1016 935 παρέδωκεν
1054 881 1114 931 εἷς
1140 886 1290 936 χεῖρας
1317 880 1647 933 Ἰουστινιανοῦ,
1675 875 1777 920 καιί

265 947 457 1006 α’νήλωσε
498 948 681 1002 πάντας,
714 948 788 991 καί
811 948 1121 1006 ἀπεκεφάλισεν
1155 947 1228 990 τὸν
1256 945 1468 1003 τύραννον
1492 941 1746 988 Ἰουλιανόν.

265 1019 463 1073 Χοσρόης
499 1019 546 1060 δὲ
589 1013 610 1058 ὃ
655 1019 736 1060 τῶν
767 1019 956 1072 Περσῶν
992 1013 1199 1070 βασιλεῦς
1240 1013 1464 1069 δεξάμενος
1498 1013 1747 1070 Ἑρμογένην

261 1084 494 1140 μα’γιστρον
529 1081 641 1138 μετὰ
690 1082 841 1138 δώρων
870 1082 1157 1138 πρεσβεύοντα
1201 1083 1300 1138 περὶ
1340 1079 1532 1137 εἰρήνης,
1603 1080 1660 1136 τῷ
1701 1080 1749 1121 δὲ

263 1153 427 1212 Ἰουλίῳ
455 1152 560 1208 μηνὶ
580 1154 652 1208 τῆς
676 1151 806 1207 αὐτῆς
828 1149 858 1204 ζ’
890 1153 1149 1200 ἰνδικτιιόνος
1177 1148 1322 1205 λαβών
1342 1148 1395 1192 τά
1416 1151 1549 1205 δῶρα,
1579 1146 1749 1203 εἰρήνην

263 1220 316 1261 οὔ
347 1222 601 1272 κατεδέξατο
636 1220 838 1276 ποιῆσαι,
883 1214 1158 1269 ‹inanem-‘hig
1188 1214 1268 1260 ὑπὸ
1306 1218 1587 1273 Σαμαρειτῶν
1617 1230 1779 1271 προσ-ι

262 1287 485 1345 φυγόντων
527 1290 676 1347 αὐτῷ,
720 1289 795 1329 καί
843 1286 1161 1340 ὑποτιθεμένων
1214 1285 1329 1344 αὐτῷ
1376 1281 1626 1340 προδιδόναι
1671 1281 1748 1339 τὴν

222 1353 411 1411 οχώραν
441 1355 593 1411 αὐτῶν,
625 1356 768 1397 πᾶσαν
798 1352 872 1410 τὴν
902 1353 1216 1409 Παλαιστίνην,
1248 1349 1303 1402 ὥς
1332 1350 1501 1407 ἔχοντες
1534 1353 1609 1394 καί
1636 1367 1748 1404 συμ-

260 1424 425 1477 μαχίαν
454 1423 696 1472 Ἰουδαίους
728 1438 780 1464 ,τε
825 1424 900 1463 καί
928 1422 1200 1476 Σαμαρείτας
1239 1417 1442 1475 χιλιάδας
1474 1417 1747 1474 πεντήκοντα.

261 1491 430 1541 τούτοις
458 1487 685 1545 θαρρήσας
717 1487 916 1544 Χοσρόης
946 1489 998 1530 ου’
1038 1488 1254 1544 προείλετο
1283 1485 1359 1543 την
1386 1485 1569 1543 εἰρήνην,
1595 1485 1745 1540 βουλό-

261 1573 387 1610 μενος
416 1559 490 1600 καί
531 1554 918 1613 τηνἿερουσαλημ
962 1557 1016 1597 δι’
1065 1550 1209 1597 αὕτῶν
1256 1557 1522 1611 παραλαβεῖν
1561 1551 1780 1608 ἔχουσανα

359 1732 393 1754 2.
421 1721 648 1768 προεβάλετο
677 1721 717 1763 Α,
742 1719 992 1768 προεβάλλετο
1019 1720 1112 1764 vulg.
1235 1716 1447 1767 στρατηγὸν
1473 1717 1498 1752 Α
1525 1717 1561 1759 b,
1590 1726 1745 1764 στρατη-

359 1769 471 1813 λάτην
499 1770 594 1814 vulg.
718 1771 750 1814 4.
777 1768 991 1817 μάγισιρυς
1019 1767 1037 1803 ὃ
1064 1767 1214 1811 Σκύθης
1236 1769 1277 1801 Α.
1404 1779 1436 1808 7.
1459 1765 1664 1802 Ἰουλιανόν
1691 1780 1746 1800 ιι-

361 1830 410 1853 va
438 1819 477 1858 A,
506 1812 595 1853 τινὰ
618 1816 722 1852 Ἴουλ.
752 1818 848 1860 vulg.
1015 1817 1066 1849 15.
1106 1814 1354 1856 ἀναπεισθεὶς
1379 1815 1426 1855 Α,
1454 1817 1627 1853 πεισθεὶς
1650 1816 1744 1858 vulg.

368 1876 416 1909 ¹9·
442 1868 634 1912 προείλετο
661 1867 701 1907 Α,
725 1867 944 1913 προσείλετο
971 1865 1067 1909 vulg.
1190 1875 1247 1898 αο-
1276 1867 1341 1899 καὶ
1367 1862 1452 1897 add.
1470 1874 1524 1896 rex
1549 1864 1589 1896 A.

266 2024 418 2070 Phrygia
450 2025 513 2070 qui
544 2024 804 2069 Lycocranitae
829 2030 1109 2071 nuncupantur:
1149 2028 1187 2058 et
1213 2028 1380 2058 revocato
1406 2021 1565 2068 Hypatio
1593 2020 1746 2067 patricio

268 2072 490 2114 Secundino,
517 2074 725 2117 magistrum
749 2073 902 2107 militiae
928 2074 1102 2119 praefecit
1136 2072 1173 2105 in
1210 2073 1350 2105 oriente
1376 2070 1600 2104 Belisarium.
1653 2068 1748 2102 duo-

267 2119 409 2153 decimo
444 2132 528 2153 vero
562 2121 650 2153 Maii
689 2122 934 2166 Hermogenes
973 2122 1142 2166 magister
1177 2120 1232 2153 vir
1257 2120 1454 2158 litteratus,
1490 2117 1536 2150 ad
1561 2117 1746 2150 Persarum

269 2179 389 2213 regem
414 2167 459 2200 ab
489 2169 706 2213 imperatore
732 2169 932 2202 Iustiniano
958 2170 1099 2214 legatus
1126 2167 1171 2200 de
1196 2178 1284 2213 pace
1310 2166 1478 2199 habenda
1504 2166 1644 2206 missus,
1670 2165 1747 2198 An-

267 2215 441 2249 tiochiam
470 2217 648 2260 pervenit.
687 2217 791 2249 Iunio
818 2216 951 2250 deinde
973 2228 1096 2251 mense
1121 2215 1315 2248 Samaritae
1358 2220 1394 2248 et
1419 2212 1545 2246 ludaei
1573 2212 1749 2246 Palaesti-

267 2275 351 2297 nam
375 2263 591 2305 incolentes,
617 2263 756 2297 luliano
783 2264 942 2310 quodam
961 2266 1000 2298 in
1027 2275 1144 2309 regem
1170 2268 1352 2303 coronato,
1380 2262 1561 2308 motisque
1588 2261 1626 2295 in
1640 2260 1748 2294 Chri-

270 2311 406 2345 stianos
446 2312 577 2350 armis,
604 2312 772 2356 rapinas,
797 2311 924 2346 caedes
945 2337 954 2352 ‚
982 2311 1149 2346 incendia
1186 2310 1355 2344 adversus
1387 2321 1446 2343 eos
1474 2310 1746 2343 excitaverunt:

270 2371 361 2406 quos
385 2358 473 2392 (leus
502 2359 539 2391 in
564 2359 756 2392 Iustiniani
785 2371 913 2393 manus
938 2360 1102 2401 tradidit,
1141 2358 1230 2392 adeo
1261 2364 1301 2391 ut
1330 2358 1460 2392 deletis
1491 2357 1658 2391 omnibus
1684 2357 1748 2389 lu-

269 2408 408 2440 lianum
449 2412 642 2450 tyrannum
680 2407 796 2452 capite
834 2407 1072 2441 obtruncarit.
1128 2406 1302 2440 Chosroes
1329 2411 1450 2440 autem
1475 2406 1658 2439 Persarum
1686 2415 1748 2437 rex

269 2456 533 2500 Hermogenem
562 2455 770 2499 magistrum
809 2454 854 2488 ‹le
879 2467 967 2500 pace
1007 2453 1177 2488 habenda
1206 2460 1398 2488 tractatum
1429 2453 1637 2486 habiturum
1668 2462 1748 2485 cum

270 2501 375 2537 donis
405 2502 638 2536 accedentem
667 2503 847 2548 suscepit:
883 2509 920 2536 at
945 2503 1039 2536 Iulio
1063 2514 1197 2544 mense,
1234 2503 1304 2535 suit
1332 2503 1360 2535 is
1388 2500 1551 2535 eiusdem
1577 2500 1749 2534 indictio-

270 2552 326 2584 nis
353 2563 386 2595 7,
411 2550 623 2584 muneribus
647 2551 817 2596 acceptis,
842 2551 1070 2596 propositum
1098 2550 1144 2584 de
1170 2561 1260 2596 pace
1295 2561 1494 2584 sermonem
1521 2549 1671 2594 respuit,
1695 2548 1747 2580 ita

270 2600 438 2632 nimirum
465 2610 486 2632 a
528 2598 690 2644 profugis
717 2598 901 2632 Samaritis
927 2610 1131 2643 persuasus,
1172 2600 1235 2644 qui
1261 2599 1445 2644 regionem
1470 2607 1570 2631 suam
1596 2602 1634 2630 et
1661 2596 1748 2629 uni-

268 2658 408 2680 versam
434 2646 693 2687 Palaestinam,
728 2651 857 2692 utpote
894 2647 954 2692 qui
990 2647 1183 2680 auxiliares
1210 2648 1330 2692 copias
1367 2645 1582 2679 Iudaeorum
1621 2648 1657 2677 et
1681 2644 1747 2677 Sa-

270 2695 477 2728 maritarum
511 2694 776 2740 quinquaginta
809 2693 924 2727 millia
953 2694 1144 2736 haberent,
1183 2694 1390 2739 proditione
1423 2692 1566 2728 tradere
1591 2691 1747 2737 pollice-

270 2743 413 2776 bantur.
466 2742 521 2776 his
545 2741 699 2776 confisus
726 2741 924 2783 Cbosroes,
957 2743 1055 2788 pacis
1083 2741 1328 2776 conditionem
1358 2753 1432 2776 non
1467 2740 1628 2787 accepit,
1657 2739 1747 2785 quin

270 2791 378 2825 immo
406 2790 452 2824 de
491 2790 751 2834 Hierosolymis
787 2801 853 2837 per
885 2791 972 2826 istos
1004 2789 1192 2838 potiundis
1223 2790 1425 2836 cogitabat,
1464 2788 1553 2823 urbe
1578 2786 1748 2822 videlieet
