1820 3120
270 137 297 193 7
311 117 382 192 74
830 133 1178 176 THEOPHANJS

226 253 344 286 Βσας
372 238 447 278 καί
487 250 587 286 τους
620 236 951 278 Κωνσταντίνου
997 234 1189 291 τυφλοὺς
1227 235 1387 284 παῖδας
1416 235 1476 284 εἰς
1506 235 1752 290 Ἀφουσιάν,

264 306 339 347 ἕνα
373 306 420 346 δὲ
446 306 531 346 τῶν
561 303 859 359 ἐμπεριάκτων
887 305 1207 358 ψευδερημι’την
1229 302 1443 344 Νικολάου
1474 302 1548 344 τοῦ
1567 301 1754 353 ‘Iazama-

262 375 381 415 νι’του
424 369 638 428 συνγόητα
684 368 824 413 εἰκόνα
866 372 942 425 τῆς
982 372 1192 425 παναγιάς
1232 368 1431 413 θεοτόκου
1472 371 1652 420 ξέσαντα
1680 371 1757 411 καί

260 437 532 494 ἀτιμάσαντά
561 437 955 495 έγλωσσοτόμησεν,
997 433 1110 487 ὅστις
1138 438 1414 493 συντέθνηκεν
1444 434 1527 479 miv
1553 438 1603 493 τῇ
1630 440 1755 494 ψυχῇ

259 510 336 551 καί
362 510 422 566 τῷ
448 505 644 561 σώματι·
674 503 750 548 τὸν
779 508 825 548 δὲ
855 506 1025 556 τούτοις
1055 506 1288 562 σύμφρονα
1311 503 1529 550 Νικόλαον
1557 505 1791 559 {namet-5

259 574 444 630 λάμενον
469 579 699 631 μετανοεῖν,
731 572 804 616 ἐπὶ
831 570 1000 615 πάντων
1031 574 1372 629 ἐθριάμβευσεν,
1418 571 1753 627 ἐξομολογούμε-

259 661 333 688 νον
371 643 425 687 τά
466 640 786 687 ἑαυτοῦκακά·
829 643 904 684 καί
945 643 1191 698 παρέδωκεν
1231 639 1367 683 αὐτὸν
1408 642 1453 683 ἐν
1481 641 1752 698 μοιάστηριίρ

260 711 370 768 πρὸς
397 711 443 756 τὸ
479 710 540 767 μὴ
576 710 860 762 αὐτεξουσίως
887 708 1063 765 διάγειν.
1139 716 1224 760 τοῖς
1251 711 1298 752 δὲ
1329 713 1448 758 λαοῖς
1477 708 1753 757 σιλεντιακῶς

222 783 336 830 (ζέπί
360 783 433 836 τῆς
463 778 738 835 ΙΙΊαγναύρας
765 780 1027 833 διαλεχθείς,
1063 776 1117 820 τά
1148 779 1224 834 τῆς
1253 775 1359 820 κατὰ
1390 777 1492 819 θεὸν
1521 772 1657 818 αἰτοῦ
1678 775 1752 818 εὖ-

262 852 417 904 σεβοῦς
453 847 622 904 γνώμης
669 847 942 904 ἐφανέρωσεν
987 844 1193 902 δόγματα.
1251 843 1352 896 τούς
1389 847 1437 888 δὲ
1474 843 1820 900 Ἁθιγγάνουςιο

263 919 507 974 δημεύσας,
555 914 698 972 ἐξορίᾳ
739 916 1046 969 παραδέδωκεν
1087 912 1160 956 διά
1191 915 1383 963 Λέοντος
1409 916 1486 955 τοῦ
1511 912 1753 968 στρατηγοῦ

261 988 347 1030 τῶν
375 986 653 1027 ἀνατολικῶν.
713 983 771 1041 τῷ
803 985 850 1025 δὲ
881 982 1124 1040 Λϋγούστῳ
1155 982 1260 1038 μηνί
1297 983 1372 1036 τῆς
1413 980 1606 1037 πέμπτης
1646 979 1753 1022 ἰνδι-

261 1055 436 1104 κτιῶνος
458 1050 600 1106 Θεβίθ
626 1049 735 1093 κατά
761 1051 1038 1105 Χριστιανῶν
1068 1046 1419 1104 ἐπεστράτευσεν.
1478 1045 1614 1107 τούτῳ
1644 1063 1753 1101 συμ-

122 1119 406 1177 ν.335βαλών
435 1122 565 1164 Λέων
597 1117 619 1160 ὅ
648 1119 732 1161 τῶν
761 1118 1022 1160 ἀνατολικῶν
1066 1115 1304 1172 στρατηγὸς
1331 1118 1582 1172 εὐδοκίμησε
1613 1116 1754 1169 δισχι-

260 1188 380 1239 λιόυς
422 1186 720 1244 καταπράξας,
768 1186 843 1228 καί
879 1188 1034 1235 ἵππους
1079 1188 1153 1227 καί
1203 1182 1376 1240 ἅρματα
1420 1181 1819 1238 συλλαβόμενος.ι5

260 1258 483 1311 Mamas-15
530 1257 577 1300 δὲ
617 1253 850 1311 ἇ“πρῶτος
881 1252 975 1304 υἱός
1003 1252 1177 1307 Ἀαρών
1217 1254 1384 1306 κρατῶν
1410 1249 1484 1308 την
1515 1248 1654 1306 ἀρχὴν
1677 1250 1754 1292 τοῦ

260 1323 429 1382 ἔθνους,
459 1321 695 1379 συμβαλών
736 1325 796 1381 τῷ
826 1323 998 1381 ἀδελφῷ
1041 1320 1177 1363 αὐτοῦ
1206 1320 1416 1378 Ἀβδελλᾷ
1445 1316 1553 1362 κατὰ
1581 1315 1656 1373 τὴν
1687 1317 1753 1360 ἒν-

262 1394 444 1450 δοτέραν
487 1391 711 1449 Περσικήν
754 1391 938 1447 ἡττήθη·
985 1389 1059 1432 καί
1104 1388 1364 1445 καταφυγών
1405 1390 1466 1438 εἰς
1509 1387 1555 1430 τὸ
1599 1385 1752 1441 Βαγδά

262 1462 391 1504 τοῦτο
422 1459 664 1518 ἐκράτησεν.
735 1458 811 1517 τήν
841 1475 886 1501 τε
922 1457 1158 1511 Δαμασκὸν
1201 1453 1329 1508 ἄλλος
1361 1458 1569 1511 κατέσχεν
1595 1453 1753 1511 τύραν-

367 1636 395 1659 ι.
416 1622 614 1671 ’Λαιασίαν
643 1623 669 1656 f.
769 1632 801 1655 2.
828 1619 1110 1667 ἐκπερισάκτων
1136 1620 1174 1653 Α.
1275 1618 1309 1662 4.
1335 1617 1579 1667 ἀτιμάσαντα
1604 1618 1643 1658 Α,
1670 1615 1752 1652 α’τι-

359 1670 539 1719 μὴσανια
566 1671 664 1717 vulg.
789 1670 820 1703 5.
851 1669 999 1707 τούτοις
1022 1669 1064 1710 Α,
1088 1667 1219 1704 τούτου
1247 1667 1344 1712 vulg.
1451 1670 1485 1702 8.
1512 1665 1754 1705 σιλεντιακῶς

361 1720 445 1754 add.
471 1732 516 1754 ex
546 1720 585 1754 A.
711 1730 763 1755 ιι·
789 1717 1010 1765 παρέδωκεν
1037 1719 1078 1751 Α.
1199 1715 1267 1751 τοῦ
1294 1715 1378 1750 add.
1407 1726 1452 1749 ex
1474 1717 1515 1750 A.

268 1860 423 1893 consilio
452 1859 567 1900 inito,
597 1864 813 1892 novatorum
841 1869 951 1904 quam
985 1858 1160 1903 plurimos
1186 1857 1301 1902 plagis
1330 1855 1429 1889 haud
1454 1855 1581 1889 multis
1606 1854 1755 1890 inflictis

270 1907 473 1947 deterruit,
511 1913 547 1941 et
574 1907 807 1941 Constantini
843 1907 939 1939 lilios
977 1907 1093 1938 oculis
1131 1905 1272 1951 pridem
1307 1904 1453 1938 orbatos
1489 1903 1687 1949 Aphusiam
1717 1905 1756 1938 in

271 1958 421 1990 exilium
452 1955 636 2001 deportari
674 1956 791 1989 iussit.
843 1955 906 1988 uni
933 1966 1042 1999 porro
1073 1965 1117 1987 ex
1154 1954 1234 1986 istis
1262 1953 1380 1999 planis
1411 1953 1556 1999 falsario
1580 1953 1756 1986 eremitae

269 2005 411 2039 Nicolai
438 2005 697 2038 llexacionitae
735 2005 774 2038 in
814 2002 969 2037 edendis
1002 2002 1208 2048 praestigiis
1246 2002 1468 2043 simmistae,
1509 2002 1756 2035 sanctissimae

271 2054 332 2087 dei
355 2053 541 2098 genitricis
569 2053 761 2096 imaginem
788 2052 963 2086 abradere
1000 2056 1037 2084 et
1060 2050 1290 2084 contumeliis
1315 2049 1455 2083 afficere
1481 2060 1570 2082 auso
1595 2049 1757 2093 linguam

269 2101 477 2147 praescidit,
509 2102 571 2147 qui
601 2102 743 2134 animae
769 2101 877 2134 simul
907 2106 943 2133 et
977 2100 1138 2144 corporis
1164 2099 1316 2132 interitu
1358 2104 1479 2144 raptus
1505 2102 1579 2139 est,
1604 2103 1755 2131 senten-

270 2151 343 2184 tiae
369 2161 454 2182 vero
484 2160 698 2195 morumque
723 2149 883 2183 sodalem
907 2148 1098 2182 Nicolaum
1122 2147 1386 2192 poenitentiam
1414 2157 1520 2191 agere
1547 2146 1756 2190 pollicinum

268 2210 337 2245 per
363 2199 494 2231 civium
521 2197 621 2230 urbis
654 2199 814 2231 omnium
849 2198 974 2230 oculos
1001 2196 1151 2229 crimina
1187 2208 1251 2229 sua
1277 2195 1426 2242 publice
1454 2193 1561 2227 fateri
1592 2200 1755 2228 coactum

270 2246 453 2287 traduxit,
490 2257 532 2278 ac
555 2257 602 2279 ne
631 2246 745 2278 libere
783 2257 878 2291 quae
908 2245 1042 2290 placita
1072 2244 1194 2277 forent
1219 2249 1474 2290 exequeretur,
1502 2243 1540 2275 in
1571 2248 1756 2276 monaste-

270 2295 363 2329 rium
391 2294 549 2328 retrusit.
601 2295 770 2327 universo
800 2300 922 2327 autem
947 2292 1121 2327 exercitui
1149 2291 1195 2324 ad
1221 2292 1483 2325 allocutionem
1510 2289 1556 2323 ad
1581 2291 1757 2336 Magnau-

271 2355 345 2377 ram
372 2348 583 2382 convocato,
611 2342 804 2385 religiosae
825 2353 913 2375 suae
938 2342 976 2375 in
1003 2340 1111 2374 deum
1130 2341 1263 2374 mentis
1290 2340 1458 2384 dogmata
1484 2345 1612 2373 cuncta
1642 2351 1757 2385 expo·

271 2392 357 2432 suit,
387 2391 553 2424 adhibita
578 2401 726 2435 quoque
754 2390 887 2424 Leonis
907 2389 1139 2423 orientalium
1157 2388 1259 2422 ducis
1286 2399 1407 2434 opera,
1433 2386 1659 2433 Athinganos
1686 2400 1756 2433 pu-

270 2441 368 2473 blice
407 2440 627 2485 proscriptos
664 2440 704 2472 in
741 2439 889 2471 exilium
930 2437 1149 2471 amandavit.
1213 2435 1423 2470 indictionis
1454 2441 1573 2469 autem
1607 2436 1758 2481 quintae

270 2490 433 2533 Augusto
463 2499 586 2521 meuse
610 2486 774 2521 Thebith
811 2487 850 2519 in
875 2485 1103 2520 Christianos
1143 2496 1242 2518 arma
1277 2484 1402 2518 movit.
1422 2507 1429 2512 -
1454 2495 1573 2531 pugna
1603 2483 1758 2518 subinde

271 2550 352 2569 cum
380 2548 424 2569 eo
451 2537 554 2575 inita,
584 2537 659 2570 Leo
697 2534 932 2569 orientalium
959 2535 1142 2577 agminum
1178 2532 1252 2566 dux
1277 2533 1334 2566 bis
1359 2533 1460 2566 mille
1484 2544 1527 2566 ex
1557 2534 1635 2566 eius
1660 2533 1760 2566 mili-

271 2585 369 2618 tibus
406 2585 615 2630 prostratis,
658 2584 764 2629 equis
805 2583 913 2616 etiam
956 2593 1079 2615 eorum
1118 2587 1154 2616 et
1183 2581 1291 2614 armis
1317 2583 1444 2627 captis,
1471 2581 1597 2625 ingens
1625 2592 1669 2615 ex
1694 2579 1759 2614 illa

271 2633 422 2667 victoria
458 2644 591 2666 nomen
632 2632 703 2666 sibi
732 2632 888 2678 peperit.
947 2635 1129 2664 caeterum
1156 2629 1328 2663 Muamed
1368 2630 1525 2663 filiorum
1555 2630 1674 2663 Aaron
1703 2640 1760 2662 se-

271 2682 363 2720 nior,
390 2693 431 2714 ac
459 2681 575 2725 gentis
611 2681 764 2726 imperio
796 2680 958 2726 potitus,
984 2679 1174 2712 commisso
1212 2690 1293 2711 cum
1319 2679 1430 2711 fratre
1455 2677 1610 2711 Abdella
1642 2683 1760 2711 certa·

270 2730 382 2770 mine,
407 2730 446 2762 in
475 2730 595 2762 Persia
622 2729 798 2763 interiore
823 2727 1028 2768 succubuit,
1062 2733 1282 2772 arreptaque
1309 2726 1394 2771 suga
1422 2726 1575 2772 Bagdam
1604 2738 1641 2759 se
1669 2727 1761 2759 reci-

271 2778 388 2824 piens,
413 2778 534 2811 locum
563 2778 764 2823 occupavit.
825 2776 1040 2810 Damascum
1066 2786 1151 2818 vero
1186 2775 1278 2810 alius
1315 2775 1478 2809 obtinuit
1506 2780 1699 2818 tyrannus,
1725 2779 1761 2807 et
