1768 3106
263 169 380 236 624
822 186 1168 230 THEOPHANJS

262 288 451 346 ρύονται,
480 290 555 333 καί
583 289 886 342 α’ποτέμνονται
916 287 994 339 τὰς
1023 287 1215 345 κεφαλάς
1247 290 1429 343 Κοσμᾶς
1455 305 1501 332 τε
1531 290 1606 333 καὶ
1634 291 1734 334 Στέ-

263 373 424 415 φανος·
483 351 604 408 αὔξει
634 372 680 399 τε
720 356 771 414 τῇ
800 358 923 415 κακίᾳ
952 358 1082 399 Λέων
1118 355 1141 397 ὁ
1173 354 1385 411 δυσσεβὴς
1412 357 1486 399 καί
1513 356 1551 400 οἱ
1580 356 1734 401 τούτου

260 424 526 483 σύμφρονες,
567 421 641 466 τὸν
680 422 784 465 κατὰ
836 424 912 477 τῆς
954 422 1176 476 εὐσεβείας
1215 421 1402 478 διωγμὸν
1439 426 1734 477 ἐπιτείναντες.

259 490 369 534 κατὰ
401 493 448 534 δὲ
478 490 554 547 τήν
595 488 771 547 θερινὴν
809 487 964 546 τροπὴν
991 487 1148 545 ταύτης
1184 493 1260 545 τῆς
1291 490 1314 532 ι’
1346 491 1601 542 ἰνδικτιιόνος
1627 493 1734 548 μετὰ

259 558 332 615 τὴν
361 561 442 602 τῶν
471 555 701 615 ὁμοφύλων
747 557 879 612 κακὴν
906 559 1044 612 νίκην,
1073 559 1147 599 καί
1185 555 1291 600 κατὰ
1320 560 1395 612 τῆς
1420 562 1624 602 Βιθυνῶν
1653 564 1768 607 Νι-5

260 627 385 677 καιάς
427 623 746 681 παρατάττεται
786 625 872 666 τῶν
901 625 1161 679 Σαρακηνῶν
1204 624 1282 666 δύο
1321 625 1545 682 α’μηραίων
1585 634 1736 684 στῖφος

261 688 371 748 ἄμερ
411 694 455 735 ἐν
477 690 644 747 χιλιάσι
672 689 923 746 μονοζιόνων
952 692 1177 733 δεκαπέντε
1197 691 1495 750 προσδραμών,
1525 694 1598 737 καί
1626 695 1737 736 οἷπα-

263 758 558 816 ρασκεύαστον
599 760 819 809 κυκλώσας
845 758 924 814 τήν
954 755 1090 815 πόλιν,
1119 761 1195 801 καί
1223 761 1406 809 Μαυΐας
1435 762 1736 804 ἐπακολουθῶν

124 840 161 875 P.
179 839 247 884 340
261 831 306 871 ἑν
335 824 487 876 ἄλλαις
525 825 631 870 σ’κτώ
670 822 801 881 ἥμισυ
842 825 1073 883 μυριάσιν,
1103 825 1148 868 οἳ
1169 826 1276 880 μετὰ
1307 829 1551 884 πολιορκίαν
1580 827 1737 884 πολλὴν

260 894 334 938 καί
360 896 612 950 καθαίρεσιν
639 895 724 936 τῶν
753 896 906 949 τειχῶν
927 892 1106 950 μερικὴν
1138 897 1198 951 τῷ
1223 895 1308 936 τῶν
1327 898 1577 950 τιμωμένων
1605 896 1766 952 ἁγίωνι

261 964 456 1019 πατέρων
486 957 644 1004 αὐτόθι
668 960 846 1018 τεμένει,
875 959 1030 1016 ταύτης
1054 962 1132 1015 μὲν
1160 960 1210 1002 οὗ
1228 961 1521 1018 περιγεγόνασι
1550 963 1621 1005 διὰ
1652 966 1736 1006 τῶν

262 1030 584 1086 εύπροσὸέκτων
613 1028 755 1084 εὖχῶν
781 1027 889 1084 πρὸς
920 1026 992 1071 τὸν
1024 1027 1138 1085 θεόν,
1163 1025 1270 1072 ἔνθα
1302 1031 1377 1072 καί
1404 1029 1629 1085 σεβάσμιοι
1658 1032 1737 1074 αὖ·

260 1100 342 1140 τῶν
366 1096 634 1152 χαρακτῆρες
674 1094 961 1152 α’νεστήλωντο
998 1099 1131 1151 μέχρι
1171 1098 1247 1138 τοῦ
1278 1101 1354 1140 νῦν
1395 1097 1479 1140 ὑπὸ
1521 1102 1606 1142 τῶν
1635 1097 1737 1154 ὁμο-

260 1163 430 1221 φρόνων
458 1165 606 1213 αὐτοῖς
633 1162 880 1218 τιμώμενοι.
909 1166 1228 1214 Κωνσταντΐνος
1259 1164 1306 1207 δέ
1335 1181 1401 1216 τις
1435 1165 1632 1223 στράτωρ
1661 1167 1738 1209 τοῦ

256 1232 555 1287 Ἀρταβάσδου
586 1230 690 1274 ἰδών
719 1229 856 1274 εἰκόνα
888 1233 961 1287 τῆς
979 1232 1178 1274 θεοτὸκου
1210 1229 1414 1290 ἑστῶσαν,
1443 1233 1585 1288 λαβών
1616 1236 1764 1278 λίθονι

260 1297 415 1355 ἔρριψε
446 1300 536 1341 κατ’
567 1298 710 1354 αὗτῆς,
739 1299 814 1341 καί
840 1300 1093 1354 συνέτριψεν
1131 1297 1281 1356 αὐτήν,
1315 1300 1388 1343 καί
1418 1304 1632 1344 πεσοῦσαν
1662 1319 1737 1344 κα-

260 1366 518 1423 τεπάτησεν·
576 1367 649 1409 καί
676 1370 842 1422 θεωρεῖ
867 1368 914 1409 έν
942 1365 1130 1422 ὁράματι
1155 1366 1231 1423 τὴν
1259 1370 1485 1411 δέσποιναν
1512 1372 1736 1426 παρεστῶ-

261 1450 342 1476 σαν
372 1432 490 1491 αὕτῷ
533 1433 607 1476 καί
633 1437 860 1489 λέγουσαν·
931 1430 1051 1483 οἶδας
1077 1440 1196 1477 ποῖον
1225 1440 1415 1490 γενναῖον
1444 1439 1617 1491 πρᾶγμα
1647 1439 1738 1492 εἰρ-

222 1502 382 1557 Βγάσω
411 1504 472 1551 εἰς
501 1502 602 1555 ἑμέ,·
629 1496 758 1551 ὄντως
787 1498 895 1544 κατὰ
924 1503 997 1558 τῆς
1025 1498 1186 1544 ἑαυτοῦ
1213 1505 1401 1560 κεφαλῆς
1418 1505 1544 1547 τοῦτο
1565 1506 1737 1561 πεποιή-

357 1637 392 1681 4.
417 1632 512 1685 μετὰ
540 1637 579 1678 A,
605 1635 699 1672 κατὰ
725 1637 821 1682 vulg.
919 1638 951 1673 5.
977 1633 1044 1681 τὴν
1070 1636 1270 1686 ὁμόφυλον
1297 1637 1415 1683 κακὴν
1434 1643 1505 1676 νίκ.
1531 1640 1572 1674 Α.
1669 1653 1737 1676 κα-

354 1681 401 1720 τὰ
430 1685 491 1729 τῆς
516 1686 544 1719 A
562 1711 572 1726 ‚
600 1681 695 1720 κατὰ
733 1680 798 1729 τὴν
820 1684 917 1729 vulg.
1048 1698 1078 1731 7.
1105 1684 1371 1735 προσδραμών
1394 1688 1423 1722 Α
1450 1688 1475 1730 f,
1499 1686 1737 1737 προδραμὼν

352 1734 448 1778 vulg.
596 1735 630 1768 8.
657 1732 929 1770 ἐπακολουθῶν
951 1733 1000 1774 Α,
1023 1747 1166 1782 παρακ.
1193 1736 1289 1780 vulg.
1429 1749 1465 1782 9.
1483 1737 1669 1793 μυριάσιν
1697 1740 1737 1780 Α,

351 1780 563 1829 μυριάδαις
585 1781 682 1826 vulg.
817 1783 1017 1828 ἐπιορκίαν
1040 1784 1068 1816 Α
1094 1795 1126 1816 e.
1260 1795 1310 1818 ¹2.
1341 1782 1462 1830 εὐχῶν
1483 1798 1580 1831 προς
1607 1782 1672 1822 τὸν
1696 1789 1734 1820 θ.

352 1829 431 1870 Ab,
457 1828 583 1865 αὐτῶν
598 1830 712 1866 λιτῶν
737 1827 834 1878 πρὸς
859 1833 896 1864 θ.
919 1831 1014 1875 vulg.
1117 1832 1166 1876 14.
1197 1829 1335 1879 αὐτοῖς]
1364 1831 1490 1869 αὐτῶν
1506 1834 1575 1868 Af.
1673 1834 1739 1870 τοῦ

353 1877 435 1912 add.
462 1889 506 1912 ex
531 1879 572 1912 A.
653 1889 706 1925 ν).
735 1888 894 1925 παρεστ.
925 1877 1025 1926 αὐτῷ
1051 1890 1083 1914 κ.
1109 1879 1184 1926 λεγ.
1211 1879 1254 1922 Α,
1277 1892 1370 1928 παρ.
1398 1893 1431 1916 κ.
1457 1882 1486 1916 λ.
1514 1881 1612 1929 αὐτῷ
1639 1883 1736 1927 vulg.

259 1998 296 2026 et
321 1991 528 2038 Stephanus
555 1994 676 2039 capite
699 1994 801 2039 plexi
829 1999 934 2035 sunt,
970 2005 1013 2028 ex
1040 2006 1113 2041 quo
1141 1995 1243 2040 impii
1268 1994 1401 2030 Leonis
1427 1997 1734 2044 sectariorumque

259 2040 338 2074 eius
366 2041 506 2074 malitia
531 2041 668 2087 oppido
695 2042 821 2083 crevit,
847 2041 939 2075 adeo
966 2047 1008 2076 ut
1031 2048 1236 2088 susceptum
1256 2043 1424 2078 adversus
1451 2045 1624 2091 pietatem
1649 2046 1734 2080 bel-

259 2087 333 2121 lum
360 2090 470 2122 latius
495 2090 755 2134 promoverint.
814 2101 922 2135 porro
948 2091 1039 2123 circa
1077 2091 1252 2125 aestivum
1277 2092 1472 2125 solstitium
1501 2093 1610 2127 huius
1634 2094 1738 2128 indi-

258 2136 390 2169 ctionis
417 2137 579 2170 decimae
609 2142 691 2183 post
718 2138 958 2184 perniciosam
984 2138 1083 2171 illam
1110 2138 1155 2172 de
1180 2139 1334 2184 propriis
1350 2140 1489 2173 civibus
1517 2147 1738 2186 reportatam

258 2195 279 2216 a
309 2184 432 2217 Leone
458 2186 659 2226 victoriam,
686 2185 756 2219 duo
787 2186 942 2219 ameraei
970 2185 1223 2220 Saracenicum
1252 2187 1449 2221 exercitum
1474 2188 1646 2223 adversus
1671 2191 1738 2224 Ni-

259 2241 380 2265 caeam
406 2231 697 2276 Bithyniensium
724 2233 850 2267 urbem
890 2233 1073 2267 deduxere
1091 2260 1101 2276 ,
1135 2245 1235 2267 amer
1274 2234 1446 2269 videlicet
1475 2247 1553 2270 cum
1579 2238 1739 2284 quinde-

259 2280 327 2313 cim
354 2279 519 2313 millibus
554 2281 806 2326 expeditorum
842 2282 1003 2315 militum
1030 2293 1265 2327 praecurrens
1283 2308 1292 2323 ,
1320 2282 1445 2316 urbem
1473 2295 1517 2318 ex
1543 2285 1737 2331 improviso

259 2333 297 2361 et
321 2328 635 2374 impraemunitum
662 2328 820 2371 obsedit,
844 2329 981 2363 Mavias
1005 2336 1125 2363 autem
1151 2336 1235 2363 cum'
1257 2332 1442 2376 octoginta
1466 2333 1630 2379 quinque
1655 2334 1739 2367 mil-

258 2375 358 2408 libus
387 2375 634 2421 subsequutus
661 2382 726 2409 est.
777 2388 900 2410 verum
928 2378 955 2410 ii
980 2383 1063 2423 post
1091 2378 1234 2422 longam
1259 2378 1507 2422 obsidionem,
1533 2393 1738 2415 murorum-

259 2435 332 2469 que
358 2422 404 2456 ad
426 2429 631 2457 sanctorum
672 2429 812 2469 patrum
839 2424 974 2458 ibidem
1010 2425 1187 2458 cultorum
1224 2425 1349 2460 aedem
1388 2427 1518 2462 factam
1547 2441 1739 2475 oppugna-

258 2473 398 2505 tionem
426 2476 464 2505 et
488 2471 742 2512 deiectionem,
764 2471 853 2506 urbe
873 2479 993 2506 tamen
1021 2472 1171 2506 minime
1197 2475 1305 2519 potiti
1332 2481 1428 2517 sunt,
1454 2487 1533 2509 cum
1561 2477 1609 2510 ob
1634 2489 1738 2511 acee-

257 2525 338 2565 ptas
364 2531 488 2552 eorum
515 2518 613 2564 apud
640 2518 748 2552 deum
777 2531 924 2564 preces,
962 2526 1038 2554 tum
1065 2520 1111 2553 ob
1140 2522 1346 2556 veneranda
1385 2524 1592 2558 eorumdem
1617 2525 1738 2559 linea-

256 2573 405 2609 menta,
451 2579 545 2613 quae
573 2566 619 2600 ab
646 2567 851 2600 sententiae
878 2568 1024 2601 illorum
1058 2569 1276 2614 sequacibus
1314 2570 1362 2604 ad
1384 2570 1477 2605 hanc
1504 2584 1617 2619 usque
1640 2573 1738 2607 diem

258 2620 379 2648 erecta
422 2621 459 2649 et
498 2615 567 2661 piis
602 2613 803 2648 honoribus
843 2615 1024 2649 cumulata
1059 2624 1302 2661 perseverant.
1352 2630 1458 2664 porro
1483 2631 1563 2654 cum
1591 2621 1739 2667 quidam

257 2663 518 2696 Constantinus
543 2662 737 2696 Artabasdi
774 2667 905 2697 strator
940 2663 1133 2708 imaginem
1172 2665 1343 2711 deiparae
1380 2672 1536 2701 erectam
1575 2681 1739 2710 cernens,

258 2717 442 2756 arreptum
479 2710 639 2756 lapidem
668 2711 707 2743 in
732 2710 844 2757 ipsam
882 2713 1109 2757 proiecisset,
1147 2724 1299 2760 eamque
1326 2716 1518 2748 contritam
1547 2724 1584 2750 et
1608 2718 1646 2750 in
1670 2716 1741 2749 hu-

258 2769 356 2791 mum
385 2759 521 2803 lapsam
549 2757 702 2803 pedibus
729 2759 987 2802 concnlcasset,
1012 2759 1193 2794 dominam
1235 2761 1304 2795 sibi
1330 2769 1506 2797 astantem
1530 2775 1597 2809 per
1624 2765 1740 2798 visum

261 2807 461 2853 conspexit,
486 2818 580 2852 quae
605 2818 686 2840 eum
712 2807 763 2842 ita
787 2807 978 2854 alloquuta
1003 2814 1076 2842 est:
1126 2809 1228 2845 vides
1254 2821 1362 2856 quam
1390 2811 1572 2857 egregium
1596 2811 1736 2846 facinus
