1768 3106
263 137 373 194 530
827 155 1180 200 THEOPHANIS
1236 142 1243 153 '

257 258 510 312 πωσάμενος
548 256 755 315 σώζεται,
802 258 876 301 καί
916 259 1160 303 καταλιπών
1202 257 1362 308 πάντας
1404 258 1743 302 α’πέπλευσενέν

255 327 727 369 Κωνσταντινουπὸλει.

42 413 241 460 A.M.6147
372 391 517 452 Τούτῳ
547 395 607 452 τῷ
636 392 719 436 ἔτει
762 395 1055 451 ἐδολοφονήθη
1090 393 1274 448 Οὗθμιῖν
1318 391 1342 434 ὅ
1370 395 1457 436 τῶν
1483 395 1742 450 Σαρακηνῶν

252 459 488 518 στρατηγὸς
520 461 604 504 ὑπὸ
632 464 717 504 τῶν
738 462 783 504 ἐν
808 461 1042 518 Ἔθριζθαις,
1068 461 1317 519 άμηρεύσας
1345 459 1419 518 ἔτη
1451 459 1490 503 ι’.
1508 463 1672 517 γέγονεν
1692 464 1740 504 δὲ

252 527 444 584 οἷνασοβὴ
475 530 606 583 μέσον
636 530 792 571 αὐτῶν.
863 525 957 571 ὅσοι
985 531 1067 585 γάρ
1107 527 1216 573 κατά
1242 527 1318 584 τήν
1349 527 1507 586 ἶς’ρηίιιον
1532 529 1768 585 ὑπῆρχον,5

119 606 155 640 Ρ.
171 606 241 641 288
252 595 327 640 τὸν
351 592 455 653 Ἀλὴ
488 593 657 652 ἤθελον,
683 596 864 651 ἀνεψιὸν
882 599 960 641 τοῦ
985 595 1103 654 Ἀλή,
1131 595 1328 653 γαμβρὸν
1357 593 1458 640 ὄντα
1478 599 1559 639 τοῦ
1576 599 1736 640 IVIova..

247 667 335 720 μέὸ
346 683 356 694 ·
413 662 454 708 οἱ
482 665 530 707 δὲ
556 663 660 708 κατά
690 667 853 720 Συρίαν
881 667 956 708 καί
982 657 1222 722 Αἴγυπτον,
1253 665 1330 709 τὸν
1356 666 1540 709 Μαυΐαν
1569 659 1739 720 ἤθελον·

248 730 297 784 ὃς
327 735 403 777 καί
430 734 619 789 ἐνίκησεν
648 734 722 775 καί
747 732 978 789 ἐκράτησεν
1008 731 1082 790 ἔτη
1113 731 1192 776 κδ’.

359 799 557 857 Ἀράβων
586 798 776 857 ἀρχηγός
804 802 990 850 Maurag
1021 798 1095 857 ἔτη
1127 799 1210 844 κθ’.

35 879 234 926 A.M.6143
365 864 510 926 Τούτῳ
540 869 598 926 τῷ
627 865 713 910 ἔτει
744 864 1083 924 ἐπεστράτευσεν
1112 869 1298 919 ,ΖΙῚαυΐας
1338 867 1444 911 κατά
1477 868 1605 924 ’Ain'-
1663 870 1738 912 καί
1754 887 1766 914 1

245 935 603 991 συναθροίζονται
633 935 873 992 α’,ιιφὸτεροι
895 936 1111 990 α’ναμέσον
1129 935 1449 993 Βαρβαλίσσου,
1472 938 1533 986 εἰς
1555 935 1602 980 τὸ
1620 940 1734 980 Και-

243 1003 395 1060 σάριον
426 1005 603 1060 πλησίον
631 1004 711 1045 τοῦ
738 1003 992 1060 Εὐφράτου.
1038 1001 1078 1046 οῖ
1109 1004 1156 1046 δὲ
1186 1006 1264 1046 τοῦ
1293 1006 1476 1047 ῙΙἸαυΐου
1513 1006 1734 1059 ἐπικρατέ-

203 1086 387 1126 Βστεροι
415 1068 631 1126 γεγονότες
660 1069 709 1113 τὸ
743 1067 863 1127 ὕδωρ
894 1069 1071 1126 ἔλαβον·
1138 1073 1197 1121 εἰς
1230 1073 1365 1126 δίψαν
1394 1072 1442 1114 δὲ
1468 1069 1664 1122 ἐλθόντες
1692 1070 1732 1114 οἶ

241 1142 321 1182 τοῦ
347 1135 450 1194 ’AM
485 1135 825 1182 ἐλειποτάκτουν.
885 1138 1071 1189 ΙΙῚαυΐας
1097 1141 1145 1183 δὲ
1175 1140 1251 1182 οὐκ
1279 1135 1432 1197 ἤθελεν
1458 1141 1695 1197 πολεμῆσαι
1717 1157 1728 1168 ·

241 1208 333 1250 ἀλλ’
360 1205 542 1262 άπονητί
564 1206 641 1262 τὴν
671 1209 790 1263 νίκην
815 1201 962 1263 ἤρατο.
1748 1223 1762 1251 1

31 1290 228 1338 A‚M‚6149
361 1273 507 1333 Τούτῳ
544 1277 604 1332 τῷ
632 1271 717 1317 ἔτει
749 1272 1082 1330 ἐπεστράτευσεν
1120 1273 1144 1317 ὅ
1176 1273 1382 1330 βασιλεῦς
1406 1275 1515 1320 κατὰ
1547 1278 1731 1330 §naasta-

236 1346 343 1400 νίας,
377 1341 451 1386 καί
477 1339 816 1400 ᾐχμαλώτευσεν
845 1342 1039 1399 πολλούς,
1068 1345 1145 1386 καί
1170 1344 1387 1395 ὑπέταξεν.
1463 1346 1520 1400 τῷ
1547 1345 1585 1385 δ’
1613 1344 1732 1401 αὐτῷ

237 1409 320 1454 ἔτει
351 1411 422 1454 καὶ
449 1409 498 1453 τά
530 1408 638 1453 κατά
670 1408 746 1452 τὸν
785 1407 907 1465 ἅγιον
938 1408 1145 1463 Μάξιμον
1190 1413 1264 1452 καί
1292 1409 1393 1460 τούς
1417 1409 1619 1467 μαθητάς
1649 1412 1730 1452 αυ’-

235 1482 316 1522 τοῦ
335 1476 548 1535 ἐπράχθη,
578 1475 685 1534 ὑπὲρ
708 1478 782 1534 τῆς
804 1477 939 1534 ὀρθῆς
958 1478 1140 1528 πίστεως
1171 1473 1503 1533 ἀγωνισαμένων
1520 1477 1627 1521 κατά
1647 1480 1730 1522 τῶν

331 1617 365 1650 3.
391 1615 467 1653 τῶν
490 1615 663 1663 Ἀράβων
688 1617 727 1651 A
851 1615 883 1660 4.
906 1613 1135 1662 Ἑνεθρίβοις
1159 1616 1187 1650 Α
1214 1613 1233 1649 a
1261 1616 1279 1649 f
1303 1627 1372 1662 mg.
1399 1616 1476 1651 Par.
1599 1618 1630 1652 5.
1654 1613 1724 1665 μέ-

333 1674 414 1701 σων
437 1663 565 1701 αὐτῶν
589 1666 628 1699 Α.
751 1675 785 1708 9.
812 1660 986 1713 Λράβων
1009 1684 1056 1690 —
1078 1663 1136 1699 23'
1170 1677 1240 1698 om.
1279 1666 1307 1698 A
1332 1677 1352 1698 a
1377 1665 1402 1698 f.
1538 1676 1587 1699 ιι.
1617 1668 1724 1712 Βαρ-

335 1715 520 1749 κτιλίσσου
546 1714 588 1747 A.
689 1713 741 1746 13.
771 1712 811 1749 δὲ
836 1715 879 1757 A,
906 1724 941 1749 ιε
965 1711 1062 1758 vulg.
1178 1715 1228 1748 18.
1252 1715 1317 1749 καὶ
1344 1712 1430 1747 add.
1460 1724 1504 1747 ex
1527 1713 1568 1747 A.
1672 1725 1722 1758 ¹9·

334 1761 430 1810 ὑπὲρ
457 1763 499 1804 A,
526 1763 616 1809 περὶ
639 1761 736 1807 vulg.

237 1888 313 1910 cem
340 1877 445 1919 datis,
473 1878 590 1924 ipsum
617 1877 726 1911 etiam
756 1877 972 1911 interfecere
998 1889 1069 1910 una
1095 1889 1174 1910 cum
1203 1888 1260 1917 eo,
1289 1877 1351 1924 qui
1378 1881 1496 1911 vestes
1523 1876 1719 1923 imperato-

237 1927 306 1959 rias
336 1925 518 1959 induerat.
569 1927 770 1971 imperator
792 1926 904 1971 igitur
926 1926 965 1960 iu
990 1927 1111 1971 fu'gam
1130 1937 1264 1967 versia,
1291 1926 1483 1959 incolumis
1512 1926 1636 1967 evasit,
1664 1936 1721 1958 re-

236 1974 408 2019 lictisque
436 1972 605 2008 omnibus
632 1973 776 2018 Cpolim
802 1973 923 2007 solvit.

47 2021 220 2068 A.C.647
328 2023 407 2055 Hoc
434 2034 529 2056 anno
562 2020 766 2056 Uthmanus
794 2022 1054 2055 Saracenorum
1091 2021 1164 2056 dux
1202 2032 1341 2054 amerae
1381 2020 1567 2066 provincia
1593 2020 1719 2055 decem

234 2081 359 2103 annos.
376 2070 522 2104 functus
549 2070 594 2103 ab
613 2069 894 2104 Ethribensibus
920 2069 1005 2104 dolo
1023 2072 1208 2116 appetitus
1236 2069 1387 2103 interiit.
1436 2067 1628 2102 dissidium
1653 2081 1720 2102 au-

234 2122 307 2152 tem
335 2118 432 2152 inter
456 2117 592 2152 Arabes
629 2124 795 2152 exortum
825 2124 890 2152 est.
955 2119 1018 2164 qui
1043 2119 1140 2152 enim
1171 2118 1302 2151 deserti
1329 2118 1408 2150 loca
1434 2122 1584 2150 tenuere
1612 2117 1719 2160 Alim,

234 2165 384 2199 alterius
421 2166 499 2200 Alis
531 2172 728 2212 nepotem,
766 2165 939 2200 Muamed
976 2178 1172 2211 generum,
1198 2165 1457 2198 desiderabant
1490 2165 1718 2211 principem,

235 2214 297 2259 qui
325 2225 410 2247 vero
438 2213 579 2257 Syriam
606 2220 643 2247 et
668 2215 870 2260 Aegyptum
900 2215 1085 2248 incoluere
1107 2215 1263 2248 Maviam
1291 2212 1580 2259 promovebant,
1614 2214 1718 2248 cuius

233 2273 317 2308 pars
343 2262 510 2307 superior
539 2262 671 2301 extitit,
698 2269 734 2295 et
763 2263 954 2308 imperium
980 2263 1144 2296 obtinuit
1179 2273 1292 2295 annos
1321 2261 1449 2306 viginti
1475 2267 1646 2308 quatuor.

330 2310 489 2343 Arabum
517 2309 591 2342 dux
616 2310 754 2344 Mavias
782 2322 896 2344 annos
923 2321 969 2354 29
996 2316 1132 2356 regnat.

45 2364 220 2412 A.C,648
329 2357 408 2392 Hoc
434 2369 528 2390 anno
555 2358 692 2391 Mavias
718 2357 857 2391 bellum
885 2358 1054 2392 adversus
1079 2358 1171 2392 Alim
1199 2357 1333 2398 movit,
1362 2362 1398 2391 et
1422 2357 1460 2391 in
1489 2357 1608 2392 media
1633 2359 1718 2391 Bar-

233 2405 358 2439 balissi
395 2405 550 2453 planitie
589 2405 634 2438 ad
682 2406 889 2439 Caesarium
928 2407 1030 2440 iuxta
1072 2404 1294 2451 Euphratem
1325 2411 1479 2452 uterque
1519 2406 1717 2440 exercitum

234 2454 372 2488 eduxit.
425 2454 567 2488 Maviae
593 2453 687 2486 acies
714 2454 864 2487 victoria
889 2456 1055 2499 superior
1087 2457 1214 2488 effecta
1247 2455 1362 2487 amnis
1386 2454 1525 2488 fluenta
1551 2458 1717 2500 occupat,

233 2503 292 2536 siti
318 2513 403 2535 vero
435 2503 549 2536 aciem
576 2502 652 2535 Alis
697 2501 914 2542 invadente,
941 2503 1076 2536 milites
1115 2514 1289 2547 aquarum
1329 2503 1481 2548 penuria
1522 2503 1651 2536 virium
1679 2507 1717 2536 et

233 2551 346 2584 animi
373 2550 578 2597 deliquium
604 2549 851 2595 patiebantur.
884 2551 1019 2584 Mavias
1043 2551 1169 2597 itaque
1194 2551 1373 2597 praelium
1399 2550 1605 2585 detrectans
1630 2550 1714 2584 abs-

234 2610 304 2645 que
334 2599 410 2632 ullo
436 2599 562 2632 labore
587 2598 775 2632 victoriam
809 2599 906 2631 tulit.

48 2656 218 2703 ,MC-53¹9
328 2646 407 2679 Hoc
436 2658 531 2680 anno
558 2647 811 2692 imperatorin
839 2646 1056 2679 Sclaviniam
1095 2645 1362 2693 expeditionem
1390 2647 1570 2693 suscepit,
1594 2646 1712 2692 pluri-

231 2694 375 2741 busque
403 2694 568 2729 barbaris
594 2695 631 2727 in
659 2695 903 2740 captivitatem
932 2695 1043 2735 actis,
1070 2695 1293 2740 provinciam
1321 2696 1474 2740 subegit.
1525 2695 1595 2728 hoc
1619 2705 1710 2740 quo-

232 2754 302 2787 que
329 2755 424 2776 anno
450 2754 544 2789 quae
573 2748 736 2776 sanctum
762 2743 960 2776 Maximum
997 2749 1034 2776 et
1064 2745 1139 2776 eius
1165 2744 1364 2790 discipulos
1396 2748 1574 2789 spectant,
1600 2747 1711 2785 gesta,

231 2790 276 2824 iis
299 2791 470 2825 nimirum
495 2803 562 2838 pro
588 2796 687 2826 recta
713 2790 800 2825 fidei
821 2793 1010 2826 sententia
1046 2791 1258 2827 sustinenda
1286 2792 1455 2828 adversus
1479 2788 1709 2825 monothele-
