1768 3106
245 149 282 204 6
296 170 311 205 ι
329 170 357 204 2
809 168 1157 210 THEOPHANIS

246 272 440 319 Σικελίας
470 269 660 320 α’κούσας
698 265 764 312 ὅτι
802 269 839 312 οὶ
873 272 1116 325 Σαρακηνοί
1140 273 1507 326 παρακαθέζονται
1533 273 1608 329 τήν
1634 277 1717 330 βα-

246 335 500 380 σιλεύουσαν
547 335 669 380 πόλιν
712 335 887 392 ἔστεψεν
930 339 1064 380 ἐκεῖσε
1104 336 1212 380 ἴδιον
1240 342 1422 392 βασιλέα
1458 342 1505 384 ἐκ
1534 344 1619 384 τῶν
1645 343 1718 383 α’ν-

244 402 437 457 θρώπων
459 405 595 446 αὐτοῦ
625 401 804 457 ὀνόματι
836 405 1065 446 Βασίλειον
1095 407 1591 463 Κωνσταντινουπολίτην
1620 407 1718 451 υἱὸν

265 472 479 526 Ἴρηγορίου
520 475 599 513 τοῦ
627 468 967 525 Ὀνομαγούλου,
1019 473 1214 528 Τιβέριον
1254 472 1384 517 αὐτὸν
1411 475 1716 528 μετονομάσας.

240 539 436 592 ἐποίησεν
463 540 512 580 δὲ
542 535 756 592 προβολάς
801 540 875 579 καί
913 539 1050 588 ἰδίους
1080 534 1292 593 ἄρχοντας
1317 541 1426 595 μετα
1453 544 1609 598 βουλῆς
1640 542 1756 584 τοῦὄ

859 602 873 617 C

238 607 543 661 προλεχθέντος
585 606 781 659 Σεργίου.
853 622 874 646 ο
924 607 971 648 δὲ
1008 605 1213 660 βασιλεὺς
1245 608 1368 650 τοῦτο
1397 609 1582 659 α’κοιῖσας
1611 610 1717 650 (ἰπο-

237 676 398 715 στέλλει
418 676 596 714 Παῦλον
624 671 698 715 τὸν
729 671 837 715 ἴδιον
867 674 1001 715 αὐτοῦ
1035 675 1347 730 χαρτουλάριον
1374 675 1717 730 προβαλλόμενος

239 739 368 782 αὐτὸν
395 742 614 794 πατρίκιον
643 738 716 781 καί
751 740 987 796 στρατηγὸν
1026 743 1232 798 Σικελίας,
1262 743 1574 797 παραδεδωκώς
1604 745 1719 801 αύτῷ

191 821 223 857 D
239 806 344 862 πρὸς
362 805 570 863 συναρσιν
589 807 723 850 αὐτοῦ
736 809 950 856 κελεύσεις
970 807 1076 861 πρὸς
1091 807 1189 858 τούς
1207 805 1419 864 ἄρχοντας
1435 814 1518 852 τῶν
1533 813 1714 853 avum-v

235 875 382 929 μερῶν
403 873 476 916 καί
502 872 666 929 σάκραν
693 872 799 929 πρὸς
826 871 898 916 τὸν
930 873 1049 917 λαόν.
1081 877 1156 918 καί
1183 875 1256 919 διὰ
1280 877 1427 927 νυκτὸς
1455 876 1717 927 εἰσελθόντες
1736 893 1768 919 ιι

235 942 298 989 εἰς
338 939 602 992 ἐξελαστικὸν
639 939 864 998 δρόμωνα,
893 942 1071 997 ἐξῆλθον
1104 941 1175 985 ἐπὶ
1202 942 1252 987 τά
1281 947 1390 1001 μέρη
1423 946 1617 997 Κυζίκου
1648 948 1719 987 καί

234 1003 319 1050 ἀπὸ
341 1007 468 1049 τόπου
490 1009 549 1057 εἰς
567 1007 708 1064 τόπον,
725 1006 797 1050 διά
816 1024 861 1050 τε
881 1011 957 1064 γῆς
976 1011 1050 1051 καί
1070 1008 1292 1067 θαλάσσης
1313 1010 1388 1068 την
1406 1013 1580 1068 πορείαν
1595 1028 1716 1068 ποιη-

234 1073 434 1130 σάμενοι,
463 1073 639 1125 ἐξάπινα
669 1074 746 1130 την
766 1078 963 1118 Σικελίαν
994 1079 1408 1132 καταλαμβάνουσιν.
1440 1079 1717 1122 εἰσελθόντων

235 1143 282 1184 δὲ
313 1142 452 1185 αὐτῶν
483 1143 527 1185 ἐν
559 1145 813 1201 Συρακούσῃ
844 1138 1023 1199 ἤκουσεν
1045 1147 1219 1201 Σέργιος
1249 1147 1322 1189 καί
1347 1148 1505 1203 ἐξέστη,
1538 1147 1612 1189 καί
1640 1146 1715 1203 τήν

231 1206 392 1252 ἑαυτοῦ
420 1209 618 1265 ἐπιγνούς
644 1211 787 1253 αἰτίαν
818 1214 1086 1268 προσέφυγεν
1115 1216 1175 1262 εἰς
1200 1213 1299 1263 τούς
1328 1213 1636 1270 πλησιάζοντας
1663 1217 1714 1271 τῇ
1733 1218 1768 1259 ιξ

234 1280 468 1335 Καλαβρίᾳ
497 1277 836 1333 Λογγιβάρὸους.
869 1281 946 1321 τοῦ
972 1282 1018 1323 δὲ
1049 1282 1156 1322 λαοῦ
1184 1283 1504 1337 α’θροισθὲντος,
1538 1281 1612 1324 καί
1638 1283 1713 1337 τῆς

232 1345 396 1400 σάκρας
428 1345 795 1402 ἀναγνωσθείσης,
824 1347 900 1388 καί
926 1349 981 1388 δι’
1023 1347 1156 1403 αὐτῆς
1186 1351 1510 1406 πιστωσθέντες,
1542 1346 1609 1391 ὅτι
1639 1352 1716 1390 καί

232 1409 278 1452 τὸ
305 1412 522 1463 βασίλειον
555 1415 836 1469 συνίσταται,
860 1415 935 1455 καί
958 1414 983 1469 ἦ
1019 1412 1138 1463 πόλις
1168 1417 1439 1469 ευᾞυμοτέρα
1475 1417 1588 1459 ἐστίν
1615 1416 1715 1471 περὶ

101 1480 317 1540 p‚334t03v
345 1479 530 1534 ἐχθρῶν,
557 1478 631 1521 καί
659 1479 713 1521 τὰ
744 1479 844 1536 περί
870 1482 954 1523 τῶν
987 1481 1065 1523 δύο
1096 1483 1258 1525 στόλων
1287 1484 1596 1540 διηγησαμένου
1632 1481 1712 1526 αὕ-

337 1628 365 1649 1.
395 1618 726 1663 παρακαθέζονται
747 1617 788 1659 Α,
820 1621 1146 1664 παρακαθίζονται
1174 1621 1269 1665 vulg.
1410 1630 1443 1654 2.
1476 1620 1516 1656 ἐκ
1540 1620 1617 1655 τῶν
1642 1620 1710 1656 (ἲν-

329 1665 501 1709 θ-ρώπων
542 1662 658 1699 αὐτοῦ
694 1665 776 1698 add.
801 1676 845 1699 ex
872 1669 913 1700 A.
1051 1668 1084 1712 4.
1117 1671 1192 1713 Τιβ.
1233 1664 1350 1704 αὐτὸν
1376 1669 1645 1715 μετονομάσας
1672 1670 1712 1708 Α,

335 1713 411 1758 Τιβ.
443 1712 641 1760 ὀνομάσας
660 1714 755 1757 vulg.
863 1715 897 1747 6.
924 1716 1039 1750 ταῦτα
1063 1709 1231 1760 ἀκηκοώς
1256 1717 1295 1749 A.
1419 1729 1452 1763 7.
1476 1711 1543 1753 τὸν
1572 1719 1713 1752 οἰκεῖον

332 1759 449 1794 αὐτοῦ
475 1762 513 1793 Α.
612 1772 669 1795 io.
691 1760 823 1809 μερῶν
846 1773 916 1795 om.
935 1763 976 1796 A.
1126 1776 1179 1800 ιι.
1205 1765 1268 1799 ἐπὶ
1296 1763 1335 1805 Α,
1354 1765 1406 1804 εἰς
1433 1764 1530 1810 vulg.
1650 1767 1716 1797 καὶ

331 1807 415 1841 add.
448 1819 491 1842 ex
520 1807 560 1841 A.
583 1815 585 1821 ’
687 1820 737 1854 ¹7·
767 1812 986 1851 πεισθέντες
1008 1823 1038 1845 a.
1161 1810 1216 1848 ὅτι
1239 1814 1305 1847 καὶ
1326 1805 1367 1848 τὸ
1391 1812 1433 1854 Α,
1462 1810 1520 1848 ὅτι
1543 1809 1586 1848 τὸ
1615 1813 1712 1857 vulg.

339 1867 389 1903 ¹9·
417 1855 706 1904 διηγησαμένων
734 1858 774 1891 Α.

239 1999 378 2026 rantem
406 2006 425 2027 a
452 1994 640 2028 Saracenis
666 1994 846 2029 obsessam
878 1996 1052 2039 audiens,
1081 1998 1250 2032 Basilium
1289 1998 1470 2045 quendam
1500 1998 1606 2044 Cpoli
1650 2010 1716 2031 na-

239 2046 317 2074 tum
336 2040 498 2085 Gregorii
529 2042 742 2088 Onomaguli
770 2044 884 2077 filium
911 2045 1099 2079 Tiberium
1127 2058 1146 2079 a
1175 2058 1212 2080 se
1235 2052 1402 2080 vocatum
1428 2047 1505 2080 illic
1533 2046 1605 2079 loci
1631 2057 1717 2091 pro-

239 2090 358 2134 prium
395 2090 647 2134 imperatorem
681 2103 814 2124 corona
859 2093 1057 2137 insignivit.
1114 2094 1143 2127 is
1176 2095 1363 2127 memorati
1399 2094 1514 2139 Sergii
1552 2094 1715 2127 consiliis

242 2135 448 2169 officialium
478 2139 723 2181 promotiones
750 2145 787 2173 et
811 2141 997 2174 curialium
1027 2143 1272 2187 praefecturas
1302 2142 1471 2175 instituit.
1522 2142 1718 2187 imperator

239 2183 442 2228 tyrannidis
469 2186 648 2218 excitatae
675 2198 817 2220 rumore
843 2195 1026 2235 percepto,
1055 2189 1204 2223 Paulum
1239 2190 1423 2234 proprium
1460 2189 1717 2223 chartularium

241 2233 280 2265 in
307 2232 498 2277 patricium
526 2238 562 2266 et
579 2233 723 2267 Siciliae
754 2234 880 2268 ducem
898 2242 1117 2281 promotum,
1144 2237 1237 2270 datis
1268 2238 1375 2270 etiam
1404 2238 1538 2270 auxilio
1563 2237 1718 2282 conqui-

242 2278 355 2313 rendo
382 2279 427 2312 ad
465 2280 746 2314 occidentalium
771 2284 929 2327 partium
961 2295 1127 2329 proceres
1155 2284 1298 2325 litteris,
1326 2291 1363 2318 et
1389 2296 1486 2319 sacra
1511 2284 1556 2318 ad
1581 2285 1719 2319 exerci-

241 2333 320 2360 tum
348 2327 491 2372 scripta,
517 2327 607 2360 illuc
631 2330 738 2363 misit.
790 2332 906 2364 noctis
922 2343 1006 2365 vero
1032 2332 1177 2365 silentio
1202 2331 1412 2366 dromonem
1438 2333 1586 2377 remigio
1612 2333 1717 2366 citius

242 2375 506 2420 impellendum
541 2375 706 2419 ingressi,
731 2377 767 2409 in
795 2377 914 2421 Cyzici
938 2390 1019 2412 oras
1043 2379 1198 2424 primum
1225 2387 1441 2425 eruperunt,
1477 2392 1560 2414 mox
1588 2391 1607 2413 e
1636 2380 1717 2414 loco

242 2424 282 2456 in
308 2423 430 2456 locum*
452 2423 549 2455 varia
577 2423 700 2456 littora
725 2425 911 2468 legentes,
950 2439 1020 2472 qua
1049 2433 1154 2468 terra.
1179 2438 1250 2472 qua
1279 2429 1365 2461 mari
1392 2429 1462 2463 iter
1489 2435 1716 2474 peragentes,

243 2476 391 2516 praeter
418 2470 576 2503 omnium
604 2474 896 2515 expectationem
921 2474 959 2506 in
986 2474 1147 2507 Siciliam
1175 2475 1384 2510 deveniunt.
1434 2475 1498 2509 ubi
1523 2488 1584 2509 eos
1610 2476 1719 2519 Syra-

246 2529 348 2551 cusas
377 2519 540 2563 attigisse
566 2518 683 2552 audiit
707 2519 862 2564 Sergius,
890 2521 1090 2567 obstupuit,
1115 2523 1357 2569 propriaeque
1382 2524 1626 2557 conscientiae
1652 2525 1722 2556 cri-

246 2566 344 2599 mine
371 2566 560 2611 impulsus,
587 2566 633 2599 ad
656 2567 793 2600 vicinos
822 2568 1010 2602 Calabriae
1053 2571 1306 2614 Longobardos
1332 2571 1508 2616 confugit.
1560 2572 1719 2604 exercitu
1764 2594 1766 2596 v

246 2625 332 2646 mox
357 2619 584 2658 congregato,
612 2625 784 2660 sacraque
817 2617 1044 2661 imperatoris
1075 2619 1252 2662 perlecta,
1278 2620 1399 2652 cuncti
1427 2619 1472 2653 de
1498 2619 1638 2664 imperii
1664 2620 1722 2652 in·

249 2661 461 2694 columitate
490 2667 527 2695 et
553 2668 731 2707 perpetuo
763 2669 858 2696 statu
883 2665 1054 2698 certiores
1091 2666 1237 2707 redditi,
1263 2666 1390 2700 urbem
1417 2668 1565 2712 insuper
1593 2666 1723 2699 adver-

249 2720 310 2742 sus
332 2707 492 2742 hostium
529 2710 703 2754 impetum
738 2722 843 2755 quam
881 2712 980 2756 prius
1023 2713 1136 2746 multo
1174 2715 1285 2760 magis
1321 2715 1544 2755 instructam,
1571 2713 1722 2747 duarum

249 2757 358 2789 etiam
390 2757 557 2790 classium
583 2757 723 2790 cladem
754 2758 957 2792 inauditam
986 2759 1087 2794 ducis
1125 2763 1332 2796 testimonio
1364 2762 1539 2796 firmatam
1563 2762 1723 2807 percipi-

250 2809 365 2846 entes,
391 2804 551 2839 Leonem
575 2805 723 2852 quidem
747 2807 1000 2853 imperatorem
1031 2808 1199 2844 felicibus
1230 2809 1324 2846 votis
1352 2811 1534 2857 extemplo
1561 2810 1723 2844 cumula-
1764 2844 1768 2846 ,
