1768 3106
234 154 348 223 348
792 177 1139 218 THEOPHANJS

231 272 495 329 §avsdv‘uat
521 277 706 335 τυφλόν,
747 274 861 328 ὅστις
881 277 1153 332 κελευόμενος
1182 278 1251 320 ὑπ’
1275 276 1409 320 αὐτοῦ
1437 278 1570 320 ἐποίει
1600 276 1706 318 θεά-

231 361 360 398 ματα·
416 342 595 395 ἑστῶτος
622 345 702 401 γὰρ
735 347 871 388 αὐτοῦ
901 348 946 388 ἐν
972 347 1025 403 τῇ
1057 346 1206 404 α’γορᾷ,
1227 345 1300 388 καί
1328 342 1460 400 ὄχλου
1491 346 1708 400 παρεστῶ-

231 427 315 470 τος,
341 410 485 468 λάθρα
514 414 592 455 τοῦ
631 412 756 463 κυνός
785 414 1003 468 ἐκομίζετο
1030 412 1083 456 τοὶ
1112 413 1194 456 τῶν
1224 410 1415 457 ἑστώτων
1439 411 1709 466 ,δακτυλίδια,

230 482 377 536 χρυσᾶ
406 495 449 523 τε
483 481 564 536 Ιἶκαί
591 481 764 537 α’ργυρᾶ
807 479 883 523 καί
907 481 1093 538 σιδηροῖ·
1162 482 1239 524 καί
1274 480 1407 524 ἐτίθει
1438 477 1548 523 αὐτὰ
1579 480 1639 529 εἰς
1665 476 1709 520 τὸ

95 555 133 590 Ρ.
153 565 218 601 ι9ο
231 544 393 604 ἔδαφος
411 583 422 604 ‚
451 550 716 603 περισκέπων
757 546 893 591 αὐτὰ·
918 549 977 607 τῷ
1016 548 1192 604 χώματι
1210 566 1223 577 ·
1281 550 1355 591 καί
1396 549 1624 603 ἐπέτρεπεν
1650 546 1746 604 τῷό

230 616 337 671 κυνί,
367 613 441 656 καί
468 612 664 672 ἔπερνεν,
707 617 781 658 καί
810 617 956 659 ἐδίδου
987 614 1152 674 ‹inacus›
1180 614 1228 658 τὸ
1263 613 1391 659 ἴδιον.
1450 614 1606 668 ὅμοίως
1638 612 1711 655 καί

231 682 452 739 διαφόρων
468 683 681 738 βασιλέων
701 674 940 738 νομίσματα
953 682 1191 739 μιγνύμενα
1210 685 1408 728 ἐπεδίδου
1438 685 1531 726 κατ’
1560 675 1707 735 ὄνομα.

231 748 339 793 dno}
368 751 443 792 καί
468 751 737 804 παρεστῶτος
765 746 897 807 ὄχλου
931 752 1097 807 α’νὸρῶν
1125 768 1172 794 τε
1204 752 1278 794 καί
1295 753 1520 809 γυναικῶν,
1550 753 1710 807 ἐπερω-

229 817 415 872 τώμενος
431 819 643 861 ἐδείκνυεν
668 819 745 869 τὰς
765 821 811 863 ἐν
834 818 987 876 γαστρὶ
1008 818 1196 874 ἐχούσας
1225 821 1300 862 καί
1325 819 1423 870 τοὺς
1441 816 1623 874 πόρνους
1638 815 1712 860 καί

229 884 329 936 τούς
360 883 540 941 μοιχούς
580 887 655 929 καί
695 885 867 937 κνίπους
913 886 988 930 καί
1027 885 1382 942 μεγαλοψύχους·
1439 887 1514 929 καί
1538 881 1709 928 ὕπεὸεί-
1729 902 1768 928 ιο

229 969 353 996 κνυεν
382 955 522 996 πάντα
559 951 668 1007 μετὰ
700 954 915 1010 ἀληθείας.
976 949 1078 997 ὅθεν
1105 952 1272 1010 ἔλεγον·
1332 950 1398 998 ὅτι
1425 955 1593 1009 πνεῦμα
1620 950 1711 1008 ἔχει

230 1020 466 1072 Πύθωνος.

18 1101 215 1148 A.M,6037
348 1088 491 1148 Τούτω
520 1091 578 1147 τῶ
597 1086 682 1131 ἔτει
709 1091 919 1145 ἐπανέστη
950 1088 977 1145 ἦ
1007 1087 1209 1132 θάλασσα
1237 1090 1291 1148 τῇ
1314 1087 1460 1149 Θράκῃ
1487 1088 1561 1132 ἐπι
1587 1089 1710 1142 μίλια

7 1167 9 1170 ’
188 1158 435 1212 Βτέσσαρα,
463 1157 539 1200 καί
567 1154 780 1237 ἐκάλυψεν
814 1157 946 1213 αὕτην
974 1157 1046 1199 ἐπὶ
1065 1154 1119 1199 τὰ
1148 1159 1259 1213 μέρη
1283 1156 1493 1200 Ὀδύσσου
1522 1173 1593 1198 και
1588 1155 1711 1199 Λιο-

228 1222 493 1274 νυσοπόλεως
535 1241 606 1267 και
662 1222 707 1267 τό
744 1224 1043 1282 Ἀφροδίσιον·
1116 1226 1202 1267 και”
1235 1225 1385 1267 πολλοι
1410 1225 1638 1281 ἐπνίγησαν
1667 1224 1710 1266 ἐν
1729 1224 1768 1265 ιέ

228 1297 316 1341 τοῖς
346 1287 518 1334 ὕδασιν.
575 1291 651 1333 καί
678 1290 804 1334 πάλιν
844 1294 902 1351 τῷ
928 1294 1005 1336 τοῦ
1034 1295 1142 1335 θεοῦ
1180 1290 1478 1349 προστάγματι
1506 1290 1711 1334 ἀποκατε-

229 1357 371 1415 στάθη
399 1356 424 1415 ἦ
456 1357 565 1413 adm)
600 1355 801 1401 θάλασσα
837 1361 897 1410 εἷς
927 1358 1028 1410 τούς
1057 1361 1191 1410 ἰδίους
1219 1357 1387 1410 τόπους.

18 1438 218 1474 Α.Μ.6ο38
334 1426 647 1483 Ἱεροσολύμων
692 1426 922 1470 ἐπισκόπου
952 1429 1154 1484 Πέτρου,
1179 1426 1442 1483 Ἀντιοχείας
1481 1424 1712 1470 ἐπισκόπου

230 1494 405 1550 Δόμνου
435 1492 524 1545 ἔτος
555 1492 605 1538 α’.

192 1571 220 1606 C
349 1559 494 1621 Τούτῳ
523 1564 579 1620 τῷ
605 1560 691 1605 ἔτει
718 1565 859 1618 γέγονε
903 1567 1046 1618 λεῖψις
1075 1565 1195 1606 σίτου
1223 1561 1297 1617 καί
1323 1560 1440 1605 οἴνου
1469 1563 1543 1606 καί
1565 1577 1711 1618 χειμε-
1724 1576 1768 1601 2ο

328 1721 363 1744 2.
390 1711 431 1747 ἐν
457 1710 581 1757 ἀγορᾷ
605 1722 637 1744 a.
760 1712 794 1757 4.
816 1710 941 1759 χρυσὰ
968 1733 1015 1738 -
1039 1709 1192 1759 ἀργυρᾶ
1227 1732 1274 1738 —-
1315 1708 1452 1759 σιδηρᾶ
1479 1711 1577 1758 vulg.
1675 1711 1709 1744 6.

328 1758 501 1808 ἔπερνεν]
530 1761 688 1806 ἔπαιρεν
714 1771 745 1793 a.
850 1761 901 1794 16.
929 1759 1153 1796 ἀποκατεστ.
1178 1760 1221 1802 A,
1245 1759 1403 1795 ὑποκατ.
1430 1759 1526 1805 vulg.

235 1891 364 1927 eodem
393 1893 530 1939 pariter
554 1904 649 1927 anno
674 1894 806 1940 planus
832 1905 873 1928 ac
898 1895 1090 1929 circulator
1114 1894 1274 1941 quidam,
1290 1893 1453 1928 Andreas
1481 1893 1641 1934 nomine,
1666 1905 1710 1927 ex

232 1941 370 1975 Italicis
399 1941 562 1987 partibus
591 1941 710 1976 adfuit
735 1944 875 1976 fulvum
901 1949 937 1977 et
963 1943 1090 1976 orbum
1116 1943 1255 1976 lumine
1281 1941 1548 1976 circumducens
1564 1953 1709 1982 vcanem,

233 1989 295 2035 qui
327 1989 372 2022 ab
399 2001 442 2023 eo
468 1990 597 2032 iussus,
642 1996 680 2024 et
714 1990 760 2024 ad
788 1991 863 2024 eius
900 1996 1028 2025 nutum
1051 1991 1140 2024 mira
1174 1990 1308 2024 edebat
1335 1990 1553 2035 spectacula.
1603 1990 1633 2023 is
1658 1990 1707 2023 si-

233 2036 383 2083 quidem
410 2038 450 2071 in
478 2038 607 2079 forum,
634 2049 761 2084 magna
796 2039 928 2085 populi
963 2039 1218 2073 circumstante
1248 2044 1402 2078 caterva,
1427 2037 1612 2082 prodiens,
1639 2049 1705 2071 an-

232 2085 340 2120 nulos
366 2097 518 2127 aureos,
559 2092 749 2131 argenteos
787 2093 824 2121 et
863 2089 1012 2129 ferreos,
1050 2088 1142 2120 clam
1175 2098 1275 2127 cane,
1304 2097 1324 2118 a
1348 2085 1614 2131 spectatoribus
1642 2085 1709 2119 ‹le-

231 2133 445 2180 promebat,
477 2145 614 2179 eosque
648 2135 687 2167 in
710 2135 790 2168 solo
817 2134 1022 2181 depositos,
1057 2146 1123 2179 agg
1126 2140 1200 2168 esta
1232 2140 1326 2168 terra
1368 2133 1614 2189 cooperiebat.
1664 2133 1711 2166 ad

233 2181 313 2215 eius
341 2180 477 2215 deinde
509 2182 646 2215 iussum
671 2182 833 2227 singulos
867 2183 1025 2217 tollebat
1051 2184 1172 2223 canis,
1203 2187 1240 2215 et
1275 2180 1473 2227 unicuique
1497 2193 1601 2215 suum
1625 2181 1711 2215 red-

233 2229 357 2263 debat.
408 2229 577 2263 similiter
594 2229 817 2263 diversorum
845 2232 1102 2277 imperatorum
1119 2229 1337 2264 numismata
1363 2230 1540 2275 permixta
1561 2235 1599 2264 et
1624 2241 1712 2263 con-

233 2278 316 2312 fusa
339 2278 558 2312 nominatim
588 2282 626 2311 et
660 2277 845 2323 sigillatim
870 2279 1094 2324 proferebat.
1134 2279 1223 2324 quin
1250 2278 1358 2311 etiam
1383 2283 1527 2311 astante
1551 2279 1712 2311 virorum

235 2337 278 2360 ac
303 2326 499 2360 mulierum
535 2325 695 2367 circulo,
727 2326 825 2359 canis
858 2328 1100 2372 interrogatus
1132 2326 1302 2359 mulieres
1337 2331 1479 2359 uterum
1516 2331 1711 2370 gestantes,

236 2380 467 2416 scortatores,
495 2374 694 2415 adulteros,
719 2385 845 2420 parcos
870 2386 912 2408 ac
936 2381 1077 2415 tenues,
1104 2386 1145 2407 ac
1174 2374 1332 2419 denique
1358 2374 1624 2419 magnanimos,
1652 2373 1712 2407 id-

238 2434 309 2468 que
335 2434 414 2455 cum
439 2423 593 2457 veritate
616 2421 900 2457 demonstrabat.
951 2434 994 2456 ex
1020 2434 1093 2469 quo
1123 2434 1205 2456 eum
1219 2422 1392 2467 Pythonis
1418 2421 1548 2468 spiritu
1571 2426 1713 2456 motum

238 2470 422 2504 dicebant.
1067 2509 1070 2511 ‚

52 2524 223 2572 A.C.537
335 2519 412 2552 Hoc
438 2529 534 2551 anno
560 2529 658 2552 mare
678 2518 923 2552 intumescens
954 2518 1075 2563 erupit
1091 2518 1130 2552 in
1148 2517 1337 2551 Thraciam
1363 2516 1410 2551 ad
1432 2528 1602 2563 passuum
1626 2515 1714 2550 mil-

29 2561 31 2564 ’
238 2567 288 2600 lia
314 2571 483 2613 quatuor,
509 2566 664 2613 locaque
693 2572 822 2601 cuncta
846 2566 892 2599 ad
915 2565 1095 2610 Odyssum
1122 2572 1158 2599 et
1182 2566 1475 2612 Dionysiopolim
1506 2571 1543 2599 et
1569 2563 1714 2610 Aphro-

240 2615 361 2649 dision
387 2613 559 2648 eluvione
584 2614 743 2660 operuit,
770 2614 863 2649 adeo
889 2620 930 2649 ut
952 2614 1101 2660 plurimi
1120 2614 1185 2647 sub
1205 2615 1309 2661 aquis
1334 2614 1521 2660 perierint.
1573 2624 1714 2646 rursum

239 2675 337 2704 vero,
362 2661 432 2696 deo
458 2661 619 2704 iubente,
643 2663 781 2698 resedit
804 2673 914 2703 mare,
944 2668 981 2696 et
1007 2663 1044 2695 in
1070 2663 1235 2707 proprios
1265 2663 1363 2696 sinus
1389 2661 1510 2696 rediit.

53 2719 147 2756 A,c‚
161 2719 228 2755 538
337 2710 668 2755 Hierosolymorum
692 2712 854 2759 episcopi
878 2712 987 2752 Petri,
1012 2710 1227 2744 Antiochiae
1254 2710 1418 2757 episcopi
1441 2708 1576 2743 Domni
1600 2720 1716 2742 annus

242 2760 391 2808 primus.

336 2808 416 2842 Hoc
449 2819 544 2845 anno
573 2807 746 2844 frumenti
786 2813 824 2843 et
850 2807 927 2845 vini
970 2808 1124 2855 penuria
1147 2807 1434 2853 continuumque
1460 2805 1605 2852 pluviae
1629 2815 1717 2850 pro-
