1768 3106
267 158 385 228 468
842 175 1190 220 'mmm-murs

264 277 519 334 ypar'vovow
546 279 912 332 ἐμπαθεστάταις.
968 278 1096 322 πάλιν
1135 280 1184 322 δὲ
1212 276 1286 320 τὸν
1318 274 1417 320 λαὸν
1445 275 1552 332 πρὸς
1577 291 1740 331 γυμνα·

265 348 365 389 σιἀν
385 344 617 402 πολεμικὴν
638 345 831 402 ὁπλίζων,
851 344 989 396 τάξεις
1007 343 1086 387 δυό
1104 343 1304 393 ἐνόπλους
1323 341 1616 399 ποιησάμενος,
1635 339 1740 385 σάλ-

266 414 410 468 πιγγὲς
441 429 487 455 τε
531 412 606 456 καί
647 411 860 470 φάλαγγες
888 413 1103 467 doniam,
1145 414 1220 454 καί
1247 411 1350 461 λαὸς
1375 412 1742 466 τεθωρακισμένος

267 481 422 523 ἵστατο.
481 480 575 524 ἐπεὶ
599 483 648 524 δὲ
686 480 893 536 ἀσφαλῶς
933 482 1195 536 συνέστησαν
1225 477 1277 521 τοὶ
1311 479 1517 534 τάγματα,
1544 474 1739 531 συμβάλ-

114 548 164 589 Ῥ.
182 553 250 588 255
263 553 352 591 λειν
383 546 582 604 ἀλλήλοις
609 548 838 603 ἐκέλευσεν,
866 547 1059 602 ω’θισμοί
1078 563 1124 590 τε
1151 547 1286 601 βιάιοι
1313 547 1387 607 καὶ
1409 544 1768 600 συγκρούσμοιταξ

262 616 370 672 πρὸς
402 615 611 672 ἀλλήλους
655 614 851 669 ἐγίνοντο,
880 615 954 657 καί
989 613 1286 671 σχηματισμὸς
1314 616 1391 657 τοῦ
1417 616 1603 665 πολέμου
1631 611 1741 653 ἐδεί-

260 701 399 727 κνυτο.
468 684 542 726 καί
576 679 629 739 ἦν
667 683 775 725 ἰδεῖν
803 682 982 740 φρικτὸν
1021 685 1166 737 θέαμα
1205 682 1339 739 φόνου
1367 678 1502 737 χωρὶς
1529 676 1739 733 κινδύνου,

259 751 334 795 καὶ
362 750 469 807 πρὸς
498 750 658 809 φόνους
677 749 923 801 συννεύσεις
947 749 1138 805 αἱμάτων
1166 752 1282 806 δι’χα,
1315 747 1389 791 καί
1409 744 1493 803 πρὸ
1511 748 1587 803 τῆς
1609 744 1739 799 α’νιίγ-

259 836 334 876 κης
374 819 470 868 τούς
498 817 710 874 τρόπους,
754 814 866 868 ὅπως
899 819 1076 868 ἕκαστος
1111 820 1156 861 ἐκ
1199 821 1272 873 τῆς
1301 817 1526 859 ἀκινδύνου
1570 814 1739 870 σφαγῆς

259 885 404 941 λαβών
433 884 636 944 α’φορμὰς
682 883 1000 943 ἀσφαλέστερος
1041 887 1159 943 με’νῃ.
1228 881 1342 926 οὕτω
1387 885 1434 926 δὲ
1473 881 1768 928 καθοπλίσας,

255 955 415 1004 πάντας
443 954 721 1010 παρήγγειλεν
753 953 924 1003 α’δικιάς
951 955 1189 1008 α’πέχεσθαι
1214 954 1289 995 καί
1315 949 1537 1004 εὐσεβείας
1565 950 1736 1002 α’ντέχε-

256 1024 378 1065 σθαι,
439 1020 664 1075 γενόμενος
695 1023 742 1063 δὲ
771 1022 844 1063 ἑπί
862 1019 915 1063 τοὶ
949 1022 1058 1076 μέρη
1086 1021 1321 1074 Ἀρμενίας,
1348 1018 1599 1073 προτρέχειν
1628 1015 1736 1069 πλῆ-

255 1093 333 1139 θος
363 1087 524 1131 ἱππέων
551 1089 696 1143 λάθρα
718 1090 933 1130 ἐπιπεσεῖν
959 1089 1017 1145 τῷ
1043 1091 1218 1141 βασιλεῖ
1240 1087 1451 1128 διενοεῖτο.
1482 1081 1520 1126 οἱ
1551 1084 1599 1126 δὲ
1628 1097 1736 1136 προ-

118 1164 241 1200 V.203
254 1159 475 1211 τρέχοντες
501 1159 582 1198 τοῦ
609 1158 819 1211 βασιλέως
844 1155 1009 1206 τούτοις
1040 1154 1402 1209 συναντήσαντες,“
1430 1149 1504 1195 τόν
1531 1166 1578 1193 τε
1607 1167 1736 1206 στρα-

217 1214 380 1279 Βτηγὸν
410 1223 554 1266 αὐτῶν
585 1221 805 1279 δεσμώτην
836 1218 990 1278 ἤγαγον
1006 1220 1113 1278 πρὸς
1141 1221 1210 1264 τὸν
1233 1219 1500 1276 εΗράκλειον,
1528 1221 1602 1261 καί
1633 1218 1731 1261 τού-
1755 1237 1767 1262 ι

252 1305 353 1340 τους
384 1291 645 1346 τρεψάμενοι
672 1288 855 1341 πολλοὺς
882 1291 1063 1332 ἀνεῖλον.
1097 1290 1191 1333 ε’πεί
1222 1290 1268 1330 δὲ
1293 1285 1458 1342 χειμών
1488 1289 1735 1340 κατέλαβεν,

252 1357 505 1406 ἀποκλείσας
535 1354 556 1398 ὃ
588 1356 795 1412 βασιλευς
819 1356 866 1399 τὸ
894 1357 1080 1400 Πόντιον
1113 1360 1265 1413 κλίμα,
1294 1354 1410 1407 ἔδοξε
1443 1361 1532 1405 τοῖς
1568 1354 1735 1410 βαρβά-

254 1439 345 1481 ροις
372 1422 417 1468 ἒν
444 1423 579 1484 τούτῳ
610 1423 739 1468 αὐτὸν
770 1422 1126 1482 παραχειμάζειν.
1171 1425 1320 1467 λαθών
1349 1426 1397 1467 δὲ
1422 1422 1524 1475 τούς
1555 1422 1735 1478 Πέρσας

355 1613 383 1634 ι.
410 1599 714 1660 ἐμπαθεστάτοις
735 1601 831 1645 vulg.
931 1613 962 1648 7.
985 1601 1107 1657 χωρῖς
1130 1602 1194 1636 καὶ
1218 1600 1312 1636 uwel.
1337 1601 1432 1645 vulg.
1503 1611 1557 1634 ιι.
1582 1601 1646 1635 και
1671 1599 1731 1634 εὗ-

351 1653 498 1695 σεβείας
523 1648 752 1695 ἀντέχεσθαι
776 1649 860 1682 add.
889 1660 933 1683 ex
957 1650 1021 1683 ef.
1100 1651 1151 1684 13.
1183 1655 1265 1695 post
1292 1651 1440 1686 ἱππέων
1464 1649 1608 1695 aliquid
1633 1649 1732 1682 exci-

353 1698 450 1732 disse
474 1697 628 1740 videtur,
655 1698 741 1734 sort.
767 1698 956 1738 κελεύσας.
1087 1710 1139 1744 ¹7·
1164 1698 1283 1745 κλῆμα
1309 1709 1330 1730 a
1355 1698 1381 1731 f.

258 1842 497 1884 reddiderint,
521 1842 778 1877 succenderint
809 1843 960 1884 altaria,
986 1848 1023 1876 et
1050 1843 1319 1877 incruentarum
1344 1841 1566 1875 victimarum
1595 1852 1734 1875 mensas

257 1891 430 1924 caedibus
457 1896 494 1925 et
523 1892 698 1936 sanguine
738 1891 973 1932 inundmint,
1018 1897 1056 1924 et
1084 1892 1253 1925 ecclosias
1281 1891 1476 1924 etiamnum
1504 1890 1595 1923 labis
1620 1890 1734 1923 omnis

256 1940 434 1972 immunes
459 1939 711 1984 voluptatibus
735 1940 950 1972 foedissimis
977 1945 1229 1984 conspurcant.
1280 1945 1352 1972 tum
1385 1949 1468 1971 vero
1494 1938 1629 1971 milites
1654 1938 1737 1970 bel-

257 1987 337 2020 licis
370 1988 662 2024 exercitamentis
691 1989 930 2021 instructurus
948 2013 958 2029 ,
987 1994 1141 2020 armatos
1174 1993 1212 2021 et
1247 1997 1389 2032 pugnae
1430 1986 1502 2019 iam
1525 1991 1668 2031 paratos
1698 1986 1735 2019 in

257 2034 348 2067 duas
377 2036 474 2068 acies
518 2034 702 2075 dividere,
742 2041 779 2069 et
804 2035 931 2076 tubas,
962 2036 1245 2080 clypeorumque
1285 2034 1481 2079 phalanges
1517 2034 1555 2066 in
1582 2033 1735 2067 invicem

257 2084 481 2115 committere
507 2082 666 2116 secundo
685 2084 800 2116 iussit.
829 2084 975 2117 interim
1004 2083 1181 2116 exercitus
1208 2082 1414 2115 thoracibus
1430 2087 1467 2115 et
1481 2081 1587 2114 armis
1615 2082 1734 2115 omni-

255 2129 325 2163 bus
363 2131 523 2163 munitus
557 2132 752 2164 stationem
785 2131 1015 2165 observabat.
1083 2136 1123 2164 ut
1159 2131 1282 2175 itaque
1320 2130 1358 2162 in
1384 2134 1464 2162 tuto
1491 2129 1736 2163 constiterunt

257 2177 432 2218 ordines,
475 2189 602 2211 manus
633 2178 678 2211 ad
704 2179 860 2212 invicem
889 2189 1078 2212 conserere
1106 2177 1269 2211 hortatus
1299 2183 1374 2217 est,
1407 2182 1444 2210 et
1466 2188 1537 2222 qua
1562 2177 1734 2210 violentis

257 2226 296 2258 in
322 2226 477 2258 invicem
502 2226 734 2270 impulsibus,
766 2238 838 2272 qua
862 2227 997 2260 mutuis
1022 2225 1319 2271 impressionibus
1345 2225 1508 2258 immanis
1534 2224 1623 2258 belli
1650 2237 1734 2270 spe-

258 2274 350 2307 ciem
376 2272 591 2306 horrendam
618 2274 825 2307 exhibebat.
876 2273 1105 2308 tremendum
1143 2284 1230 2306 sane
1266 2272 1403 2318 absque
1434 2272 1546 2306 caede
1573 2279 1610 2306 et
1634 2274 1734 2318 peri-

258 2321 341 2355 culo
368 2332 515 2354 cernere
550 2321 685 2354 licebat
722 2323 994 2366 spectaculum,
1019 2321 1065 2355 ad
1091 2327 1240 2365 stragem
1267 2321 1354 2353 citra
1380 2320 1593 2365 sanguinem
1619 2321 1736 2365 impe-

258 2375 329 2410 tus,
357 2374 394 2402 et
418 2367 557 2414 absque
585 2370 802 2402 necessitate
822 2369 911 2402 belli
937 2370 1147 2415 specimina,
1182 2375 1221 2402 ut
1249 2380 1292 2402 ex
1319 2368 1430 2402 caede
1455 2380 1563 2414 quam
1593 2369 1735 2401 nullum

260 2417 495 2450 comitaretur
520 2417 721 2461 periculum
755 2423 899 2462 sumpto
929 2417 1147 2451 documento
1183 2417 1342 2449 securior
1367 2417 1618 2462 unusquisque
1653 2428 1737 2461 per-

261 2470 436 2498 maneret.
475 2475 630 2509 cumque
660 2465 857 2498 exercitum
883 2465 933 2498 ita
959 2466 1198 2505 instruxisset,
1228 2470 1267 2497 ut
1292 2465 1473 2498 iniustitia
1498 2465 1735 2505 abstinerent,

261 2513 428 2547 hortatus
454 2517 520 2546 est.
571 2523 677 2558 porro
700 2512 761 2544 ubi
804 2512 850 2545 ad
877 2513 1062 2546 Armeniae
1092 2512 1182 2546 fines
1218 2512 1378 2554 intravit,
1407 2523 1641 2558 praecurrens
1666 2511 1736 2545 ho-

261 2561 403 2595 stilium
428 2559 593 2607 equitum
633 2566 750 2593 turma
774 2559 1027 2606 imperatorem
1070 2571 1114 2593 ex
1150 2561 1345 2606 improviso
1383 2560 1519 2594 adoriri
1545 2560 1736 2594 consilium

262 2614 425 2654 ceperat:
454 2608 681 2653 imperatoris
709 2613 829 2641 autem
858 2619 1107 2653 praecursores
1133 2608 1207 2642 illis
1229 2608 1371 2642 obviam
1389 2607 1489 2649 facti,
1513 2607 1739 2641 adversario-

264 2670 340 2690 rum
368 2656 459 2690 duce
483 2656 635 2689 vinculis
662 2657 880 2701 mancipato,
908 2662 945 2689 et
970 2655 1015 2688 ad
1041 2656 1248 2689 Heraclium
1277 2656 1398 2697 ducto,
1421 2666 1563 2690 necnon
1594 2655 1738 2689 coiniti-

264 2706 332 2739 bus
362 2706 436 2738 eius
465 2704 568 2746 fusis,
598 2703 759 2749 reliquos
789 2705 894 2736 armis
922 2703 1148 2737 deleverunt.
1177 2705 1367 2749 ingruente
1392 2714 1478 2738 vero
1502 2703 1632 2745 hieme,
1657 2714 1737 2736 cum

263 2754 449 2787 Ponticum
476 2753 583 2785 clima
606 2751 803 2797 imperator
828 2751 989 2798 undique
1027 2752 1387 2792 circummunivisset,
1411 2751 1597 2785 hibernam
1629 2752 1666 2784 in
1693 2761 1736 2783 eo

266 2806 519 2847 tempestatem
547 2805 751 2835 moraturus
784 2799 946 2834 barbaris
981 2800 1078 2835 visus
1103 2806 1175 2835 est:
1211 2805 1249 2834 at
1276 2801 1367 2834 clam
1395 2800 1484 2846 ipsis
1510 2810 1672 2837 reversus
1699 2799 1738 2832 in
