1768 3106
304 163 418 230 420
846 180 1197 223 THEOPHAle

301 279 560 324 Φιλιππικὸν
601 278 672 323 τὸν
696 279 805 324 ιδιον
841 281 1036 337 γαμβρὸν
1076 280 1150 323 τὸν
1190 281 1262 335 τῆς
1307 279 1494 322 οἷνατολ
1453 296 1516 335 ης
1544 280 1768 337 στρατηγὼ

295 350 468 405 ἐποίησε
495 346 657 405 κόμητα
685 348 769 392 τῶν
800 348 1104 404 ἑξκουβιτόρων
1140 349 1318 404 θαρρῶν
1348 344 1476 406 αὐτῶ,
1507 366 1564 400 ως
1591 347 1668 404 τῆν
1701 345 1768 391 αὖ·

294 417 374 459 τοῦ
404 413 597 473 αδελφην
626 417 742 473 αυτῷ
761 414 950 468 ἔζευξεν.
1009 414 1110 458 ὅδὲ
1143 414 1401 466 Φιλιππικός
1440 413 1598 470 ἤρξατο
1626 417 1768 468 κτίζει]

294 484 340 526 ἑν
367 482 641 538 Χρυσοπόλει
671 481 746 539 τὴν
773 483 909 538 μονὴν
937 433 1028 540 τῆςο
1039 485 1248 538 παναγιάς
1276 483 1396 539 ἡμῶν
1428 484 1648 538 δεσποίνης
1678 486 1768 524 θεο·

292 548 418 593 τόκου
452 549 528 592 καί
553 547 756 592 παλὰτιον
791 551 836 593 ἐν
862 552 971 608 αὐτῇ
1004 549 1180 607 ὄφεῖλον
1206 549 1499 605 ὑποδέχεσθαι
1530 550 1768 606 111αυρίκιοι

293 616 368 660 τόν
391 620 586 675 βασιλέα,
619 618 693 660 καί
736 617 785 660 τοὶ
818 621 942 660 τέκνα
971 618 1122 674 αὐτοῦ’,
1152 617 1333 673 ποιήσας
1364 619 1676 675 ἰχθυοτροφεῖα
1707 634 1768 660 κα.

247 683 551 741 Βπαραδείσια
596 683 770 728 ἔνδοθεν
813 683 932 742 [ἔσω]
974 687 1034 736 εἰς
1062 685 1140 741 την
1179 685 1415 740 θεραπείαν
1453 680 1604 741 αὐτοῦ,
1637 684 1711 727 καί
1733 686 1768 727 ἐι

291 748 737 795 Κωνσταντινουπόλει
775 754 850 810 την
890 755 1028 796 οἰκίαν
1066 751 1140 810 την
1183 754 1484 809 ἐπιλεγομένην
1516 751 1570 795 τὰ
1619 754 1768 795 Φιλιπ-

289 835 427 861 πικου.

77 889 271 937 A.M.6087
401 887 894 939 Κωνσταντινουπόλεως
946 888 1178 932 ἐπισκόπου
1218 888 1472 943 Κυριακοῦ,
1514 888 1768 943 Ἀντιοχείας

283 952 570 996 Ἀναστασίου
600 952 691 1005 ἔτος
720 954 757 997 α’

145 1030 268 1064 V.183
403 1019 546 1080 Τούτῳ
576 1023 635 1081 τῷ
665 1020 750 1065 ἔτει
789 1023 849 1072 εἷς
879 1020 929 1065 τοὶ
959 1025 1036 1066 τοῦ
1073 1024 1315 1074 Βυζαντίου
1345 1021 1579 1079 προάστεια
1614 1025 1768 1066 τίκτον-

285 1105 358 1131 ται
389 1092 562 1146 τέρατα,
593 1092 766 1133 παιδίον
796 1089 1040 1147 τετράπουν,
1076 1093 1151 1133 καί
1172 1087 1273 1133 ἄλλο
1297 1090 1545 1147 δικόρυφον.
1602 1093 1768 1146 λέγουσι

285 1157 333 1200 δὲ
363 1155 403 1200 οἱ
432 1156 510 1208 τὰς
539 1157 728 1215 ἱστορίας
745 1159 956 1212 ἐπιμελῶς
984 1157 1265 1215 ἐγγράφοντες
1286 1156 1346 1214 μη
1372 1160 1594 1214 σημαίνειν
1623 1153 1768 1213 ἀγαθά

150 1232 185 1266 Ρ.
201 1233 269 1266 230
284 1230 376 1274 ταῖς
408 1225 592 1281 πόλεσιν,
623 1229 671 1270 ἐν
703 1221 772 1276 αἷς
801 1222 855 1269 ἂν
879 1228 1072 1280 regenam
1101 1225 1153 1268 τὰ
1184 1227 1376 1269 τοιαῦτα.
1439 1224 1462 1267 ὅ
1492 1228 1540 1268 δὲ
1566 1226 1768 1281 βασιλεὺς

281 1291 351 1335 τὸν
382 1296 577 1349 Πρίσκον
608 1295 682 1350 τῆς
711 1294 967 1350 στρατηγίας
998 1293 1241 1336 ἀποπαύει·
1300 1296 1470 1350 Πέτρον
1490 1296 1538 1336 δὲ
1566 1292 1638 1336 τὸν
1667 1291 1768 1337 ἑαυ-

279 1362 357 1402 τοῦ
385 1359 572 1418 ἀδελφὸν
602 1359 834 1418 στρατηγὸν
863 1364 937 1417 τῆς
969 1360 1194 1415 δυνάμεως
1223 1368 1406 1405 ποιεῖται
1432 1361 1682 1416 “Ρωμαίων.
1743 1361 1768 1402 ὅ

278 1428 358 1481 μὲν
388 1424 465 1470 οὖν
494 1431 691 1486 Πρίσκος
723 1427 803 1478 τὰς
831 1428 1033 1482 δυνάμεις
1070 1429 1284 1485 α’ράμενος
1311 1432 1413 1486 πρὶν
1439 1425 1468 1485 ἢ
1494 1428 1567 1472 τὸν
1596 1431 1768 1484 Πέτρον

280 1493 451 1551 φθάσαι
481 1497 656 1550 διεπέρα
681 1493 750 1538 τὸν
779 1496 991 1550 ποταμόν·
1072 1494 1093 1537 ὃ
1123 1498 1171 1538 δὲ
1198 1496 1402 1552 Χαγάνος
1430 1495 1507 1553 την
1531 1495 1768 1550 μετάβασιν

278 1566 355 1604 τοῦ
381 1562 632 1617 ζΡωμαῖκοῦ
662 1566 772 1605 λαοῦ
801 1562 1013 1620 α’κηκοώς,
1046 1565 1141 1606 λίαν
1170 1564 1431 1620 ἐθαύμασεν,
1461 1567 1536 1607 καί
1562 1563 1664 1620 πρὸς
1692 1563 1766 1606 τὸν

278 1630 762 1687 Πρισκονοέπέστειλεν,
790 1634 948 1685 μαθεῖν
974 1630 1051 1686 την
1083 1632 1226 1674 αἰτίαν
1253 1633 1478 1688 ἐπιζητῶν,
1509 1633 1584 1674 καί
1609 1636 1765 1688 μοῖραν

371 1801 405 1835 3.
434 1800 537 1848 aaz&
562 1802 704 1843 ἔζευξεν
728 1801 770 1844 Α,
811 1801 938 1843 ζεύξας
964 1801 1066 1850 αὐτῷ
1093 1803 1191 1849 vulg.
1316 1816 1349 1850 9
1377 1803 1535 1840 ἔνδοθεν
1558 1803 1706 1839 ἔσωθεν
1734 1805 1761 1837 Α

369 1849 403 1891 f,
429 1849 491 1882 sed
525 1850 740 1884 alterutrum
776 1848 974 1884 delendum
999 1851 1155 1885 videtur.
1283 1852 1337 1885 13.
1376 1851 1445 1887 δύο
1473 1864 1602 1907 κορυᾳ
1607 1852 1661 1888 ῶν
1685 1853 1709 1885 Α
1734 1853 1758 1884 f.

378 1898 430 1930 15.
459 1895 508 1933 ἂν
536 1897 619 1932 add.
650 1910 694 1932 ex
722 1899 763 1932 A.
869 1900 920 1932 16.
948 1894 1016 1935 τὸν
1039 1903 1119 1947 Πρ
1153 1898 1217 1944 τῆς
1248 1910 1374 1948 στρατ.
1397 1902 1438 1942 Α,
1455 1899 1519 1945 τῆς
1543 1912 1669 1947 στρατ.
1693 1894 1760 1937 τὸν

366 1948 445 1992 Πρ.
472 1946 569 1991 vulg.
696 1958 749 1990 ¹9·
784 1946 950 1995 διαπεριῖ
974 1949 1015 1981 Δ.

272 2088 319 2122 ob
349 2090 383 2122 ei
410 2090 569 2124 iunctam
606 2091 644 2124 in
671 2091 942 2126 matrimonium
980 2103 1138 2126 sororem
1167 2090 1379 2125 fidissimum
1407 2089 1580 2132 habebat,
1608 2091 1757 2125 excubi-

270 2142 391 2170 torum
420 2138 587 2171 comitem
614 2140 762 2173 creavit
829 2151 937 2185 porro
970 2140 1195 2186 Philippicus
1219 2139 1466 2173 sanctissimae
1492 2139 1662 2173 dominae
1687 2152 1755 2174 no-

270 2190 366 2218 strae
394 2187 652 2220 monasterium
680 2193 717 2221 et
743 2186 788 2220 ad
814 2187 908 2221 illud
932 2189 1108 2234 palatium
1138 2199 1210 2234 quo
1226 2187 1422 2221 Mauricius
1451 2187 1649 2232 imperator
1675 2199 1755 2222 cum

269 2232 398 2266 liberis
425 2233 624 2280 aliquando
663 2235 759 2269 foret
792 2236 1028 2281 excipiendus
1064 2235 1281 2281 Chrysopoli
1307 2235 1431 2281 coepit
1455 2234 1669 2269 aedificare.
1697 2237 1755 2282 pi-

211 2282 215 2286 '
270 2281 385 2315 scinas
407 2281 515 2314 etiam
545 2288 582 2315 et
613 2282 737 2316 hortos
764 2282 811 2316 ad
836 2284 913 2317 eius
939 2295 1042 2318 usum
1081 2283 1275 2316 deliciasve
1312 2283 1410 2316 intus
1448 2284 1613 2329 paravit.
1649 2283 1753 2330 Cpoli

271 2335 393 2363 autem
419 2328 612 2375 Philippici
639 2329 786 2364 domum
812 2331 858 2364 ab
885 2342 927 2365 eo
953 2337 1197 2377 nuncupatam
1225 2331 1396 2364 extruxit.

80 2384 120 2417 Α,
136 2383 175 2418 C,
189 2384 255 2430 587
368 2376 525 2422 Cpoleos
550 2378 713 2423 episcopi
733 2379 888 2422 Cyrhci,
907 2379 1123 2413 Antiochiae
1152 2379 1335 2412 Anastasii
1362 2390 1479 2412 annus
1504 2378 1655 2425 primus

365 2425 444 2458 Hoc
469 2436 566 2458 anno
592 2431 751 2459 monstra
779 2427 816 2459 in
841 2427 1061 2461 suburbanis
1088 2427 1253 2470 Byzantii
1292 2427 1381 2460 locis
1413 2433 1499 2460 nata
1524 2432 1632 2460 sunt·
1660 2437 1753 2472 puer

269 2472 439 2506 nimirum
467 2473 687 2519 quadrupes,
715 2479 751 2507 et
776 2474 868 2508 alius
894 2475 1031 2522 biceps.
1082 2475 1238 2508 accurati
1261 2486 1370 2520 porro
1398 2475 1630 2509 historiarum
1660 2475 1751 2507 scri-

267 2527 392 2566 ptores
416 2518 568 2554 urbibus
584 2547 593 2562 ,
628 2522 667 2554 in
693 2521 826 2566 quibus
853 2523 916 2555 illa
954 2522 1170 2568 prodierint,
1197 2523 1250 2555 nil
1276 2522 1365 2556 boni
1386 2523 1569 2570 faustique
1595 2528 1749 2568 porten-

268 2568 354 2603 dere
384 2574 601 2603 asseverant.
652 2570 851 2615 imperator
888 2576 1006 2604 autem
1034 2571 1150 2603 Prisco
1176 2582 1196 2603 a
1222 2582 1360 2604 summa
1388 2571 1612 2604 exercituum
1640 2581 1750 2615 prae—

266 2616 408 2650 fectura
438 2622 603 2659 remoto,
629 2617 775 2651 Petrum
804 2618 991 2664 proprium
1028 2618 1171 2652 fratrem
1201 2619 1443 2653 Romanarum
1466 2619 1650 2665 copiarum
1677 2617 1747 2651 du—

265 2676 343 2698 cem
369 2665 541 2700 instituit.
603 2665 648 2698 de
694 2677 758 2698 sua
786 2667 1062 2700 exautoratione
1107 2666 1243 2700 Priscus
1277 2668 1411 2701 certior
1439 2667 1580 2707 factus,
1606 2665 1746 2699 eductis

265 2724 383 2746 secum
410 2719 493 2748 ante
520 2714 615 2747 Petri
640 2713 836 2747 adventum
865 2714 1030 2748 omnibus
1057 2715 1179 2760 copiis,
1206 2726 1346 2749 amnem
1372 2715 1520 2749 traiicit.
1548 2719 1588 2747 ut
1613 2715 1744 2747 Roma-

264 2771 330 2803 nas
357 2761 451 2794 acies
481 2761 692 2795 ulteriorem
722 2762 836 2807 ripam
863 2773 928 2795 suo
967 2763 1120 2796 transitu
1149 2762 1353 2798 obtinuisse
1379 2763 1568 2809 Chaganus
1593 2761 1744 2795 intelle-

265 2809 329 2850 xit,
368 2809 407 2842 id
435 2810 523 2843 sati·
549 2810 709 2852 miratus,
734 2811 833 2845 misit
857 2809 902 2844 ad
942 2810 1098 2845 Priscum
1124 2819 1265 2845 causam
1295 2811 1462 2846 nimirum
1487 2814 1744 2857 percunctatu-
