1768 3106
74 557 192 603 Ρ,343

171 1164 196 1197 Β

0 1236 91 1270 AM.
104 1235 198 1270 6222

69 1299 116 1334 V.
129 1300 197 1346 273

173 1439 201 1473 C

4 1511 97 1545 AM.
108 1511 201 1545 6223

209 156 326 212 630
782 171 1134 214 THEOPHANJS

208 273 342 331 τωνίῳ
372 274 432 323 εἰς
460 272 532 315 τὸν
559 271 727 327 γονικὸν
755 274 896 315 αὐτοῦ
939 270 1052 316 οἶκον
1080 273 1320 329 ἡσύχασεν,
1352 272 1693 329 α’ρχιερατεύσας

208 341 282 398 ἔτη
313 339 381 397 ιδ’,
408 343 547 395 μῆνας
576 339 619 396 ε’,
649 339 812 395 ἡμέρας
844 339 963 382 ἑπτά.
994 341 1046 398 τῇ
1077 343 1124 382 δὲ
1145 339 1205 394 κβ’
1238 343 1315 383 τοῦ
1345 335 1481 383 αύτοῦ
1508 341 1695 384 Ἰανουα-

209 410 306 464 ριόυ
336 408 470 465 μηνὸς
504 410 825 463 χειροτονοῦσιν
865 405 1152 450 Ἀναστιίσιον
1187 406 1260 450 τὸν
1292 405 1579 462 ψευδώνυμον
1606 425 1693 462 μα..

207 475 346 533 θητὴν
374 478 449 518 καί
485 473 713 529 σύγκελλον
757 476 834 516 τοῦ
862 476 1001 517 αὐτοῦ’
1042 476 1257 531 μακαρίου
1287 477 1515 532 Γερμανοῦ
1542 479 1695 518 συνθέ-

207 560 336 599 μενον
365 547 419 602 τῇ
450 544 639 592 Λέοντος
669 543 899 601 δυσσεβεία
919 541 989 585 δια
1022 545 1259 600 φιλαρχίαν
1288 542 1493 599 κοσμικὴν
1520 548 1731 600 προχει-5

205 610 374 667 ρισθεις
406 610 904 660 Κωνσταντινουπόλεως
950 612 1304 664 ψευδεπίσκοπος.
1379 613 1421 654 Γ
1419 627 1616 668 ρηγοριος
1647 613 1694 654 δὲ

204 680 228 721 ὁ
261 678 377 736 ἱερὸς
418 677 626 733 πρόεδρος
657 674 855 734 Ῥώμης,
886 677 1033 728 καθώς
1071 677 1143 720 καί
1183 682 1386 735 προέφην,
1412 678 1697 723 Ἀναστιὶσιον

205 744 297 801 ἅμα
324 751 414 796 τοῖς
454 746 663 800 λιβέλλοις
704 741 980 803 ἀπεκήρυξεν,
1024 746 1195 800 ἐλέγξας
1223 745 1295 788 τὸν
1323 748 1493 790 Λέοντα
1523 749 1577 788 δι’
1606 747 1697 788 ἐπι-

206 815 389 871 στολῶν,
436 813 495 863 ὥς
541 812 802 869 ἀσεβοῦντα,
844 814 919 855 καί
943 812 1020 869 τὴν
1048 813 1218 870 Ῥώμην
1252 812 1334 857 σύν
1363 812 1479 873 πάσῃ
1508 817 1563 872 τῇ
1592 815 1696 858 Ἰτα-

208 883 280 940 λιά
306 883 381 937 τῆς
407 883 631 936 βασιλείας
675 881 815 923 αύτοῦ
851 877 1100 938 ἀπέστησεν.
1159 883 1357 936 ἐκμανεὶς
1386 876 1462 925 οὖν
1490 881 1512 926 ὅ
1539 880 1695 938 τύραν-
1712 898 1763 924 ιο

207 965 278 999 νος
305 951 490 993 ἐπέτεινε
527 946 602 991 τὸν
637 946 747 991 κατὰ
786 947 872 990 τῶν
912 948 1045 1004 ἁγίων
1079 946 1252 992 εἰκόνων
1291 948 1498 1007 διωγμόν,
1547 953 1701 994 πολλοί

207 1035 251 1062 τε
283 1019 476 1074 κληρικοί
504 1018 580 1060 καί
603 1018 818 1071 μονασταί
846 1018 923 1059 καί
947 1017 1144 1072 εὐλαβεῖς
1173 1016 1316 1059 λαϊκοί
1339 1017 1696 1074 ὖπερεκινδύνευ-

208 1102 292 1129 σαν
319 1087 395 1128 τοῦ
425 1084 564 1142 ὀρθοῦ
593 1087 669 1141 τῆς
696 1087 877 1134 πίστεως
907 1084 1050 1141 λόγου,
1087 1083 1156 1128 τὸν
1185 1084 1452 1143 μαρτυρικὸν
1481 1086 1699 1143 ἀναδησά-

209 1170 329 1209 μενοι
359 1155 585 1210 στέφανον.

323 1217 828 1270 Κωνσταντινουπόλεως
856 1219 1089 1263 ἐπισκόπου
1118 1221 1405 1264 Ἀναστασιόυ
1435 1218 1529 1271 ἔτος
1559 1219 1614 1264 α’.

330 1287 477 1347 Τούτῳ
515 1290 572 1346 τῷ
608 1286 693 1331 ἔτει
725 1286 1059 1343 ἐπεστράτευσεν
1099 1290 1355 1342 Μασαλμᾶς
1387 1291 1442 1347 τῇ
1469 1286 1697 1347 Ῥωμανίᾳ,

212 1357 286 1399 καί
314 1355 454 1400 ἐλθών
498 1356 559 1406 εἷς
587 1357 907 1399 Καππαδοκίαν
937 1357 1179 1413 παρέλαβεν
1216 1355 1327 1419 δόλῳ
1365 1354 1414 1400 τὸ
1442 1359 1699 1415 Χαρσιανοῦ

213 1424 410 1480 κάστρον.

333 1488 480 1549 Τούτῳ
521 1493 581 1550 τῷ
625 1489 709 1534 ἔτει
738 1491 1072 1546 ἐπεστράτευσεν
1115 1491 1138 1534 ὅ
1167 1494 1422 1546 Μασαλμοῖς
1448 1491 1529 1548 τήν
1563 1495 1700 1549 Τουρ-

215 1562 326 1616 κιάν,
357 1558 430 1602 καί
460 1556 637 1616 φθάσας
663 1556 739 1610 τοὶς
758 1561 965 1610 Κασπίας
993 1558 1131 1610 πύλας
1162 1559 1372 1616 φοβηθείς
1393 1560 1674 1621 ὑπέστρεψεν.
1711 1575 1765 1602 2ο

320 1698 349 1720 ι.
375 1681 443 1720 τὸν
480 1683 564 1718 add.
595 1695 639 1717 ex
664 1684 705 1718 A.
825 1694 859 1717 2.
898 1683 1004 1720 ἔπτὰ.
1029 1683 1070 1733 τῇ
1099 1684 1140 1720 δὲ
1163 1684 1215 1731 κβ’
1248 1685 1301 1727 Α,
1335 1687 1386 1744 γ’.
1412 1685 1455 1734 τῇ
1484 1685 1525 1722 δὲ
1552 1684 1579 1727 ζ’
1603 1686 1700 1732 vulg.

315 1734 350 1766 5.
378 1734 530 1778 δυσσεβ.
558 1733 601 1774 A,
627 1731 732 1779 ἇσεβ.
756 1732 854 1777 vulg.
984 1746 1017 1778 7.
1043 1727 1173 1772 καθως
1200 1736 1266 1768 και
1290 1735 1333 1776 A,
1359 1731 1410 1773 ὥς
1433 1735 1529 1779 vulg.
1665 1748 1701 1791 9.

314 1781 355 1829 τῇ
381 1781 464 1815 add.
492 1793 536 1814 ex
563 1782 604 1814 A.
710 1792 761 1814 ιο.
791 1781 1031 1828 ἐκμανεὶς-Α,
1057 1783 1145 1830 ἐμμ.
1176 1782 1270 1827 vulg.
1395 1793 1448 1828 ¹7·
1473 1780 1703 1830 Χαρσιανόν

314 1817 344 1863 A
369 1829 393 1863 f.
515 1840 572 1862 20.
602 1827 752 1876 ἀνεστρ.
780 1830 821 1863 Α

223 1957 299 1979 non
323 1945 441 1979 valeo.
491 1950 568 1978 tum
597 1956 683 1977 vero
724 1944 763 1978 in
791 1944 937 1986 locum,
965 1945 1030 1992 qui
1056 1944 1240 1978 Platanius
1280 1945 1424 1988 dicitur,
1450 1946 1488 1979 in
1514 1951 1703 1992 paternam

223 1994 371 2026 domum
397 2005 435 2026 se
463 1993 653 2038 recipiens,
678 1992 776 2026 vitae
803 1994 981 2039 reliquum
1009 2005 1148 2027 summo
1178 1993 1326 2027 silentio
1352 1995 1535 2039 transegit.
1584 1995 1706 2029 tenuit

223 2043 476 2087 pontificatum
504 2052 618 2074 annos
645 2041 936 2086 quatuordecim,
961 2053 1105 2075 menses
1124 2042 1300 2088 quinque,
1326 2041 1405 2075 dies
1429 2048 1516 2076 tres.
1552 2043 1612 2076 die
1639 2055 1706 2076 au-

223 2096 298 2122 tem
332 2091 484 2134 septima
510 2089 674 2122 eiusdem
691 2090 826 2122 mensis
842 2090 1002 2123 Ianuarii
1025 2090 1254 2123 Anastasium
1284 2089 1368 2122 falsi
1392 2090 1551 2124 nominis
1575 2092 1706 2132 virum,

224 2138 339 2182 ipsius
369 2137 467 2170 beati
494 2138 664 2170 Germani
701 2137 919 2183 discipulum
948 2143 985 2171 et
1010 2138 1284 2171 concellaneum
1317 2138 1357 2170 in
1382 2138 1458 2171 eius
1485 2138 1605 2172 locum
1630 2139 1706 2172 suf-

225 2185 402 2225 fecerunt,
427 2185 490 2230 qui
517 2185 689 2218 videlicet
713 2186 865 2219 dominii
891 2187 1087 2219 saecularis
1120 2186 1319 2219 ambitione
1346 2191 1478 2227 motus,
1505 2198 1584 2220 cum
1611 2187 1706 2221 Leo-

223 2234 281 2266 nis
306 2233 487 2279 impietati
525 2234 728 2273 assentiret,
759 2233 872 2267 falsus
900 2234 1057 2280 Cpoleos
1078 2235 1269 2279 episcopus
1297 2239 1439 2267 creatus
1466 2240 1531 2269 est.
1583 2242 1706 2269 caete-

225 2293 305 2314 rum
335 2281 530 2325 Gregorius
571 2292 670 2313 sacer
706 2283 840 2315 Romae
876 2283 1036 2327 praesul,
1062 2280 1368 2328 quemadmodum
1405 2283 1476 2316 iam
1513 2284 1706 2329 praemisi,

225 2329 453 2363 Anastasium
482 2340 552 2361 una
580 2340 660 2365 cum
686 2329 822 2363 libellis
850 2331 926 2363 eius
954 2330 1190 2370 abiudicavit,
1219 2330 1453 2376 Leonemque
1481 2331 1600 2388 ipsum
1621 2337 1706 2365 tan-

227 2389 337 2422 quam
375 2377 618 2420 irreligiosum
655 2388 720 2421 per
754 2378 926 2432 epistolas
966 2378 1162 2422 redarguit,
1187 2389 1228 2410 ac
1250 2379 1399 2411 Romam
1430 2391 1511 2412 cum
1538 2381 1707 2414 universa

227 2426 334 2459 ltalia
369 2424 415 2458 ad
454 2424 699 2457 defectionem
742 2424 786 2457 ab
828 2427 903 2458 eius
929 2426 1084 2481 imperio
1116 2426 1324 2467 concitavit,
1365 2438 1409 2460 ex
1433 2438 1506 2473 quo
1531 2433 1707 2472 tyrannus

227 2474 357 2506 maiori
386 2474 424 2506 in
449 2473 526 2506 dies
552 2472 674 2505 furore
702 2473 873 2517 percitus,
904 2474 1195 2518 persecutionem
1215 2473 1385 2508 adversus
1410 2482 1550 2509 sanetas
1580 2476 1709 2521 imagi-

227 2532 292 2555 nes
320 2522 444 2561 movit,
470 2520 560 2554 adeo
587 2525 628 2553 ut
655 2521 761 2554 multi
785 2521 908 2554 clerici
939 2527 975 2555 et
999 2521 1166 2555 monachi
1199 2528 1236 2556 et
1261 2522 1382 2556 devoti
1411 2523 1509 2567 laici,
1535 2524 1581 2558 ob
1609 2530 1708 2558 recta

228 2569 318 2603 fidei
342 2569 488 2603 decreta
512 2568 722 2614 periclitati,
744 2570 907 2613 martyrii
934 2581 1067 2603 corona
1093 2569 1230 2605 fuerint
1254 2571 1425 2607 redimiti.

43 2624 216 2669 A.C.7-22
325 2617 482 2663 Cpoleos
511 2617 673 2663 episcopi
695 2617 875 2650 Anastasii
901 2628 1017 2651 annus
1043 2618 1192 2662 primus

324 2665 402 2698 Hoc
438 2677 534 2698 anno
571 2665 762 2698 Masalmus
797 2666 993 2698 Romanam
1030 2665 1207 2699 ditionem
1239 2667 1346 2700 armis
1382 2666 1582 2709 infestavit,
1609 2670 1646 2701 et
1671 2666 1711 2701 in

229 2713 496 2760 Cappadociam
521 2714 717 2759 profectus,
747 2712 935 2747 Charsiani
962 2719 1118 2747 castrum
1145 2714 1218 2747 sibi
1247 2714 1335 2748 dolo
1363 2714 1533 2750 subiecit.

43 2768 215 2815 A‚(1,723
325 2762 402 2794 lloc
438 2773 534 2794 anuo
573 2761 764 2794 Masalmas
804 2762 843 2795 in
868 2762 1034 2795 Turciam
1069 2763 1268 2796 exercitum
1306 2763 1445 2806 eduxit,
1471 2769 1612 2799 etcum
1638 2764 1710 2798 iam

230 2810 378 2857 Caspias
403 2815 526 2858 portas
549 2810 741 2855 attigisset,
768 2815 866 2846 metu
896 2816 1097 2857 correptus,
1127 2817 1223 2846 retro
1251 2812 1369 2846 cessit.

1712 1223 1762 1267 15
