1786 3204
307 128 419 187 236
861 153 1211 197 THEOPHANJS
1238 148 1242 150 ’

302 267 395 302 σιος
422 251 661 297 ἐθέσπισεν.
722 252 972 311 Σωτήριχος
1002 254 1085 312 γὰρ
1110 255 1335 304 ἐπίσκοπος
1352 253 1623 310 Καισαρείας
1651 256 1781 299 Καπ-

301 320 507 371 παδοκίας
534 320 618 364 ὑπὸ
650 323 926 366 Μακεδονίου
956 321 1334 379 χειροτονούμενος
1365 319 1591 380 ἐγγράφως
1617 318 1780 374 ὦμολό-

299 404 426 445 γησεν
455 390 656 444 δέχεσθαι
705 389 755 433 τὰ
799 389 994 446 δόγματα
1034 391 1111 447 τῆς
1139 393 1184 434 ἐν
1214 387 1458 446 Χαλκηδόνι
1495 389 1693 442 συνόδου,
1724 389 1781 440 (ὃς

302 452 404 512 ὅρον
435 458 630 508 πίστεως.
694 455 803 512 μετὰ
843 460 890 501 δὲ
928 459 1068 501 ταῦτα
1110 456 1426 511 πολεμιώτατος
1451 459 1618 514 γέγονεν
1647 451 1781 511 οὗτος,

262 523 360 575 (Σῶς
387 525 590 567 duca-'htv
632 527 693 575 εἰς
737 526 945 582 οἷνατολήν
989 526 1065 569 καί
1091 528 1151 584 τῷ
1184 528 1389 579 δυσσεβεῖ
1412 523 1570 585 Ξεναΐᾳ
1596 529 1780 568 κοινολο-

299 591 531 648 γὴσασθαι,
563 595 638 635 καί
664 588 797 650 ἄμφω
826 592 1006 636 σύνοδον
1047 596 1247 649 γενέσθαι
1274 594 1335 642 εἰς
1365 595 1534 636 Σιδῶνα
1557 590 1629 636 τὸν
1655 595 1781 646 βασι-

300 662 379 702 λέα
418 658 679 715 αἰτήσασθαι
720 659 793 703 ε’πί
831 664 882 719 τῇ
909 662 1049 720 τελείᾳ
1094 661 1248 719 ἐκβολῇ
1278 662 1352 716 τῆς
1379 660 1504 716 ἁγίας
1535 661 1581 703 ἒν
1608 662 1783 716 Χαλκη-

301 726 397 769 δόνι
425 727 638 770 συνόδου·
696 727 811 785 Δἥτις
837 728 910 771 καί
946 731 1126 785 συνέστη
1171 731 1246 771 καί
1284 731 1444 772 θᾶττον
1482 728 1674 785 διελύθη,
1703 730 1784 771 τοῦ

300 796 511 848 βασιλέως
538 797 785 850 πέμψαντος
817 797 876 846 εἰς
903 798 1031 840 τοῦτο
1060 796 1299 853 Εὖτρόπιον
1336 796 1579 852 τριβοῦνον,
1622 793 1671 846 ὃς
1710 797 1786 838 καί

303 860 514 913 διαλύσας
551 863 705 919 αὐτήν,
748 863 998 919 Φλαβιανόν
1020 863 1098 907 τὸν
1123 865 1392 919 Ἀντιοχείας
1416 863 1493 907 >καί
1517 864 1668 907 Ἠλίαν
1695 865 1780 907 τῶν

296 927 604 986 Ἱεροσολύμων
622 930 703 974 σύν
723 937 811 981 τοῖς
841 930 1085 983 ἐπισκόποις
1103 931 1245 975 αὐτῶν
1272 931 1327 975 τὰ
1358 930 1463 987 πρὸς
1491 930 1646 988 ἡδονὴν
1675 931 1782 987 γρά-

302 1008 386 1050 ψαι
417 999 475 1056 τῷ
502 1001 678 1052 βασιλεῖ
701 999 1031 1052 παρεσκεύασεν.
1101 998 1350 1053 Φλαβιανός
1381 1000 1428 1043 δὲ
1462 999 1538 1050 τὰς
1567 1005 1680 1054 τρεῖς
1705 998 1785 1053 μό-

303 1081 382 1115 νας
411 1065 618 1118 συνόδους
661 1069 737 1109 καί
760 1064 808 1110 τὸ
839 1070 919 1109 τοῦ
947 1067 1145 1124 Ζήνωνος
1166 1065 1383 1111 Ἑνωτικὸν
1426 1068 1632 1123 δέχεσθαι
1662 1065 1786 1123 ἔγρα-

303 1145 417 1188 ψεν,
443 1135 519 1189 τῆς
552 1135 598 1176 ἐν
633 1134 877 1191 Χαλκηδόνι
907 1135 1078 1192 μνήμην
1116 1133 1174 1190 μὴ
1204 1134 1504 1191 ποιησάμενος.
1562 1133 1709 1185 Ἠλίας
1739 1135 1786 1176 δὲ

262 1197 330 1242 Βὸ
355 1198 659 1257 Ἱεροσολύμων
686 1201 762 1246 καὶ
785 1201 861 1259 τὴν
890 1204 935 1245 ὲν
962 1200 1209 1260 Χαλκηδόνι
1240 1201 1427 1259 ἔγραψεν
1454 1202 1786 1258 ἀποβάλλεσθαι.

308 1267 553 1325 Σωτήριχος
587 1271 635 1312 δὲ
661 1269 682 1312 ὃ
711 1272 981 1326 Καισαρείας
1013 1272 1329 1320 Καππαδοκίας
1359 1272 1434 1314 καί
1461 1268 1646 1320 Ξεναῖας
1677 1268 1786 1312 κατὰ

309 1339 564 1391 Φλαβιανοῦ
605 1340 680 1380 καί
714 1337 843 1381 Ἠλία
883 1335 1098 1394 ἀνήγαγον
1128 1341 1186 1397 τῷ
1212 1341 1424 1393 βασιλεῖ,,
1445 1336 1513 1380 ὅτι
1543 1336 1614 1380 διὰ
1645 1336 1692 1402 tc}
1725 1336 1786 1394 μὴ

305 1406 450 1446 θέλειν
487 1403 647 1455 αὐτούς
686 1408 850 1462 τρανῶς
895 1403 998 1448 κατὰ
1038 1408 1110 1461 τῆς
1143 1404 1328 1449 συνόδου
1362 1408 1439 1461 τῆς
1468 1407 1513 1448 ἐν
1541 1402 1786 1461 Χαλκηδόνι

306 1471 631 1530 α’ποφήνασθαι,
661 1475 873 1530 συνῆλθον
915 1472 1124 1532 α’λλὴλοιέ.
1175 1471 1455 1524 Ἀναστάσιος
1485 1473 1534 1516 δὲ
1574 1470 1786 1530 ὀργισθεὶς

354 1681 356 1683 Ι
405 1633 438 1676 4.
465 1632 743 1680 πολεμιώτατος
767 1636 925 1681 γέγονεν
948 1635 1056 1674 οὗτος
1078 1633 1123 1676 b,
1158 1632 1420 1681 πολεμιώτατα
1445 1633 1523 1679 γέγ.
1550 1630 1667 1670 ου’τως
1692 1631 1786 1677 vulg.

403 1683 436 1716 5.
466 1681 658 1729 ἀπελθεῖν]
684 1681 901 1718 ἀποθανεῖν
928 1682 955 1715 Α
983 1693 1015 1716 e.
1141 1693 1174 1728 7.
1201 1683 1242 1719 ἐν
1266 1682 1386 1716 Χαλκ.
1412 1681 1453 1720 Α,
1480 1683 1521 1716 ἐν
1545 1679 1586 1725 τῇ
1614 1683 1664 1714 Χ.
1689 1681 1786 1735 vulg.

405 1731 439 1764 8.
464 1733 526 1764 καὶ
552 1736 636 1763 uite
675 1734 842 1784 συνέστη
870 1730 952 1763 add.
988 1742 1032 1763 ex
1064 1730 1103 1763 A.
1230 1727 1362 1764 11.τά
1395 1723 1494 1776 πρὸς
1519 1726 1658 1773 ἡδονὴν
1681 1724 1786 1769 1),τὰ

403 1772 503 1822 πρὸς
527 1777 711 1816 Σιδόνιον
735 1779 776 1820 A,
801 1792 847 1813 τα
875 1791 984 1825 παρα
1011 1778 1206 1816 Σιδωνίαν
1229 1778 1325 1822 vulg
1466 1778 1518 1812 16.
1543 1778 1608 1811 καὶ
1630 1774 1786 1816 ‚Herulus

406 1837 478 1860 oui.
499 1827 529 1860 A
558 1837 588 1860 e.
715 1838 766 1874 ¹7·
807 1826 1000 1875 ἀνήγαγεν
1022 1827 1063 1861 A

312 1971 408 2003 enim
426 1970 619 2005 Caesareae
635 1971 889 2018 Cappadociae
918 1983 939 2005 a
967 1970 1184 2005 Macedonio
1215 1975 1455 2011 consecratus,
1481 1969 1786 2004 Chalcedonensis

313 2019 442 2074 synodi
469 2019 626 2061 decreta,
654 2021 754 2053 velut
779 2020 865 2054 fidei
897 2022 1039 2066 regulas
1067 2031 1105 2053 se
1131 2018 1324 2052 admittere
1350 2019 1484 2064 scripto
1509 2017 1693 2063 professus
1721 2024 1786 2052 est.

313 2068 391 2100 eius
417 2073 536 2100 autem
567 2068 797 2113 postmodum
834 2069 948 2102 faetus
984 2068 1150 2101 inimicus
1183 2067 1275 2100 adeo
1302 2067 1370 2100 ivit
1394 2067 1432 2099 in
1458 2065 1659 2107 adversum,
1688 2067 1786 2100 utin

313 2115 491 2148 orientem
520 2115 702 2160 profectus
719 2142 727 2157 ‚
755 2116 864 2162 impio
890 2117 1051 2150 Xena'i'ae
1086 2127 1158 2150 rem
1185 2125 1327 2148 omnem
1363 2114 1660 2155 communicaret,
1684 2120 1721 2148 et
1744 2113 1786 2148 ad

313 2162 566 2208 extirpandum
593 2163 759 2197 funditus
793 2170 953 2198 sanctam
981 2163 1033 2198 Ch
1038 2163 1314 2197 ιΙεοιίοιιειιεειιι
1350 2162 1525 2206 synodum
1550 2162 1654 2195 aliam
1682 2162 1786 2196 Sido-

311 2211 399 2244 niae
424 2211 599 2244 celebrari
626 2211 671 2244 ab
711 2213 927 2258 imperatore
972 2212 1178 2257 postularet
1202 2216 1382 2256 uterque3
1416 2216 1452 2243 et
1479 2209 1569 2243 inec
1595 2216 1786 2245 convocata

313 2257 411 2292 dicto
439 2258 545 2292 citius
573 2259 745 2316 dissipata
771 2266 825 2294 est
857 2266 893 2294 et
919 2261 1038 2294 soluta
1064 2258 1229 2304 Eutropii
1266 2258 1406 2292 tribuni
1433 2258 1477 2291 ab
1507 2259 1725 2303 imperatore
1754 2259 1786 2291 in

312 2306 412 2340 hunc
436 2307 543 2339 finem
570 2308 670 2341 missi
699 2320 820 2353 opera,
847 2308 911 2354 qui
935 2320 977 2341 ea
1002 2307 1187 2352 abrogata,
1213 2306 1386 2340 Flzwiano
1398 2306 1612 2340 Antiochiae
1641 2312 1677 2340 et
1691 2307 1786 2340 Eli-u

312 2355 647 2398 Hierosolymorum
673 2355 916 2402 subiectisque
943 2356 1031 2401 ipsis
1056 2355 1249 2400 episcopis,
1274 2360 1324 2396 ut,
1354 2366 1448 2400 quae
1478 2355 1566 2401 ipsis
1591 2354 1786 2399 placerent

315 2402 363 2436 ad
387 2403 642 2448 imperatorem
672 2404 868 2445 referrent,
898 2409 1024 2437 auctor
1048 2403 1131 2436 fuit.
1182 2402 1376 2436 Flavianus
1402 2414 1510 2448 porro
1536 2401 1693 2446 synodos
1720 2408 1786 2436 tre

260 2494 261 2497 Ἴ
317 2450 546 2485 solummodo
581 2456 618 2484 et
646 2452 799 2484 Zenonis
823 2451 1050 2485 concordiam
1074 2462 1111 2484 se
1153 2451 1312 2496 recipere
1337 2451 1494 2496 scripsit,
1519 2450 1623 2484 nulla
1648 2461 1786 2496 prorsus

317 2498 365 2533 de
393 2491 681 2532 Chalcedonensi
718 2500 812 2532 facta
844 2499 1048 2532 mentione:
1085 2499 1182 2532 Elias
1207 2504 1327 2532 autem
1354 2498 1686 2542 Hierosolymorum
1715 2499 1786 2543 epi-

318 2559 448 2593 scopus
474 2546 806 2580 Clialeedonensem
834 2559 871 2580 se
902 2547 1123 2591 proscribere
1148 2552 1300 2580 testatus
1329 2554 1406 2580 est:
1437 2545 1647 2581 Soterichus
1674 2551 1786 2579 auten

319 2597 514 2630 Caesareae
542 2594 793 2640 Cappadociae
832 2601 869 2629 et
893 2595 1048 2628 Xenai'as
1089 2595 1298 2640 imperatori
1333 2595 1502 2629 adversus
1525 2595 1735 2628 Flavianum
1761 2601 1786 2626 ei

319 2644 347 2678 E
353 2644 435 2677 liam
452 2643 724 2689 rescripserunt,
750 2643 848 2688 ipsos
874 2643 1056 2684 nimirum,
1075 2642 1158 2675 (lum
1175 2642 1345 2676 adversus
1364 2642 1696 2677 Chalcedonensem
1713 2653 1786 2685 syn-

320 2691 430 2725 odum
444 2692 563 2738 pal‘un
589 2691 673 2724 dare
701 2692 918 2725 sententiam
939 2696 1158 2732 recusarent,
1184 2692 1377 2736 quominus
1396 2692 1434 2724 in
1452 2697 1594 2724 coetum
1622 2695 1659 2724 et
1685 2701 1786 2722 unun

321 2752 467 2773 sensum
497 2740 647 2781 coirent,
676 2740 712 2772 in
743 2751 849 2772 causa
883 2740 1005 2772 fuisse.
1065 2750 1176 2785 quare
1213 2739 1323 2773 iratus
1351 2739 1560 2773 Anastasius
1588 2737 1689 2772 falsis
1717 2738 1786 2782 qui

320 2787 476 2823 busdam
499 2787 698 2831 monachis,
740 2794 780 2822 ut
804 2787 1019 2823 Antiochiae
1045 2787 1294 2830 convenirent,
1320 2787 1383 2821 uhi
1408 2786 1569 2822 tumultu
1593 2787 1633 2820 in
1658 2785 1786 2820 Flavia
