1820 3120
292 172 407 251 756
866 192 1221 238 TqupnANis

284 293 472 352 πάντας,
503 297 576 341 καί
605 294 951 353 α’ναβιβὰζεσθαι
992 299 1045 341 τά
1077 297 1242 341 τούτων
1273 300 1385 356 τέλη,
1415 299 1683 355 παρέχοντας
1711 299 1786 343 καί

282 368 572 421 χαρτιατικῶν
613 366 737 410 ἕνεκα
778 365 855 409 ἀνὰ
902 369 1111 420 κερατίων
1145 363 1257 408 δυό·
1318 367 1393 409 καί
1429 366 1537 422 πρὸς
1566 365 1782 425 τετάρτην,

284 432 389 484 τούς
430 432 701 492 κουφισμοὺς
736 435 900 485 πάντας
930 432 1276 489 α’ναβιβάζεσθαι
1318 438 1614 491 προσέταττεν.
1673 439 1782 491 πέμ-

284 518 405 560 πτην,
423 507 512 553 τοῖς
540 505 624 546 τῶν
645 502 815 558 εὕαγῶν
836 501 959 545 οἴκων
979 506 1215 560 παροίκοις,
1245 504 1323 546 τοῦ
1339 519 1382 546 τε
1399 502 1780 561 ὄρφανοτροφείου

283 573 359 614 καί
386 571 471 614 τῶν
497 569 686 622 ξενώνων
726 569 801 613 καί
827 569 1117 627 γηροκομείων
1147 587 1195 613 τε
1237 570 1311 614 καί
1336 573 1568 628 ἐκκλησιῶν
1597 575 1672 615 καί
1700 574 1818 626 μο-5

148 642 268 689 Ρ.4ια
283 640 522 695 ναστηρίων
549 641 786 694 βασιλικῶν
816 636 870 681 τὰ
890 638 1074 681 καπνικιὶ
1106 634 1390 682 ἀπαιτεῖσθαι
1411 638 1494 682 ἀπὸ
1516 641 1591 684 τοῦ
1607 640 1779 696 πρώτου

280 704 405 757 ἔτους
437 708 514 763 τῆς
545 707 685 749 αὐτοῦ
711 709 986 763 τυραννίδος,
1019 706 1069 750 τὰ
1108 709 1155 750 δὲ
1185 709 1403 762 κρείττονα
1433 710 1519 752 τῶν
1550 708 1778 764 κτημάτων

277 775 340 825 εἰς
367 772 444 830 τὴν
471 773 698 831 βασιλικὴν
727 774 1026 831 κουρατωρίαν
1055 774 1273 833 αἴρεσθαι,
1304 775 1354 819 τοὶ
1386 777 1534 831 μέντοι
1564 779 1664 835 τέλη
1698 779 1778 820 mi-

277 844 364 885 τῶν
393 844 671 886 ἐπιτίθεσθαι
709 847 800 895 τοῖς
841 843 1170 898 ἐναπομείνασιν
1195 845 1256 894 εἰς
1282 843 1385 895 τούς
1414 843 1577 896 αὕτοὺς
1606 846 1777 902 εὐαγεῖς

278 909 423 961 οἴκους
451 911 637 967 κτήμασι
667 910 741 953 καί
771 913 1009 969 παροίκοις,
1037 911 1094 962 ὥς
1120 913 1383 956 διπλοῦσθαι
1402 916 1568 957 πολλῶν
1587 912 1638 957 τά
1661 918 1774 971 τέλη,
1795 931 1820 957 ιι

276 980 363 1022 τῶν
407 976 611 1036 οἰκήσεων
653 982 947 1034 στενουμένων
988 980 1139 1032 αὐτοῖς
1176 980 1251 1024 καί
1284 984 1369 1025 τῶν
1395 983 1580 1038 χωρίων.
1639 981 1775 1040 ἕκτην,

258 1050 533 1090 ’σκοπεῖσθαι
554 1045 670 1103 παρὰ
689 1050 774 1090 τῶν
801 1049 1150 1104 στρατηγούντων
1170 1048 1270 1101 τούς
1290 1048 1462 1107 ἀθρόως
1482 1053 1530 1094 ἑκ
1559 1052 1775 1106 πτωχείας

275 1115 671 1173 ἀνακτησαμένους,
714 1115 788 1159 καί
825 1117 1110 1160 α’παιτεῖσθαι
1151 1115 1356 1175 χρήματα
1395 1119 1455 1170 ὥς
1486 1118 1664 1176 εὑρετάς
1692 1123 1773 1176 θη-

274 1186 465 1239 σαυρῶν.
539 1180 743 1242 ἑβδόμην,
789 1183 893 1234 τούς
939 1184 1022 1241 πρὸ
1066 1184 1199 1229 εἴκοσι
1241 1188 1411 1244 χρόνων
1440 1186 1671 1244 εὖρηκότας
1699 1190 1776 1230 καί

237 1250 406 1307 Βμέχρι
435 1253 510 1309 τῆς
539 1253 666 1307 δεῦρο
705 1252 835 1296 πίθον
865 1250 890 1310 ἢ
931 1255 1081 1305 σκεῦος
1123 1252 1268 1298 ὁτιοῦν
1299 1258 1374 1299 καί
1402 1255 1560 1308 αὐτούς
1592 1257 1820 1314 ἐξαργυ-ιέ

272 1319 488 1375 ρι’ζεσθαι.
520 1319 699 1378 ὀγδόην,
729 1321 831 1371 τούς
858 1323 904 1364 ἐκ
934 1319 1121 1365 πάππων
1151 1319 1180 1379 ἢ
1200 1325 1397 1380 πατέρων
1424 1324 1770 1382 κληρονομήσαν-

270 1403 345 1437 τας
376 1389 678 1445 διαιρεθέντας
722 1391 768 1432 ἐκ
798 1392 883 1433 τῶν
913 1390 1058 1433 αὕταῖν
1082 1392 1256 1447 χρόνων
1283 1392 1439 1449 εἴκοσι,
1469 1394 1768 1445 ἑξαναδιδόναι

270 1457 330 1515 τῷ
362 1458 552 1516 δημοσίῳ
597 1456 700 1508 τούς
733 1460 940 1515 πένητας,
979 1461 1056 1501 καί
1097 1459 1199 1510 τοὺς
1233 1462 1536 1516 ω’νησαμένους
1577 1459 1658 1515 ἔξω
1695 1467 1768 1519 τῆς

271 1516 457 1581 Ἀβύδου
487 1524 670 1581 σώματα
697 1526 895 1584 οἰκετικᾰ,
927 1525 1008 1570 α’νά
1042 1526 1121 1571 δύο
1150 1527 1428 1584 νομισμάτων
1445 1532 1614 1574 τελέσαι
1635 1546 1770 1588 προσ·

366 1675 401 1700 2.
425 1668 639 1713 χαρτιακοῦ
665 1678 705 1709 c,
723 1667 946 1716 χαρτιακῶν
970 1679 990 1702 e
1006 1694 1016 1709 ‚
1057 1666 1271 1716 χαρτιακόν
1305 1669 1329 1703 f.
1467 1670 1533 1704 καὶ
1556 1665 1656 1716 πρὸς
1680 1670 1765 1704 add.

370 1726 415 1748 ex
441 1715 483 1749 A.
585 1720 618 1760 4.
644 1722 724 1757 τοῖς
749 1738 797 1744 —
826 1721 1031 1764 παροίκοις
1055 1719 1097 1759 Λ,
1124 1716 1214 1758 τούς
1232 1740 1280 1745 -
1304 1719 1518 1766 παροίκους
1534 1719 1631 1764 vulg.
1731 1732 1764 1766 7.

364 1762 588 1812 κτισμάτων
611 1776 629 1798 a
661 1765 686 1798 f.
817 1777 870 1800 ιι.
895 1766 972 1802 τῶν
999 1765 1084 1800 add.
1109 1778 1154 1801 ex
1184 1768 1224 1800 Α.
1367 1777 1418 1813 19.
1443 1767 1696 1816 νομισμάτων
1724 1770 1765 1810 Λ,

365 1816 588 1861 νομίσματα
612 1814 711 1860 vulg.
843 1815 1038 1850 τελεῖσθαι
1061 1816 1102 1850 Α.

271 1933 415 1974 ascribi,
443 1938 480 1968 et
505 1945 525 1967 a
551 1934 762 1969 concivibus
798 1935 906 1970 armis
944 1936 1076 1971 instrui
1108 1937 1224 1975 iussis,
1254 1937 1318 1983 qui
1356 1937 1528 1970 nimirum
1555 1948 1622 1984 per
1640 1938 1765 1983 singu-

269 1983 326 2016 los
353 1982 518 2016 homines
547 1995 715 2017 nummos
753 1984 981 2029 octodecim,
1018 1991 1055 2019 et
1082 1986 1227 2031 publica
1262 1985 1399 2019 tributa
1428 1998 1520 2019 unus
1548 1986 1586 2019 in
1612 1987 1765 2021 alterius

268 2031 383 2064 vicem
410 2031 560 2077 publico
581 2032 722 2066 aerario
749 2033 968 2079 penderent.
1020 2035 1170 2067 tertium
1199 2034 1266 2068 hoc
1294 2034 1455 2067 malitiae
1482 2035 1553 2068 fuit
1579 2046 1766 2069 commen-

269 2085 360 2120 tum,
388 2085 430 2113 ut
452 2080 623 2114 nimirum
652 2082 825 2127 inspectis
853 2083 1014 2116 omnium
1032 2082 1266 2117 facultatibus
1287 2082 1425 2116 tributa
1450 2083 1669 2129 praestanda
1698 2095 1764 2116 au-

271 2133 462 2171 gerentur,
489 2133 550 2170 et,
579 2128 838 2175 descriptionis
871 2131 1063 2165 confectae
1099 2132 1237 2177 gratia,
1278 2132 1411 2166 ceratia
1452 2132 1526 2165 duo
1561 2143 1581 2165 a
1610 2132 1763 2177 singulis

270 2177 516 2221 exigerentur.
567 2184 736 2224 quartum
764 2179 860 2212 istud
887 2180 1087 2213 inventum:
1116 2180 1346 2225 vectigalium
1368 2180 1599 2214 remissiones
1622 2181 1659 2214 in
1688 2182 1764 2227 pri-

270 2225 407 2258 stinum
449 2229 581 2258 statum
609 2226 733 2260 reduci
765 2233 802 2261 et
837 2229 974 2273 augeri.
1028 2229 1223 2275 quintum:
1258 2228 1350 2261 adeo
1378 2228 1589 2262 devotarum
1615 2229 1763 2262 aedium

270 2273 532 2320 orphanorum,
559 2274 655 2315 dico,
679 2276 965 2320 peregrinorum,
993 2289 1117 2311 senum
1142 2277 1391 2323 receptaculis,
1418 2277 1593 2318 ecclesiis,
1621 2283 1658 2312 et
1684 2290 1763 2312 mo-

269 2322 441 2356 nasteriis
471 2322 731 2368 imperatorum
759 2324 984 2359 liberalitate
1010 2326 1141 2371 positis
1177 2326 1326 2358 fumaria
1353 2325 1491 2359 tributa
1517 2336 1537 2359 a
1564 2326 1681 2372 primo
1705 2332 1766 2370 ty—

271 2370 435 2404 rannidis
460 2382 546 2404 suae
572 2382 669 2404 anno
697 2372 834 2416 colligi,
862 2374 1132 2419 possessionum
1165 2373 1349 2407 uberiores
1375 2374 1414 2407 in
1442 2374 1671 2420 imperatoris
1698 2387 1763 2408 cu-

271 2420 439 2453 ratoriam
464 2419 674 2461 transferri,
710 2431 830 2453 annua
855 2433 941 2454 vero
977 2434 1098 2455 earum
1125 2423 1274 2455 nomine
1310 2433 1422 2467 pensa
1449 2433 1469 2455 a
1495 2422 1650 2456 residuis
1676 2435 1764 2469 pos-

271 2467 495 2502 sessionibus
521 2473 559 2502 et
583 2469 856 2502 remanentibus
885 2481 1065 2503 sacrarum
1092 2470 1236 2503 illarum
1263 2470 1408 2503 aedium
1436 2472 1567 2505 accolis
1592 2472 1764 2517 persolvi,

272 2515 366 2550 adeo
396 2523 436 2550 ut
460 2515 754 2550 habitationibus
774 2523 811 2551 et
835 2519 928 2563 agris
954 2519 993 2551 in
1020 2519 1193 2564 angustiis
1224 2518 1391 2552 adductis
1421 2525 1525 2554 aucta
1552 2519 1666 2566 duplo
1694 2522 1763 2554 tri-

270 2564 360 2598 buta
388 2566 632 2610 exigerentur.
674 2571 840 2600 sextum:
875 2578 894 2598 a
920 2567 1186 2611 provinciarum
1225 2568 1437 2608 rectoribus,
1475 2568 1539 2615 qui
1568 2579 1612 2602 ex
1639 2570 1763 2614 egenis

270 2613 438 2658 proxime
465 2613 597 2647 divites
628 2615 838 2656 evasissent,
863 2615 1023 2660 inquiri,
1054 2621 1092 2648 et
1118 2621 1158 2648 ut
1181 2626 1201 2648 a
1227 2615 1479 2650 thesaurorum
1509 2618 1763 2651 inventoribus

271 2661 418 2695 divitias
447 2663 576 2707 repeti.
607 2664 826 2708 septimum:
861 2663 905 2696 ab
946 2664 1018 2705 iis,
1041 2664 1102 2709 qui
1145 2675 1166 2696 a
1190 2664 1318 2709 viginti
1347 2666 1452 2698 annis
1490 2671 1526 2698 et
1550 2666 1638 2700 citra
1668 2666 1763 2699 illud

270 2710 426 2756 spatium
456 2710 596 2744 dolium
619 2717 682 2745 ant
713 2724 774 2745 vas
812 2711 1072 2758 quodcumque
1108 2712 1360 2755 invenissent,
1402 2714 1576 2760 pecunias
1602 2716 1760 2759 emungi.

271 2764 461 2792 octavum:
499 2770 561 2792 eos
603 2760 667 2805 qui
705 2767 789 2794 ante
817 2760 1022 2806 praedictos
1059 2761 1187 2805 viginti
1215 2773 1329 2795 annos
1357 2762 1401 2795 ab
1429 2763 1503 2796 avis
1531 2769 1567 2795 et
1597 2763 1761 2807 patribus

271 2806 511 2841 haereditatis
538 2808 616 2840 iure
644 2809 788 2855 aliquid
817 2809 1077 2849 obtinuissent,
1106 2810 1245 2843 etiamsi
1273 2822 1451 2856 pauperes
1472 2811 1684 2851 evasissent,
1714 2811 1761 2844 ad

271 2854 421 2901 publico
452 2855 719 2890 redhibendum
747 2857 941 2903 cogendos.
1001 2858 1064 2904 qui
1099 2864 1220 2892 autem
1257 2865 1358 2894 extra
1389 2858 1553 2904 Abydum
1579 2860 1758 2907 mancipia
