1786 3204
266 134 378 219 208
823 151 1171 196 THEOPHANIS

261 273 353 312 σας,
382 255 610 310 Φιλόξενον
637 255 953 313 μετωνόμασεν.
1009 255 1165 310 μαθών
1194 257 1241 300 δὲ
1271 253 1448 313 ὕστερον
1478 259 1742 315 ἀβάπτιστον

260 324 394 369 αὐτὸν
422 321 561 380 εἶναι,
590 327 735 382 α’ρκεῖν
775 326 890 383 αὐτῷ
927 325 1004 380 τήν
1029 323 1299 379 χειροτονίαν
1327 325 1426 369 ἀντὶ
1452 329 1742 382 βαπτίσματος

258 392 432 452 ἔφησεν.
515 393 739 448 Ευᾪύμιος
769 395 816 445 δὲ
846 392 868 435 ὅ
899 390 1227 450 ὄρθοδοξότατος
1256 392 1542 437 ’Amat-«imon
1568 394 1643 439 τὸν
1674 413 1742 439 σι-

255 462 492 520 λεντιοέριον
519 461 591 505 τὸν
620 465 758 511 κακῶς
787 460 893 516 μετὰ
923 463 1059 503 ταῦτα
1076 458 1393 515 βασιλεύσαντα
1421 463 1493 518 τῆς
1517 465 1741 519 ἐκκλησίας

255 530 450 586 ἐδίωκεν,
479 531 538 580 ὦς
583 527 796 584 αἱρετικὸν
837 529 910 570 καί
937 526 1160 584 ὁμόφρονα
1194 524 1432 586 Εὗτυχοῦς,
1462 527 1511 573 ὃν
1537 531 1778 586 &lionae-5

254 601 383 642 οὗντα
413 598 526 655 ὁρῶν
565 596 640 652 τήν
680 599 726 639 ἐν
753 599 810 654 τῇ
835 595 1030 654 ἐκκλησίᾳ
1070 596 1290 650 καθέδραν
1319 598 1436 656 αὐτῷ
1459 593 1738 653 ἀνέστρεψεν,

254 662 493 723 ἀπειλήσας
522 664 651 723 αὐτῷ,
685 664 755 717 οὖς,
782 666 822 707 εἰ
845 663 905 720 μή
938 663 1159 717 παύσοιτο,
1192 665 1418 721 ἀποκεῖραι
1447 663 1523 720 τήν
1550 666 1740 723 κεφαλήν

253 735 387 777 αὐτοῦ
427 734 503 777 καί
541 739 627 783 τοῖς
666 727 811 788 ὄχλοις
847 731 978 775 αὐτὸν
1016 734 1327 788 θριαμβεῦσαι.
1395 734 1647 776 ἐπεκάλεσεν
1691 737 1739 778 δὲ

117 810 154 845 Ρ.
176 812 239 847 116
252 801 326 845 καί
353 799 536 858 Ζήνωνι,
567 801 642 844 καί
667 800 744 856 τήν
770 802 863 842 κατ’
896 798 1032 843 αὐτοῦ’
1070 798 1268 852 ἐξουσίαν
1292 798 1454 855 ἔλαβεν.
1511 799 1663 857 Ζήνων
1691 803 1739 845 δὲ

251 867 472 926 ἠρώτησεν
493 867 729 924 Μαριανὸν
757 866 832 910 τὸν
863 867 1113 925 σοφώτατον
1147 865 1312 924 κόμητα
1342 864 1416 924 (ἦν
1442 866 1523 924 γὰρ
1547 867 1736 923 μυστικά
1757 893 1786 919 ¹⁴

249 954 342 982 τινα
387 935 513 987 εἰδώς
555 939 628 979 καί
667 937 890 992 προέλεγεν
919 936 1056 993 αὐτῷ)
1088 932 1178 989 ὅτι,
1217 937 1282 984 τίς
1310 939 1400 990 μετ’
1429 937 1506 990 ἐμὲ
1534 937 1737 991 βασιλεύ-

250 1022 316 1050 σει
332 1024 346 1060 ,·
373 1004 395 1047 ὅ
425 1007 474 1048 δὲ
498 1000 620 1048 εἶπεν
638 1005 769 1063 αὐτῷ,
799 1001 861 1046 ὅτι
891 1004 965 1046 καί
991 1002 1071 1059 τήν
1099 1007 1324 1058 βασιλείαν
1346 1020 1424 1048 σου
1454 1007 1530 1047 καί
1555 1005 1632 1061 τήν
1660 1023 1737 1061 γυ-

249 1072 375 1116 ναῖκα
403 1087 481 1116 σου
512 1070 780 1128 ζὸιαδέχεταί
800 1087 863 1121 τις
891 1069 973 1114 α’πὸ
1016 1072 1328 1126 σιλεντιαρίων.
1402 1075 1641 1128 Πατρίκιον
1671 1075 1734 1126 δέ,

137 1152 233 1199 V.93
247 1140 472 1198 γενόμενον
503 1136 641 1197 ἄνδρα
671 1137 810 1197 σοφὸν
836 1139 911 1182 καί
936 1141 1095 1196 εὐσεβῆ
1122 1140 1198 1181 καί
1221 1138 1399 1182 συνετὸν
1429 1143 1503 1184 καί
1527 1140 1737 1196 ἐνάρετον,

250 1208 469 1266 δημεύσας
508 1209 668 1259 α’ὃίκως
712 1208 788 1250 καί
826 1209 887 1257 εἰς
934 1205 1133 1264 φρουρὰν
1169 1207 1391 1262 ἐμβαλών,
1425 1207 1509 1251 ὑπὸ
1540 1211 1623 1252 τῶν
1653 1219 1786 1266 ‹pv-1!

251 1274 494 1319 λαττὸντων
536 1274 856 1331 ἑξκουβιτοόρων
903 1276 1190 1331 ἀναιρεθῆναι
1244 1278 1512 1330 προσέταξεν.
1584 1276 1736 1319 τούτου

251 1347 299 1387 δὲ
325 1347 554 1399 γενομένου
600 1343 790 1392 οἰκούσας
834 1341 865 1384 δ’
887 1342 1075 1398 ἔπαρχος
1118 1342 1356 1397 Ἀρκοίὸιος
1391 1341 1638 1400 ἐλοιδόρησε
1665 1342 1738 1387 τὸν

212 1415 455 1467 Ββασιλέα·
513 1412 589 1455 καί
613 1409 799 1460 οἰκούσας
840 1408 861 1453 ὅ
890 1411 1094 1464 βασιλεύς
1132 1412 1349 1453 ἐκέλευσεν
1377 1409 1510 1453 αὐτὸν
1538 1412 1736 1467 εἰσερχό-

248 1496 376 1534 μενον
404 1480 466 1532 εἰς
495 1478 540 1524 τὸ
573 1476 782 1524 παλοέτιον
807 1479 1051 1536 σφαγῆναι·
1080 1475 1101 1521 ὃ
1132 1479 1180 1520 δὲ
1204 1476 1393 1535 ἔπαρχος
1417 1477 1577 1534 μαθών
1593 1482 1733 1533 τοῦτο,

344 1664 380 1699 3.
410 1662 613 1721 Εὗφῆμιος
639 1664 681 1698 A.
804 1664 838 1697 5.
865 1660 908 1699 ὃν
938 1662 1214 1718 ὀχλοποιοῦντα
1241 1663 1280 1705 Α,
1310 1663 1397 1711 ἐνοχ
1398 1664 1429 1699 λ.
1457 1664 1556 1709 vulg.
1679 1676 1732 1699 ιο.

342 1709 578 1760 Μαρκιανὸν
603 1714 644 1747 Α.
748 1723 801 1746 ιι.
833 1709 944 1751 εἰδώς
961 1714 1003 1753 A,
1027 1710 1216 1758 προειδώς
1240 1712 1337 1757 vulg.
1442 1713 1493 1748 13.
1517 1715 1735 1763 Πατρίκιον

345 1762 387 1797 δὲ
403 1761 633 1820 γενόμενον,
662 1759 786 1819 ἄνδρα
813 1756 954 1808 σοφὸν]
984 1761 1035 1794 sic
1072 1761 1180 1805 vulgo
1208 1761 1300 1793 male
1327 1760 1575 1806 distinguitur.
1678 1761 1732 1806 14.

344 1809 548 1869 ἐνάρετον,
580 1808 783 1868 &quedam-1
812 1810 1005 1853 ἐνάυετον,
1045 1806 1089 1847 ὃν
1115 1808 1200 1857 διμι.
1229 1809 1336 1844 codd.
1366 1815 1403 1844 et
1429 1810 1526 1855 vulg.

343 1857 363 1894 ὁ
391 1859 556 1908 ἔπαρχος
582 1859 612 1892 Α
642 1870 681 1900 e,
710 1855 883 1905 ὕπασχος
910 1858 1005 1904 vulg.

245 2015 335 2060 tum]
362 2020 615 2067 appellaverat
639 2020 898 2055 Philoxenum:
923 2020 1155 2067 eundemque
1184 2019 1327 2054 demum
1354 2019 1537 2067 baptismo
1567 2020 1731 2055 nondum

245 2069 430 2102 initiatum
456 2070 695 2114 comperiens,
723 2070 799 2102 eius
816 2069 1085 2103 ordinationem
1101 2069 1318 2115 baptismum
1347 2068 1529 2102 defectum
1558 2069 1731 2115 supplere

245 2117 377 2150 sanxit.
429 2123 613 2151 caeterum
640 2123 756 2150 rectae
779 2117 866 2150 fidei
906 2123 1153 2163 propu‹rnator
1185 2116 1399 2161 Euthymius
1425 2118 1656 2151 Anastasium
1682 2119 1733 2151 si-

245 2164 480 2206 lentiarium,
515 2166 578 2211 qui
604 2164 735 2198 deinde
776 2165 970 2211 imperium
1001 2178 1038 2199 es
1043 2171 1057 2199 t
1086 2165 1263 2211 adeptus,
1299 2165 1402 2199 velut
1436 2165 1657 2199 haereticum
1693 2171 1731 2200 et

245 2212 417 2256 Eutychis
444 2219 671 2254 sectatorem,
698 2225 741 2246 ex
768 2214 921 2247 ecclesia
941 2214 1061 2255 eiecit,
1088 2214 1157 2255 cui,
1188 2224 1299 2260 quum
1330 2213 1525 2260 plerasque
1543 2214 1729 2248 molestias

245 2261 421 2294 ecclesiae
443 2260 662 2294 inferentem
681 2261 836 2303 videret,
862 2263 971 2295 etiam
999 2273 1122 2295 eversa
1141 2261 1217 2294 eius
1234 2262 1271 2294 in
1296 2262 1471 2295 ecclesiae
1492 2267 1599 2295 coetu
1626 2263 1730 2304 sella,

244 2310 403 2342 minatus
440 2315 518 2349 est,
561 2309 599 2342 ni
633 2311 851 2355 quantocius
888 2309 1101 2352 desisteret,
1144 2310 1221 2342 eius
1263 2316 1373 2355 caput
1415 2321 1453 2344 se
1494 2322 1654 2344 rasurum
1693 2316 1731 2345 et

243 2357 284 2390 in
309 2357 458 2403 plebem
482 2356 745 2390 tratlucturuin.
781 2358 844 2391 ille
875 2358 1042 2403 querelas
1066 2357 1112 2391 ad
1137 2358 1389 2402 imperatorem
1417 2358 1571 2392 detulit:
1600 2364 1637 2392 et
1661 2358 1729 2392 ad-

242 2416 368 2450 versus
392 2404 634 2451 patriarcham
673 2405 776 2439 litem
804 2405 924 2438 evicit.
988 2406 1025 2438 in
1062 2405 1118 2439 his
1147 2407 1241 2439 Zeno
1270 2407 1474 2439 Marianum
1501 2407 1729 2440 litteratissi-

241 2465 341 2487 mum
368 2454 536 2487 comitem
573 2453 773 2497 interrogat
796 2453 889 2500 (erat
914 2454 942 2486 is
969 2454 1106 2499 quippe
1134 2459 1354 2488 secretorum
1380 2455 1565 2500 praescius
1605 2460 1643 2489 et
1669 2455 1730 2488 fu-

240 2507 323 2535 tura
349 2501 628 2550 vaticinabatur)
654 2503 735 2547 quis
768 2507 852 2556 post
879 2513 935 2534 me
965 2501 1190 2547 imperabit?
1241 2503 1440 2549 respondet
1472 2503 1566 2536 ille:
1600 2515 1644 2536 ex
1676 2504 1728 2537 si-

241 2548 423 2584 lenti-'ariis
446 2561 542 2583 unus
571 2561 719 2583 uxorem
749 2555 786 2582 et
818 2550 1008 2594 imperium
1038 2550 1209 2595 excipiet.
1261 2551 1455 2585 Patricium
1482 2562 1582 2592 vert),
1610 2551 1729 2585 virum

241 2598 407 2632 doctrina
436 2603 679 2644 praestantem
708 2602 745 2631 et
771 2597 922 2642 pietate,
954 2597 1149 2643 prudentia
1182 2609 1394 2645 morumque
1421 2599 1605 2646 probitate
1635 2611 1726 2633 con-

241 2647 405 2692 spicuum
429 2646 642 2692 proscripsit
678 2646 833 2686 iniuste,
876 2657 915 2678 ac
954 2645 1099 2679 demum
1135 2647 1173 2679 in
1203 2647 1409 2681 custodiam
1449 2648 1653 2682 coniectum
1678 2647 1724 2680 ab

241 2694 536 2735 excubitoribus,
563 2694 627 2740 qui
656 2694 776 2740 ipsum
802 2693 1060 2735 asservabant,
1085 2695 1240 2728 interfici
1271 2696 1387 2730 iussit.
1439 2707 1512 2741 quo
1540 2700 1726 2741 percepto,

239 2743 447 2787 praefectus
467 2742 641 2776 Arcadius
665 2741 828 2776 convicia
857 2742 896 2775 in
923 2742 1177 2787 imperatorem
1203 2744 1322 2788 misit3
1348 2742 1482 2790 quibus
1507 2743 1572 2777 ille
1598 2754 1726 2789 perce·-

240 2791 325 2835 ptis‚
353 2791 586 2825 accedentem
621 2791 659 2824 in
694 2790 868 2837 palatium
911 2790 1096 2825 mandavit
1131 2791 1260 2825 occidi.
1318 2792 1524 2838 praefectus
1550 2792 1658 2826 latam
1686 2791 1724 2825 in
