1786 3204
241 175 270 209 2
287 173 304 210 1
321 174 350 210 2
825 170 1173 215 THEOPHANIS

234 289 320 328 τος,
350 272 372 315 ὅ
401 268 607 329 βασιλεύς
643 275 717 328 τῆς
758 273 923 329 ἐξορίας
951 277 1030 327 μὲν
1057 277 1208 316 τοῦτον
1252 272 1549 327 ἀνεκαλέσατο,
1581 273 1642 323 εἷς
1670 273 1718 316 δὲ

230 340 501 397 Ἀντιόχειαν
531 342 736 384 ἀπελθεῖν
766 342 843 383 ούκ
874 343 1109 393 ἀπεδέξατο
1128 374 1140 395 ,
1170 338 1424 384 Παλλάδιον
1453 341 1502 382 δὲ
1524 355 1719 396 χειροτο-

234 411 420 465 νηθῆναι
447 410 493 452 ἐν
518 408 758 467 Ἀντιοχείᾳ
784 412 990 464 ἐποίησεν.
1054 407 1281 462 Εὕθύμιος
1311 409 1358 450 δὲ
1387 407 1411 448 ὅ
1441 410 1718 451 Κωνσταντι-

235 474 475 527 νουπόλεως
515 476 769 532 συναγαγών
805 474 904 527 τούς
949 477 1238 532 ἐνδημοῦντας
1268 472 1522 526 ἐπισκόπους
1564 473 1644 530 τήν
1671 475 1717 517 ἐν

97 550 133 583 Ρ.
156 542 480 601 ιι8Χαλκηδόνι
510 544 637 599 ἁγίαν
657 545 833 587 σύνοδον
863 546 1094 599 ἐκύρωσεν.
1150 542 1344 599 Ἰωάννης
1369 544 1415 586 δὲ
1446 542 1469 584 ὁ
1503 539 1753 599 Ταβεννη-5

230 613 390 670 σιώτης
420 617 465 658 ἐν
488 613 632 673 Ῥώμῃ
664 610 737 671 aiv,
767 610 947 670 ἤκουσεν
970 610 1033 656 ὅτι
1064 610 1085 655 ὃ
1114 609 1390 662 Ἀναστάσιος
1419 611 1710 666 ὲβασιλευσεν,

231 681 308 725 καί
334 678 465 738 ἦλθεν
489 684 550 732 εἰς
587 681 634 725 τὸ
667 682 936 736 Βυζάντιον,
976 677 1145 736 ἀγαθὰς
1181 680 1364 734 ἀμοιβὰς
1402 677 1584 732 ἐλπίζων
1611 679 1711 734 παρ’

230 751 378 805 αὐτοῦ,
411 752 507 793 ἄνθ’
531 744 590 794 ὧν
619 745 676 806 ἧν
711 752 757 793 ἐν
784 750 1088 808 Ἀλεξανδρείᾳ
1120 748 1357 803 πεποιηκώς
1399 747 1518 805 αύτῷ
1549 747 1712 789 οἰκονο-

227 821 344 872 μίαν,
378 816 427 860 ὃν
456 820 530 860 καί
557 816 716 873 γυμνὸν
746 816 829 859 ἀπὸ
863 817 1073 872 ναυαγίου
1107 812 1330 870 δεξάμενος
1371 814 1444 857 καὶ
1475 811 1710 870 συγκροτή-

228 902 310 936 σας
339 883 490 939 οὕτως,
511 884 569 936 ὥς
590 886 851 941 α’ναίσθητον
871 883 1004 928 αύτὸν
1021 887 1198 941 ποιῆσαι
1215 885 1289 940 τῆς
1311 883 1557 940 συμφορᾶς.
1582 881 1708 926 'slm-
1728 893 1775 920 ιο

227 952 404 1004 στάσιος
443 955 491 995 δὲ
523 950 710 1003 οἰκούσας
739 951 807 995 ὅτι
837 954 1111 1009 παρεγένετο,
1142 951 1422 1008 ἀγνωμοσύνῃ
1451 951 1586 1008 πολλῇ
1611 951 1709 992 τοῦ·

227 1036 301 1063 τον
329 1022 604 1075 ἐξορισθῆναι
634 1022 903 1077 προσέταξεν,
932 1023 1035 1076 μηδ’
1064 1017 1173 1070 ὅλως
1199 1017 1330 1084 αύτὸν
1359 1016 1592 1072 δεξάμενος.
1618 1018 1709 1061 Ἰω-

187 1087 355 1145 Βάννης
385 1090 432 1130 δὲ
459 1091 586 1131 τοῦτο
614 1089 838 1144 προγνούς,
866 1089 939 1132 ἐπὶ
959 1087 1126 1145 Ῥώμην
1144 1087 1317 1146 φεύγων
1337 1086 1539 1144 διεσώθη.

12 1165 215 1211 Α.Μ.5985
332 1157 500 1212 Ῥώμης
530 1154 764 1198 ἐπισκόπου
795 1154 1005 1199 Γελασίου
1034 1155 1126 1205 ἔτος
1156 1154 1214 1198 α’.

344 1222 484 1282 Τούτῳ
505 1226 564 1281 τῷ
593 1221 681 1266 ἔτει
706 1222 986 1273 Ἀναστιίσιος
1012 1222 1035 1265 ὁ
1060 1221 1265 1278 βασιλεύς
1283 1221 1385 1273 τούς
1412 1223 1458 1266 ἐν
1479 1224 1708 1266 Κωνσταν-
1727 1217 1774 1258 15

221 1290 462 1334 τινουπόλει
487 1291 708 1347 Ἰσαύρους
731 1289 804 1333 διὰ
835 1289 995 1341 πολλὰς
1033 1289 1213 1340 α’τοπίας
1231 1292 1416 1344 ἐδίωξεν,
1445 1289 1490 1334 οἳ
1515 1290 1710 1344 ἐξελθόν-

221 1374 291 1408 τες
316 1360 553 1414 τυραννίδα
596 1359 873 1414 ἐμελέτησαν.
946 1362 1154 1414 Λογγῖνος
1201 1360 1249 1402 δὲ
1276 1357 1299 1399 ὅ
1340 1356 1425 1400 ἀπὸ
1464 1358 1710 1414 μαγίστρων

224 1425 453 1481 συλλαβών
496 1424 676 1476 τούτους
699 1442 744 1469 τε
790 1425 865 1469 καί
891 1421 1025 1482 ἄλλην
1065 1425 1249 1480 δύναμιν
1275 1426 1507 1483 βαρβάρων
1535 1425 1610 1468 καί
1636 1430 1710 1484 λῃ.-

225 1496 338 1536 στῶν
379 1492 438 1543 ὥς
472 1495 771 1536 πεντεκαίδεκα
809 1495 1051 1549 μυριάδας,
1090 1489 1231 1536 ὅπλων
1270 1509 1315 1536 τε
1362 1493 1439 1536 καί
1475 1491 1710 1549 χρημάτων

184 1562 401 1620 (ἓεύπορίᾳ
432 1563 611 1618 θαρρῶν
641 1563 686 1605 ἐν
707 1557 902 1621 Ἰσαυρίᾳ
930 1558 1049 1619 παρὰ
1075 1561 1274 1618 Ζήνωνος
1314 1563 1595 1618 τεθειμένων,
1627 1569 1773 1604 noc-2⁰

324 1733 353 1756 ι.
382 1721 517 1760 τοῦτον
543 1721 625 1756 add.
657 1733 702 1757 ex
727 1723 769 1757 A.
908 1723 960 1764 εἰς
984 1722 1025 1759 δὲ
1048 1721 1147 1761 ’Art-
1177 1723 1219 1766 A,
1251 1723 1303 1764 εἰς
1321 1721 1418 1762 Ἀνῐ-
1448 1721 1489 1760 δὲ
1511 1722 1608 1768 vulg.

224 1882 333 1916 Fullo
373 1882 418 1916 ab
454 1883 565 1916 exilio
598 1883 830 1918 Antiochiam
869 1885 1054 1931 propriam
1089 1885 1212 1919 sedem
1238 1885 1398 1920 revocari
1424 1884 1704 1931 deprecabatur,

227 1943 335 1977 quem
362 1936 403 1965 ut
428 1932 658 1976 postliminio
685 1932 831 1974 rediret,
858 1945 932 1966 non
951 1940 1072 1968 tamen
1089 1933 1322 1968 Antiochiam
1348 1933 1611 1979 ingrederetur,
1639 1934 1710 1967 im·

225 1984 374 2024 perator
410 1980 596 2025 permisit;
639 1980 842 2013 Palladium
886 1982 1021 2015 etenim
1059 1982 1273 2015 Antiochiae
1304 1983 1509 2028 praesulem
1546 1981 1706 2016 ordinari

226 2027 426 2072 praecepit.
478 2026 562 2060 hinc
591 2027 805 2072 Euthymius
822 2029 976 2073 Cpoleos
1006 2031 1161 2075 praesul,
1190 2032 1334 2071 coactis,
1361 2030 1425 2076 qui
1449 2035 1526 2063 tum
1551 2030 1588 2063 in
1615 2030 1705 2063 urbe

227 2074 488 2116 versabantur,
519 2076 725 2121 episcopis,
752 2083 911 2109 sanctam
940 2077 1274 2111 Chalcedonensem
1309 2077 1487 2121 synodum
1517 2078 1710 2111 confirma-

228 2123 292 2156 vit.
344 2123 498 2155 Ioannes
523 2135 608 2156 vero
632 2123 906 2158 Tabennesiota
934 2127 1066 2159 Romae
1105 2126 1251 2170 degens,
1277 2126 1506 2159 Anastasium
1531 2126 1711 2171 imperare

230 2175 268 2204 et
302 2171 514 2214 Byzantium
554 2171 708 2205 audiens
736 2183 925 2218 occupare,
965 2180 1098 2219 gratam
1132 2174 1394 2207 beneficiorum
1423 2173 1711 2207 vicissitudinem

231 2217 278 2251 ab
306 2229 362 2260 eo,
388 2217 489 2264 quod
527 2214 613 2251 olim
641 2220 884 2253 Alexandriae
924 2233 1095 2255 summam
1120 2222 1159 2255 in
1186 2233 1267 2255 eum
1293 2222 1514 2256 exercuisset
1541 2221 1712 2255 humani-

230 2271 355 2308 tatem,
382 2277 492 2312 quem
523 2268 632 2299 etiam
659 2267 798 2300 nudum
823 2269 1012 2314 naufragio
1043 2275 1237 2315 exceperat
1264 2269 1430 2316 adeoque
1468 2270 1627 2315 benigue
1652 2270 1711 2303 so-

230 2320 345 2356 vcrat,
372 2320 413 2347 ut
436 2314 661 2348 miseriarum
682 2315 899 2350 reddidisset
923 2318 1181 2358 immemorem,
1207 2317 1253 2350 ad
1268 2329 1349 2351 eum
1375 2318 1554 2364 proficisci
1584 2317 1713 2351 decre-

230 2363 296 2396 vit.
328 2363 556 2396 ..Anastasius
582 2364 698 2396 virum
726 2364 879 2397 audiens
908 2366 1101 2406 accedere,
1131 2365 1270 2410 ingenti
1298 2377 1445 2412 prorsus
1471 2366 1605 2412 ingrati
1630 2366 1712 2399 ani-

231 2411 280 2444 mi
306 2410 395 2444 vitio
424 2411 532 2444 iussit
559 2413 701 2458 exulem
722 2412 790 2456 agi,
819 2423 886 2444 nec
914 2413 991 2446 solo
1019 2419 1217 2458 conspectu
1247 2413 1416 2458 dignatus
1442 2416 1623 2461 excipere.
1650 2415 1711 2449 Io-

232 2470 345 2493 annes
370 2469 408 2492 re
433 2459 624 2504 praescita,
652 2462 799 2493 Romam
831 2460 973 2505 fugiens
1000 2462 1110 2495 saluti
1136 2462 1332 2496 consuluit.
1683 2470 1685 2473 ’

43 2509 219 2557 Α.(Ξ.485
329 2508 463 2540 Romae
495 2508 657 2552 episcopi
684 2508 822 2541 Gelasii
849 2520 965 2541 annus
993 2509 1143 2554 primus.

329 2555 408 2588 Hoc
442 2565 539 2588 anno
564 2556 777 2589 Anastasius
812 2556 1011 2601 imperator
1047 2559 1189 2591 Isauros
1223 2557 1329 2603 Cpoli
1366 2562 1627 2591 commorantes
1663 2556 1710 2590 ob

232 2603 412 2649 pleraque
440 2602 548 2636 foeda
575 2603 620 2636 ab
648 2604 723 2637 illis
752 2603 908 2638 admissa
943 2604 1078 2650 flagitia
1105 2605 1193 2639 urbe
1220 2606 1346 2639 eiecit:
1373 2606 1437 2652 qui
1463 2610 1547 2651 post
1571 2604 1713 2638 disces-

234 2663 311 2684 sum
338 2651 568 2695 tyrannidem
592 2652 751 2685 excitare
777 2658 862 2686 suut
876 2652 1006 2687 moliti.
1057 2655 1242 2700 Longinus
1269 2665 1355 2687 vero
1381 2654 1608 2698 exmagister‚
1632 2653 1712 2686 istis

233 2710 313 2732 cum
346 2699 485 2744 ingenti
519 2698 753 2733 barbarorum
791 2711 832 2733 ac
873 2699 1099 2748 prac'donum
1138 2702 1374 2736 multitudine
1406 2701 1452 2735 ad
1492 2706 1638 2734 centum
1675 2704 1714 2734 et

235 2748 503 2793 quinquaginta
542 2748 658 2781 millia
705 2748 887 2790 collectis,
929 2755 967 2783 et
999 2761 1176 2783 armorum
1203 2756 1312 2795 atque
1346 2750 1593 2796 pecuniarum,
1623 2759 1712 2793 quas

235 2796 330 2829 Zeno
363 2795 400 2829 iu
424 2796 561 2830 Isauria
586 2802 806 2843 reposuerat,
825 2798 930 2844 copia
950 2797 1078 2841 stetim,
1105 2799 1142 2834 in
1157 2799 1360 2834 Isaurorum
1377 2797 1598 2844 provinciam
1623 2806 1712 2830 eon-
