1768 3106
264 149 379 227 570
805 175 1153 219 TquPHAle

262 270 458 315 λιππικόν
487 270 561 315 τὸν
589 271 684 316 υἱὸν
715 275 967 333 Νικηφόρου
1005 281 1085 319 τοῦ
1111 280 1339 333 πατρικίου
1369 281 1429 331 εἰς
1461 283 1739 340 Κεφαληνιάν

262 335 474 397 ἐξώρισεν,
505 338 562 391 ὥς
590 342 993 397 σ’νειροηολούμενον
1032 345 1299 399 βασιλεύειν·
1357 345 1518 404 ἔφασκε
1546 349 1626 405 γάρ
1658 349 1738 393 ἑω-

263 410 438 462 ρακέναι
467 412 561 451 κατ’
599 404 717 466 ὄναρ,
749 407 816 452 ἔτι
854 409 879 465 ἡ
911 411 1074 469 κεφαλὴ
1112 414 1252 456 αὐτοῦ
1291 414 1508 467 έσκιάζετο
1540 417 1622 460 ὑπὸ
1666 421 1739 460 αἐ-

222 476 352 520 Βτοῦ.
426 474 610 526 ἀκούσας
665 478 712 519 δὲ
766 479 904 521 ταῦτα
951 477 973 521 ὅ
1019 478 1241 537 βασιλεύς,
1297 485 1565 540 παραχρῆμα
1608 485 1740 530 αὐτὸν

262 541 480 599 ἐξώρισεν.
1750 558 1768 598 5

48 619 245 667 A.M.6195
377 609 523 670 Τούτῳ
554 613 610 669 τῷ
638 610 724 655 ἔτει
763 612 1020 657 ἐστασίασαν
1061 614 1100 657 οἱ
1139 610 1339 670 ἄρχοντες
1370 615 1598 673 Ἀρμενίας
1627 620 1737 664 κατὰ

255 678 341 720 τῶν
369 679 654 736 Σαρακηναῖν,
695 682 769 724 καί
792 680 888 732 τοὺς
914 683 959 725 έν
992 682 1206 741 Ἀρμενίᾳ
1235 686 1517 740 Σαρακηνούς
1545 686 1738 732 ἀπέκτει-

255 761 348 788 ναν.
406 745 482 788 καί
496 741 625 797 αὖθις
654 747 762 804 πρὸς
790 748 864 793 τὸν
887 745 1145 806 Ἀψίμαρον
1173 753 1426 808 πέμπουσιν,
1456 755 1530 796 καί
1550 753 1735 808 Ῥωμαί-

256 828 331 864 ους
359 813 420 864 εἶς
448 812 527 869 τήν
556 815 700 858 αὐτῶν
725 815 876 871 χώραν
907 820 1124 875 φέρουσιν.
1159 818 1181 861 ὁ
1217 821 1266 866 δὲ
1282 821 1504 872 ΙΡΙουαμὲὸ
1532 822 1734 876 ἐπιστρα-

118 892 162 926 V.
174 891 241 938 248
256 881 409 931 τεύσας
435 883 528 924 κατ’
558 882 715 940 αὐτῶν,
743 884 925 935 πολλοὺς
950 889 1122 928 κτείνει·
1189 886 1263 929 καὶ
1289 882 1366 942 τὴν
1392 889 1472 941 μὲν
1495 887 1764 942 ’Λρμενιάνι

253 951 515 1005 Σαρακηνοῖς
542 948 796 1008 ὖποτάσσει,
854 950 953 1002 τούς
988 954 1036 996 δὲ
1078 952 1330 1008 μεγιστάνας
1366 953 1608 1010 Ἀρμενίας
1649 973 1734 998 σω-

253 1014 412 1070 ρεύσας
440 1019 486 1060 έν
523 1017 637 1076 τόπῳ
674 1015 738 1061 ἔνι’
784 1018 1082 1073 ζωοκαύστους
1124 1023 1331 1078 ἐποίησεν.
1405 1024 1495 1064 κατ’
1522 1022 1653 1066 αὐτὸν
1686 1025 1734 1065 δὲ

250 1083 326 1125 τὸν
350 1083 508 1140 χρόνον
547 1084 879 1143 ἐπεστράτευσεν
910 1087 1056 1143 Ἀζάρ
1098 1090 1149 1147 τῇ
1180 1093 1356 1149 Κιλικίᾳ
1384 1088 1494 1143 μετά
1523 1090 1734 1146 χιλιάδων

210 1151 353 1197 Οδέκα
372 1169 384 1180 ·
441 1153 515 1195 καί
542 1154 783 1208 περιτυχών
813 1156 928 1214 αὐτῷ
956 1154 1251 1212 ὁ“Ηράκλειος
1280 1156 1303 1199 ὁ
1337 1156 1523 1215 α’δελφὸς
1551 1158 1628 1200 τοῦ
1655 1161 1733 1212 βα-

249 1220 402 1270 σιλέως
433 1218 533 1271 τούς
563 1224 787 1272 πλείστους
817 1223 1072 1281 α’πέκτεινεν,
1101 1227 1175 1267 καί
1199 1225 1300 1276 τοὺς
1331 1223 1506 1275 λοιπούς
1535 1226 1763 1281 δεσμίους-ι

253 1288 312 1344 τῷ
332 1290 510 1342 βασιλεῖ’
533 1283 796 1332 ἀπέστειλεν.

36 1361 236 1410 A.M.6196
364 1355 509 1414 Τούτῳ
538 1357 594 1415 τῷ
633 1355 717 1399 ἔτει
736 1353 923 1413 ”Αζιβος
951 1355 974 1401 ὅ
1005 1361 1080 1402 τοῦ
1123 1361 1290 1403 Χουνεῖ·
1321 1358 1651 1416 ἐπεστράτευσεν
1678 1360 1732 1417 τῇ

248 1425 448 1481 Κιλικίᾳ,
490 1423 566 1466 καί
591 1426 876 1481 πολιορκήσας
908 1426 954 1469 τό
985 1427 1128 1470 Σίσιον
1158 1426 1342 1484 κάστρον
1369 1428 1625 1482 κατέβαλεν·
1685 1424 1733 1469 ὃν

245 1492 479 1545 κατέλαβεν
518 1489 541 1533 o‘
580 1493 657 1535 τοῦ
685 1495 898 1547 βασιλέως
927 1492 1116 1551 ἀδελφὸς
1141 1492 1418 1552 Ἱ-Ῑράκλειος,
1444 1496 1517 1536 καί
1545 1491 1731 1549 πολεμή-

246 1573 326 1606 σας
357 1557 492 1600 αιῗτὸν
531 1561 682 1602 κτείνει
726 1559 894 1603 δώδεκα
933 1558 1132 1616 χιλιάδας
1164 1560 1386 1616 Ἀράβων.
1442 1564 1519 1604 τοῦ
1548 1562 1595 1603 δὲ
1624 1561 1767 1604 'Iov-2

246 1628 467 1668 στινιανοῦ
506 1627 552 1669 ἐν
583 1629 785 1684 Χερσῶνι
826 1627 1064 1686 διάγοντος,
1104 1632 1180 1671 καί
1209 1630 1548 1685 δημηγοροῦντος
1576 1625 1732 1671 ἑαυτὸν

203 1695 377 1736 Βπάλιν
403 1692 648 1748 βασιλεύειν
676 1696 910 1753 μέλλοντα,
961 1695 1000 1739 οἱ
1029 1699 1112 1739 ταῖν
1149 1699 1285 1740 ἐκεῖσε
1323 1695 1536 1754 οἰκήτορες
1572 1695 1645 1740 τὸν
1685 1698 1730 1739 ἑκ

352 1836 404 1858 ιι.
430 1826 688 1873 μεγιστάνους
713 1828 739 1861 f.
890 1839 942 1861 12.
975 1828 1212 1870 ζωκαύστους
1238 1830 1277 1862 Α.
1436 1839 1490 1876 17-
1518 1828 1731 1871 ΧουνεῖἈ,

345 1878 494 1918 Χουνέη
520 1875 614 1920 vulg.
718 1878 771 1912 18.
796 1878 1017 1922 κατέβαλεν·
1048 1874 1093 1914 ὃν
1116 1889 1186 1911 oni.
1212 1878 1253 1911 A.

248 1994 344 2028 tricii
361 1994 476 2029 filium
497 1995 535 2030 in
545 1997 808 2042 Cephaloniam
835 1998 1020 2043 relegavit,
1047 1998 1146 2045 quod
1169 1998 1321 2045 imperio
1337 2008 1375 2032 se
1392 1996 1613 2044 quandoque
1627 1996 1728 2041 poti-

249 2048 370 2076 turum
393 2045 619 2078 somniasset.
672 2051 783 2091 caput
800 2047 894 2080 enim
921 2058 1025 2080 suum
1055 2046 1198 2092 aquilae
1225 2046 1354 2092 pennis
1383 2044 1638 2080 obumbratum
1665 2056 1730 2090 per

251 2101 416 2124 somnum
444 2103 482 2125 se
506 2092 638 2127 vidisse
662 2093 856 2128 asserebat.
905 2094 963 2128 his
981 2094 1116 2128 auditis
1142 2095 1336 2141 imperator
1362 2105 1442 2128 eum
1471 2093 1663 2127 confestim
1690 2093 1731 2126 in

251 2138 403 2172 exilium
434 2139 616 2185 deportari
645 2143 775 2175 sanxit.

65 2185 156 2220 A.C.
168 2188 239 2233 695
347 2187 424 2220 Hoc
448 2198 543 2221 anno
570 2190 759 2223 Armeniae
786 2189 974 2235 primores,
1000 2190 1157 2223 tumultu
1189 2190 1226 2222 in
1244 2189 1441 2223 Saracenos
1468 2188 1636 2228 excitato,
1661 2188 1728 2221 Sa·-

253 2245 402 2268 racenos
429 2246 494 2280 per
523 2237 727 2271 Armeniam
760 2238 949 2271 universos
986 2237 1219 2277 occiderunt,
1253 2242 1290 2269 et
1325 2236 1511 2279 legatione
1538 2247 1658 2270 rursus
1683 2235 1729 2268 ad

251 2283 479 2328 Apsimarum
513 2283 705 2326 destinata,
744 2286 924 2318 Romanos
950 2285 988 2318 in
1012 2297 1110 2319 suam
1134 2284 1355 2331 provinciam
1380 2283 1571 2317 inducunt.
1621 2283 1727 2316 Mua-

251 2330 335 2364 med
363 2335 481 2364 autem
508 2332 742 2376 expeditione
767 2333 806 2367 in
832 2344 894 2366 eos
920 2339 1084 2378 suscepta
1109 2333 1284 2378 plurimos
1309 2343 1353 2365 ex
1378 2332 1428 2365 eis
1458 2331 1579 2373 delet,
1601 2337 1638 2365 et
1662 2332 1728 2364 Ar-

252 2379 409 2413 meniam
438 2379 568 2413 iterum
584 2379 770 2414 Saracenis
799 2380 961 2422 subiicit,
987 2381 1248 2425 Armeniosque
1273 2391 1441 2425 proceres
1467 2391 1579 2413 unum
1607 2379 1644 2412 in
1670 2379 1727 2412 lo-

252 2439 333 2460 cum
361 2426 534 2461 collectos
576 2439 699 2462 omnes
725 2429 825 2462 vivos
852 2428 1064 2463 combussit.
1130 2427 1196 2461 sub
1218 2427 1255 2461 id
1286 2433 1427 2474 tempus
1451 2427 1542 2461 Azar
1566 2433 1727 2460 armato-

253 2487 332 2508 rum
355 2475 519 2509 millibus
557 2473 682 2509 decem
718 2488 838 2509 secum
863 2476 981 2510 ductis
1018 2476 1170 2510 Ciliciae
1208 2475 1347 2510 bellum
1385 2475 1534 2510 intulit:
1560 2475 1727 2508 cuicum

251 2523 438 2557 lleraclius
462 2523 691 2569 imperatoris
730 2523 842 2558 frater
875 2524 1019 2558 obviam
1054 2524 1172 2558 factus
1199 2524 1338 2565 fuisset,
1375 2523 1551 2570 plurimos
1577 2534 1620 2556 ex
1646 2523 1726 2556 eius

148 2589 153 2593 -
252 2572 368 2617 copiis
394 2572 610 2617 prostravit,
636 2572 797 2617 reliquos
822 2583 906 2605 vero
931 2572 1070 2606 vinctos
1095 2571 1140 2605 ad
1169 2572 1422 2618 imperatorem
1450 2570 1661 2605 transmisit.

68 2625 240 2671 A‚C,696
347 2619 425 2652 Hoc
451 2630 546 2653 anno
573 2619 704 2653 Azibus
730 2619 873 2653 Chunei
906 2620 1003 2654 filius
1031 2620 1070 2652 in
1096 2619 1259 2653 Ciliciam
1285 2631 1381 2653 arma
1408 2619 1544 2660 movit,
1571 2619 1726 2652 Sisium-

252 2678 324 2712 que
349 2672 505 2700 castrum
538 2667 728 2701 obsidione
757 2673 1002 2714 expugnatum
1027 2666 1217 2701 subvertit.
1244 2680 1326 2702 eum
1353 2666 1541 2701 Heraclius
1568 2666 1726 2712 impera-

251 2715 340 2748 toris
368 2715 478 2748 frater
502 2715 652 2760 paribus
672 2716 778 2749 armis
802 2716 1020 2761 aggreditur,
1044 2726 1240 2761 pugnaque
1267 2721 1444 2755 conserta,
1461 2713 1615 2748 Arabum
1632 2712 1727 2746 duo-

252 2762 370 2795 decim
399 2763 514 2796 millia
538 2763 720 2809 profligat.
771 2764 917 2798 interim
943 2763 1166 2798 Iustinianus
1192 2763 1398 2797 Chersonae
1425 2763 1559 2806 degens
1583 2760 1727 2807 imperii

253 2816 394 2857 sceptra
423 2810 545 2845 denuo
570 2811 642 2846 sibi
680 2822 760 2846 cum
797 2818 979 2859 potestate
1011 2811 1270 2846 committenda
1303 2811 1514 2851 enuncians,
1550 2810 1629 2843 eius
1655 2808 1725 2842 loci
