1768 3106
256 130 370 186 500
822 144 1174 189 THEOPHANIS

249 253 351 306 μεθ’
383 247 544 292 ἑαυτοῦ
580 248 653 292 τὸν
692 250 933 303 ῙΙἸερδασᾶν
972 253 1046 293 καί
1071 249 1150 305 τὴν
1187 251 1371 306 Σειρέμ,
1403 251 1476 292 καί
1508 248 1578 293 τὸν
1613 245 1741 293 ἄλλον

251 320 389 374 αὐτῆς
421 315 635 372 Σαλιαρόν
657 334 667 346 ·
741 316 815 360 τὸν
843 319 889 360 δὲ
917 315 1184 372 πρωτότοκον
1213 318 1351 359 αὐτοῦ
1374 317 1469 361 υἱὸν
1483 317 1641 374 Σιρόην
1671 318 1744 361 καὶ

251 384 353 436 τοὺς
383 385 599 442 ἀδελφούς
627 386 762 427 αὐτοῦ
806 386 880 426 καί
916 383 993 435 τὰς
1022 391 1229 440 γυναῖκας
1266 386 1400 428 αὐτοῦ
1433 386 1575 429 εἴασεν
1606 388 1742 441 πέραν

251 457 330 497 τοῦ
359 456 568 508 ποταμοῦ.
640 455 714 495 καί
741 452 867 508 γνοὺς
907 453 1086 508 Σιρόης,
1133 450 1201 495 ὅτι
1239 454 1314 495 τὸν
1352 456 1598 510 Μερδασᾶν
1624 457 1742 496 θέλει

251 524 423 577 στέψαι,
455 518 702 576 έταροίχθη”
761 522 833 562 καί
860 518 1053 574 ἔπεμψεν
1070 519 1138 563 τὸν
1166 519 1453 576 συγγοὶλακτον
1472 521 1608 564 αὑτοῦ
1637 521 1768 577 πρὸςῇ

251 586 615 644 Γουνδαβούναν,
662 587 858 644 δηλώσας
888 588 1017 647 αὐτῷ,
1063 585 1125 630 ὅτι
1145 605 1157 618 ·
1217 590 1318 632 ἐλθὲ
1346 590 1482 646 πέραν
1513 590 1590 631 τοῦ
1611 605 1742 631 ποτα..

250 659 348 714 μοῦ,
382 658 453 700 ἵνα
483 654 682 710 συντύχω
711 671 791 698 σοι.
851 655 873 696 ὖ
905 657 951 697 δὲ
981 658 1021 698 Γ
1021 655 1308 710 ουνδαβούνας
1341 655 1538 714 ἐφοβήθη
1567 656 1639 699 διὰ
1672 655 1743 699 τὸν

253 723 455 781 Χοσρόην
487 726 701 780 περᾶσαι·
776 723 851 766 καί
892 726 1019 779 δηλοῖ
1053 723 1183 783 αὐτῷ,
1215 721 1303 767 ὅτι·
1368 724 1535 780 γράψον
1562 740 1637 779 μοι
1669 724 1742 767 διὰ

119 801 154 835 Ρ.
172 794 330 849 αῃιτοῦ
363 790 661 846 συγγαλάκτου
692 807 785 847 σου,
817 790 863 834 εἴ
899 809 939 834 τι
978 794 1137 842 θέλεις.
1207 794 1281 834 καί
1308 790 1496 848 ἔγραψεν
1526 793 1642 849 αὐτῷ
1670 795 1743 835 Σι-

251 857 368 916 ρόης,
397 855 487 902 ὅτι·
547 859 778 915 γινώσκεις,
813 862 903 910 πῶς
931 857 957 916 ἦ
988 862 1183 903 πολιτεία
1223 862 1308 903 τῶν
1330 862 1517 915 Περσῶν
1551 857 1768 903 ἀπώλετοι

254 931 302 971 ἐκ
330 930 414 970 τοῦ·
437 930 572 970 κακοῦ
597 926 832 984 ἀνθρώπου
857 926 1070 984 Χοσρόου,
1101 929 1175 970 καί
1203 930 1323 970 θέλει
1344 930 1504 981 στέψαι
1528 927 1598 971 τὸν
1617 931 1744 981 Μερ-

257 998 406 1053 ὃασοῖν,
437 998 510 1038 καί
538 998 614 1050 ἐμὲ
642 995 717 1038 τόν
739 994 1005 1052 πρωτότοκον
1026 997 1163 1038 αυ’τοῦ
1192 994 1287 1039 υἱὸν
1309 994 1644 1053 περιεφρόνησε·
1673 996 1747 1037 καί

255 1063 332 1108 ἐὰν
358 1065 542 1123 λαλήσῃς
569 1066 629 1122 τῷ
662 1066 841 1122 στρατῷ,
871 1066 941 1106 ἵνα
971 1066 1179 1115 δέξωνταί
1197 1080 1266 1118 με,
1293 1066 1368 1106 καί
1391 1063 1467 1113 τὰς
1499 1063 1633 1121 ῥόγας
1663 1065 1745 1105 αύ-

255 1134 340 1175 τῶν
368 1131 605 1188 ἐπαυξῆσαι
636 1130 736 1190 ἔχω,
769 1134 845 1175 καί
863 1131 1032 1189 εἰρήνην
1062 1133 1171 1174 ποιῶ
1196 1132 1300 1187 μετὰ
1331 1133 1408 1175 τοῦ
1427 1133 1637 1187 βασιλέως
1659 1133 1746 1174 τῶν

251 1199 504 1254 Ῥωμαίων·
565 1201 641 1242 καί
677 1202 818 1250 καλῶς
862 1198 1017 1255 ἔχομεν
1050 1202 1191 1256 ζῆσαι.
1265 1200 1339 1243 καί
1366 1198 1610 1243 σπούδασον
1635 1197 1768 1253 μετὰ]

255 1269 332 1310 τοῦ
364 1269 473 1310 λαοῦ
500 1284 592 1323 σου,
620 1270 690 1310 ἵνα
717 1266 797 1323 ἐγώ
830 1266 1075 1322 βασιλεύσω
1093 1286 1103 1295 ·
1161 1267 1236 1310 καί
1262 1266 1425 1318 πάντας
1450 1267 1566 1321 ὑμᾶς
1591 1271 1744 1324 προβι-

255 1336 388 1387 βάσαι
420 1333 508 1391 ἔχω
535 1337 610 1379 καί
655 1339 963 1393 συγκροτῆσαι,
1002 1337 1078 1378 καί
1115 1338 1409 1392 κατεξαίρετον
1450 1338 1511 1378 σέ.
1583 1337 1655 1378 καί
1682 1331 1746 1378 ὅτι

218 1401 457 1460 worp-moa
486 1404 602 1463 αὐτῷ
634 1401 705 1446 διὰ
738 1407 814 1446 τοῦ
854 1402 1150 1459 συγγαλοίκτου
1182 1396 1334 1461 αὐτοῦ,
1369 1401 1446 1461 ὅτι,
1475 1402 1521 1446 εἴ
1543 1420 1586 1446 τι
1615 1402 1748 1445 δύνα-

258 1490 360 1528 μαι,
392 1474 573 1528 λαλῆσαι
605 1470 693 1528 ἔχω
735 1470 809 1515 τὸν
837 1470 1016 1528 στρατὸν
1046 1474 1121 1515 καί
1153 1473 1389 1527 μοχθῆσαι,
1448 1474 1523 1514 καί
1552 1469 1620 1514 ὅτι
1648 1470 1745 1513 ἑλά-

260 1544 369 1597 ληοα
400 1538 534 1583 εἴκοσι
565 1538 644 1583 δύο
670 1537 871 1597 κόμητας,
893 1541 966 1582 καί
986 1540 1166 1597 ἐποίησα
1192 1539 1347 1590 αὐτοὺς
1365 1542 1442 1597 τῆς
1459 1538 1628 1596 γνώμης
1645 1554 1768 1596 μου,τ

357 1697 389 1719 2.
420 1684 546 1733 αὐτῆς]
578 1685 696 1722 αὐτοῦ
725 1686 748 1720 f.
846 1688 877 1721 3.
908 1689 1038 1723 εἴασεν
1061 1686 1103 1730 Α,
1125 1686 1244 1726 ἐάσας
1266 1686 1360 1731 vulg.
1478 1687 1512 1721 8.
1538 1685 1640 1733 αὐτῷ
1664 1684 1689 1717 Α
1717 1685 1742 1725 f,

359 1730 474 1770 αὒιὸν
498 1736 593 1780 vulg.
715 1749 750 1781 9·
779 1737 817 1771 εἴ
837 1735 886 1784 τι]
918 1733 977 1770 ὅτι
1000 1736 1025 1769 f.
1128 1747 1180 1769 ιο.
1210 1734 1293 1774 πῶς
1316 1733 1399 1767 add.
1428 1744 1471 1766 ex
1498 1735 1528 1768 A
1558 1745 1589 1768 e.
1691 1734 1742 1766 13.

358 1783 410 1829 τῷ
441 1783 586 1831 στρατῷ
612 1784 668 1826 A,
696 1781 763 1821 τὸν
789 1782 953 1830 στρατὸν
975 1784 1072 1828 vulg.
1212 1786 1264 1818 16.
1292 1782 1526 1831 προβιβάσαι
1559 1783 1606 1824 Α,
1636 1780 1742 1827 duas.

356 1831 451 1877 vulg.
582 1844 633 1879 ¹7·
663 1832 745 1867 fort.
771 1835 851 1868 κατ’
882 1834 1085 1880 ἐξαίρετον-

263 1976 375 2008 alium
403 1988 447 2010 ex
471 1987 513 2009 ea
539 1982 678 2019 natum,
706 1979 951 2024 primogenito
967 1979 1081 2020 Siroii,
1110 1983 1146 2011 et
1171 1978 1246 2011 eius
1270 1976 1452 2019 fratribus,
1477 1984 1545 2010 nec
1562 1987 1638 2010 non
1665 1976 1744 2009 aliis

263 2024 479 2068 coniugibus
508 2030 611 2059 transf
638 2026 773 2060 flumen
814 2028 950 2061 relictis
968 2053 977 2069 ‚
1016 2038 1135 2060 secum
1162 2026 1262 2060 tulit..
1313 2037 1421 2072 porro
1449 2025 1581 2066 Sin-055³,
1608 2023 1669 2057 ubi
1697 2024 1744 2058 de

263 2072 376 2105 fratre
402 2074 440 2105 iu
468 2084 587 2117 regem
616 2075 823 2109 coronando
850 2077 962 2121 patris
995 2075 1187 2108 consilinm
1215 2074 1404 2120 comperit,
1430 2073 1551 2105 animo
1582 2084 1744 2106 commo-

261 2126 343 2161 tus,
375 2121 640 2154 collactaneum
682 2135 785 2156 suum
826 2124 871 2156 ad
909 2123 1167 2157 Gundabnsam
1194 2123 1304 2163 misit,
1342 2121 1559 2166 scripsitque
1586 2122 1624 2153 in
1654 2121 1745 2154 hanc

263 2169 494 2202 sententiam.
544 2171 626 2202 veni
665 2176 761 2205 trans
786 2172 957 2212 fluvium,
997 2177 1034 2205 et
1068 2177 1103 2204 te
1131 2172 1309 2215 alloquar.
1362 2168 1602 2202 Gundabusas
1626 2169 1746 2203 Chos-

264 2216 336 2249 rois
363 2222 461 2250 metu
491 2219 644 2251 transire
672 2219 896 2253 detrectavit.
947 2220 1063 2265 solum
1089 2219 1286 2264 significat:
1337 2217 1453 2251 scribe
1482 2229 1547 2263 per
1571 2218 1744 2251 collacta-

263 2275 372 2298 neum
398 2269 513 2306 tuum,
540 2266 567 2298 si
595 2266 684 2311 quid
709 2279 729 2300 a
753 2279 810 2301 me
838 2268 1014 2313 exposcis.
1063 2267 1245 2312 rescripsit
1269 2265 1406 2299 Siro'cs:
1456 2266 1639 2300 Persarum
1668 2278 1744 2299 rem

265 2312 451 2358 publicam
480 2314 611 2347 nefarii
642 2315 744 2348 istius
775 2315 933 2349 hominis
951 2315 1120 2349 Chosrois
1142 2326 1254 2359 opera
1281 2314 1433 2359 periisse
1461 2315 1616 2348 novisti:
1646 2325 1744 2348 nunc

265 2360 468 2394 Mer-(lasani
497 2362 595 2405 regni
628 2374 761 2396 corona
794 2364 987 2408 insignire,
1011 2375 1067 2396 me
1100 2363 1380 2408 primogenitum
1405 2363 1554 2396 omnino
1580 2368 1745 2396 contem-

264 2410 346 2455 ptui
374 2408 583 2442 habendum
628 2411 747 2452 velle,
777 2418 875 2445 certo
902 2413 1004 2446 scias.
1056 2411 1253 2444 exercitum
1291 2411 1515 2457 alloquutus,
1542 2422 1660 2455 regem
1688 2422 1744 2444 me

267 2457 452 2502 suscipiat,
480 2458 509 2490 si
538 2457 710 2499 volueris,
739 2459 883 2492 efficies.
936 2471 1015 2504 ego,
1043 2459 1072 2492 si
1104 2470 1251 2504 regnum
1276 2459 1465 2504 adipiscar,
1492 2459 1650 2493 militum
1681 2459 1745 2492 sti-

265 2505 403 2552 pendia
432 2506 622 2539 confestim
649 2507 813 2552 augebo,
850 2512 887 2540 et
911 2519 992 2540 cum
1024 2509 1264 2541 Romanorum
1292 2508 1510 2553 imperatore
1533 2507 1623 2541 mihi
1648 2507 1746 2553 pacis

268 2553 400 2587 foedus
425 2554 514 2595 erit,
543 2559 579 2587 et
600 2566 772 2601 prospere
800 2561 928 2588 cuncta
953 2555 1160 2589 succedent.
1222 2562 1263 2589 ut
1290 2556 1402 2600 igitur
1435 2566 1583 2601 regnum
1616 2556 1744 2589 nanci-

268 2612 356 2642 scar,
386 2602 565 2635 exercitus
591 2613 701 2649 opera
730 2603 852 2637 effice:
882 2609 919 2637 et
947 2609 989 2637 ut
1010 2615 1075 2637 vos
1094 2609 1204 2650 teque
1222 2605 1324 2638 velut
1349 2604 1444 2637 inter
1463 2604 1623 2650 reliquos
1639 2615 1745 2649 prae-

267 2651 415 2695 cipuum
443 2650 642 2685 honoribus
672 2657 709 2685 et
729 2652 860 2698 opibus
889 2663 1053 2697 augeam,
1081 2658 1117 2685 et
1141 2664 1253 2698 penes
1270 2664 1326 2686 me
1353 2652 1542 2694 retineam,
1567 2663 1744 2698 nusquam

269 2697 394 2731 deero.
446 2697 536 2743 haec
567 2699 643 2733 ille.
682 2711 747 2745 ego
789 2712 874 2735 vero
902 2700 1118 2734 collactanei
1157 2701 1317 2735 eiusdem
1357 2711 1445 2734 voce
1471 2712 1575 2741 usus,
1615 2701 1742 2734 retuli:

269 2745 371 2791 quod
397 2753 560 2792 potestas
587 2749 766 2793 suggerit,
804 2754 844 2783 ut
870 2749 1069 2782 exercitum
1103 2749 1141 2782 in
1167 2749 1354 2796 colloquio
1383 2748 1588 2790 sollicitem,
1627 2754 1664 2781 et
1690 2748 1743 2781 tui

269 2795 383 2839 gratia
413 2795 588 2840 laborem,
612 2797 800 2843 polliceor.
853 2797 922 2831 iam
949 2798 1096 2832 comites
1128 2796 1219 2832 duos
1245 2809 1285 2832 ac
1305 2797 1430 2843 viginti
1455 2797 1676 2843 alloquutus,
1702 2807 1743 2829 ac
