1768 3106
254 129 372 198 408
810 141 1156 185 THEOPHANIS

255 245 308 292 οὗ
323 251 608 303 ἐβασίλευσεν,
621 243 807 304 τρόπαια
823 245 1057 299 πεποίηκεν,
1075 240 1148 283 καί
1162 235 1241 282 δ’σα
1255 239 1526 295 εὔεργέτησεν
1536 239 1727 293 Πέρσας,

255 320 330 359 καί
349 313 461 366 ὅπως
488 315 703 371 Τοὺρκους
730 313 784 371 τῇ
801 312 990 365 Περσίδι
1007 308 1171 365 φόρους
1197 310 1330 349 τελεῖν
1351 308 1583 362 πεποίηκεν,
1614 305 1728 348 εΡω..

256 383 410 436 μαίους
439 385 486 426 δὲ
527 383 696 438 εἰρήνης
736 381 851 436 ε’ρᾷν,
891 375 964 419 καί
987 374 1104 426 ὅπως
1133 373 1209 430 τήν
1239 370 1571 429 Μαρτυρόπολιν
1603 375 1730 427 παρέ-

218 455 398 508 Βλαβεν,
425 452 499 492 καί
527 448 603 498 τὰς
629 445 828 505 πατρῴας
846 444 1062 501 ἀριστείας
1090 440 1339 497 ἐξήγγειλεν.
1396 439 1517 494 ἤξιόυ
1548 440 1594 482 δὲ
1625 439 1731 481 (ἶπο-

254 518 610 574 χειροτονηθῆναι
655 510 855 568 Χοσρόην
907 514 983 566 τῆς
1023 509 1267 565 βασιλείας,
1308 507 1366 557 ὥς
1396 505 1620 564 φιλάδεκον
1659 508 1766 556 καὶ5

258 581 496 642 ἄπληστον,
532 583 606 623 καί
649 579 894 634 αἱμοχαρῆ,
932 573 1213 632 ὖπεροπτικόν
1242 590 1288 617 τε
1326 572 1400 617 καὶ
1427 572 1632 630 ὑβριστὴν
1661 575 1734 615 καί

259 650 568 708 φιλοπόλεμον·
597 647 768 690 ὑπεῖναι
800 648 846 688 δὲ
881 645 1000 702 αὐτῷ
1028 646 1184 700 παῖδα,
1214 644 1287 685 καί
1313 645 1457 686 τοῦτον
1484 643 1647 695 μᾶλλον
1673 642 1735 690 εἰς

257 720 438 774 βασιλέα
468 717 831 772 προχειρίσασθαι
860 712 1103 768 παρεκάλει.
1169 708 1354 766 Βινὸόης
1384 711 1431 752 δὲ
1462 707 1568 764 πρὸς
1589 707 1734 763 ‘oppa'-

259 787 366 828 σὸάν
395 785 623 838 ἀντέλεγεν,
652 781 727 824 καί
753 780 804 823 τά
841 778 993 822 τούτου
1025 776 1261 836 σφάλματα
1302 779 1363 827 εἷς
1390 779 1520 832 μέσον
1547 779 1735 831 προβαλ-

261 852 434 906 λόμενος
481 848 641 900 πάντας
674 849 885 904 διήγειρεν
915 845 1022 889 κατὰ
1061 849 1141 888 τοῦ
1167 845 1401 901 Ὁρμίσδα·
1461 845 1534 886 καί
1561 839 1766 899 ἄγουσιν,

263 921 323 969 εἰς
346 922 475 973 μέσον
503 918 579 973 τήν
598 933 644 959 τε
672 922 851 972 γυναῖκα
875 912 1106 970 Ὁρμίσὸου
1135 915 1210 956 καί
1225 911 1300 955 τὸν
1332 910 1448 955 υἱόν·
1507 910 1580 953 καί
1601 917 1685 960 τοῖς
1716 915 1736 933 *

263 985 574 1040 προσειωθόσιν
602 986 667 1025 ἐπ’
699 979 852 1036 ὄψεσιν
874 979 1106 1035 Ὁρμίσδου
1128 982 1302 1029 τούτους
1317 979 1638 1034 ἐδιχοτόμησαν.
1665 977 1738 1020 τὸν

223 1055 311 1099 (Σδὲ
331 1052 565 1106 Ὁρμίσὸαν
592 1047 904 1107 τυφλώσαντες,
932 1050 985 1105 τῇ
1015 1050 1188 1106 φρουρᾷ
1217 1048 1482 1089 ὲναπέθεντο.
1511 1045 1585 1088 καί
1612 1043 1633 1087 ὃ
1659 1047 1739 1099 μὲν

266 1119 464 1175 Χοσρόης
495 1113 600 1173 ἄχρι
631 1115 746 1166 τινὸς
776 1115 850 1159 τὸν
887 1117 1050 1168 πατέρα
1082 1112 1420 1171 ἐφιλοφρόνησεν
1448 1115 1492 1155 ἐν
1520 1115 1572 1171 τῇ
1603 1128 1739 1170 φρου-

265 1189 334 1243 ρᾷ,
364 1188 504 1228 πᾶσαν
531 1183 683 1240 ἡδονὴν
710 1185 933 1238 παρέχων·
992 1179 1014 1223 ὃ
1058 1183 1104 1224 δὲ
1125 1182 1358 1238 Ὁρμίσδας
1396 1178 1547 1235 ὕβρεσι
1591 1181 1768 1227 τοῦτον]

126 1259 170 1295 V.
189 1261 254 1307 178
268 1253 480 1309 ἠμείβετο,
514 1253 767 1294 καταπατῶν
793 1252 845 1292 τὰ
876 1248 957 1292 ὑπὸ
987 1252 1063 1292 τοῦ
1099 1251 1308 1304 βασιλέως
1336 1247 1596 1303 πεμπόμενα.
1614 1248 1742 1303 ’ὄργι-

271 1322 390 1371 aasz}
422 1321 468 1362 δὲ
498 1318 518 1360 ὅ
548 1317 747 1375 Χοσρόης
781 1317 985 1374 ῥοπάλοις
1004 1318 1165 1373 α’γριόις
1195 1317 1388 1360 ἐκέλευσε
1417 1314 1522 1359 κατὰ
1553 1318 1636 1358 τῶν
1665 1319 1743 1357 λα·-

270 1386 404 1444 γόνων
433 1384 686 1441 τυπτόμενον
716 1387 865 1428 τοῦτον
887 1386 1135 1428 α’ποθανεΐν.
1192 1386 1318 1427 τοῦτο
1345 1386 1393 1427 δὲ
1413 1380 1620 1440 ἐλύπησεν
1646 1380 1744 1432 τούς

366 1567 400 1591 2.
428 1554 531 1595 ὅπως
558 1555 746 1603 Τούρκους
771 1556 811 1604 τῇ
837 1555 1004 1602 Περσίδι
1028 1555 1175 1603 φόρους
1207 1556 1324 1591 τελεῖν
1350 1566 1438 1590 πεπ.
1466 1555 1506 1596 A,
1525 1553 1638 1595 ὅσους
1666 1553 1741 1601 φό-

368 1617 459 1651 ρους
483 1603 664 1651 Τούρκων
686 1608 803 1640 τελεῖν
828 1603 868 1652 τῇ
892 1607 945 1638 Π.
964 1613 1053 1638 πεπ.
1074 1605 1168 1648 vulg.
1268 1615 1299 1649 7.
1328 1602 1431 1649 αὐτῷ
1453 1603 1597 1649 μᾶλλον
1620 1602 1743 1638 παῖδα

367 1655 410 1694 Α,
435 1653 569 1686 omisso
595 1653 748 1700 μᾶλλον,
773 1652 873 1698 quod
898 1652 1071 1697 sequitur.
1150 1662 1201 1685 12.
1230 1650 1493 1698 προειωθόσιν
1508 1652 1632 1697 A,quo
1658 1662 1743 1684 sen-

368 1713 421 1741 su,
445 1701 580 1734 neseio.
683 1702 734 1734 16.
760 1702 985 1735 καταπατῶν
1008 1721 1054 1726 —
1079 1720 1128 1727 —
1147 1701 1375 1746 πεμπόμενα
1402 1710 1471 1732 οιη.
1498 1700 1536 1732 A.
1635 1697 1742 1746 ὀργι-

371 1751 475 1787 σθεὶς
499 1748 540 1782 δὲ
565 1747 584 1783 ὅ
609 1751 660 1783 Χ.
695 1747 781 1795 ῥοπ.
811 1750 848 1789 Α,
880 1746 1051 1795 ὠργίσθη
1077 1747 1117 1783 δὲ
1142 1746 1160 1783 ὃ
1193 1750 1242 1781 Χ.
1268 1750 1331 1781 καὶ
1358 1746 1443 1795 ῥοπ.
1471 1747 1566 1791 vulg.
1694 1758 1743 1791 ¹7·

368 1790 463 1831 κατὰ
493 1795 568 1833 τῶν
606 1795 782 1843 λαγόνων
815 1798 1050 1844 τυπτόμενον
1079 1797 1120 1838 Α,
1146 1793 1241 1830 κατὰ
1278 1791 1344 1832 τὸν
1371 1793 1515 1842 λαγόνα
1540 1794 1747 1830 τύπτεσθαι

365 1845 464 1890 vulg.

278 1997 448 2039 tulisset,
487 1999 632 2044 quantis
665 1999 811 2033 tributis
839 2011 860 2032 a
903 1999 1032 2034 Turcis
1073 1999 1245 2044 deinceps
1276 1996 1478 2044 pendendis
1506 1997 1663 2030 Persicas
1691 2007 1746 2030 res

280 2046 458 2087 auxisset,
489 2058 792 2081 commemorare:
829 2053 871 2081 ut
910 2059 1033 2093 pacem
1057 2058 1232 2093 quaerere
1266 2047 1444 2091 coegisset
1478 2047 1666 2086 Romanos,
1707 2050 1748 2078 ut

277 2093 549 2138 Martyropolim
576 2095 786 2139 subegisset,
817 2096 962 2141 quantis
983 2095 1089 2128 etiam
1120 2094 1217 2140 apud
1244 2095 1365 2128 Persas
1389 2099 1494 2139 pater
1518 2092 1749 2126 excelluisset

276 2141 469 2187 praeclaris
496 2142 729 2183 facinoribus,
754 2155 940 2176 enarrare:
971 2154 1083 2188 quare
1110 2143 1306 2176 Chosroiim
1331 2153 1395 2175 ceu
1420 2140 1652 2174 dissidiorum
1681 2151 1746 2173 cu-

275 2187 412 2234 pidum,
440 2190 611 2223 avaritiae
637 2192 852 2235 voraginem,
897 2190 1068 2224 caedibus
1089 2196 1281 2231 assuetum,
1306 2194 1660 2234 praesumptuosum,
1686 2188 1747 2221 in-

276 2236 380 2269 iuriis
410 2235 608 2270 inferendis
634 2249 808 2283 pronum,
833 2239 1090 2284 bellorumque
1129 2231 1344 2271 tumultibus
1370 2236 1599 2282 gaudentem,
1636 2247 1747 2281 regno

274 2283 512 2329 privandum:
541 2285 715 2319 minorem
742 2286 809 2319 sibi
838 2298 914 2320 esse
941 2287 1069 2327 filium,
1096 2297 1203 2332 quem
1231 2285 1352 2330 potius
1381 2296 1497 2330 regem
1525 2295 1746 2331 promoven-

276 2331 360 2364 dum
393 2331 645 2376 persuadebat.
697 2340 735 2367 at
759 2334 917 2368 BindoEs
943 2334 1110 2368 adversus
1135 2332 1359 2366 Hormisdam
1384 2344 1567 2378 perorans,
1592 2338 1628 2366 et
1656 2343 1748 2378 quos

275 2380 431 2424 turpiter
459 2379 580 2424 lapsus
605 2380 811 2414 admisisset
845 2393 963 2415 coram
993 2392 1219 2422 enumerans,
1246 2392 1451 2414 consessum
1479 2381 1683 2414 universum
1708 2380 1749 2413 in

276 2427 503 2460 Hormisdam
530 2428 706 2462 incendit.
756 2440 902 2462 uxorem
929 2429 1076 2462 tandem
1100 2434 1138 2462 et
1162 2429 1277 2462 filium
1307 2428 1516 2462 Hormisdae
1541 2427 1750 2475 producunt

274 2475 314 2508 in
338 2474 521 2516 medium,
556 2481 593 2509 et
634 2475 700 2509 sub
735 2476 847 2521 ipsius
878 2476 1090 2510 Hormisdae
1124 2483 1320 2522 conspectu
1357 2487 1453 2510 serra
1481 2476 1620 2510 medios
1651 2475 1750 2509 divi-

275 2522 388 2556 dunt:
416 2533 498 2556 eum
536 2534 620 2556 vero
661 2524 775 2557 oculis
813 2524 992 2568 privatum
1021 2524 1254 2558 coniecerunt
1279 2525 1316 2558 in
1345 2536 1534 2558 carcerem.
1585 2535 1625 2557 ac
1652 2534 1748 2556 non-

274 2570 379 2603 nullo
408 2569 555 2616 quidam
591 2570 731 2604 diermn
767 2572 960 2605 intervallo
999 2577 1137 2617 patrem
1163 2573 1200 2606 in
1236 2572 1398 2606 custodia
1424 2572 1579 2617 benigne
1605 2571 1748 2616 excepit

273 2616 464 2659 Chosroes‚
491 2617 729 2664 suppeditatis
757 2619 885 2660 etiam,
924 2631 1015 2666 quae
1040 2620 1174 2665 volupe
1201 2621 1334 2661 forent⁷
1362 2620 1526 2654 deliciis:
1556 2619 1747 2653 Hormisda

272 2676 359 2698 vero
384 2666 491 2699 missa
519 2677 540 2698 a
563 2677 643 2711 rege
660 2678 808 2701 munera
823 2667 981 2714 pedibus
1005 2668 1253 2709 conculcante,
1273 2673 1310 2702 et
1333 2668 1483 2701 iniurias
1511 2667 1747 2714 conviciaque

276 2712 513 2758 rependente,
540 2712 717 2748 Chosro'es
748 2715 798 2748 ira
828 2715 1001 2761 percitus,
1041 2715 1196 2749 fustibus
1223 2716 1424 2760 agrestibus
1451 2726 1517 2762 per
1540 2715 1604 2749 ilia
1630 2725 1747 2760 usque

276 2759 322 2794 ad
346 2772 470 2795 necem
496 2761 598 2796 caedi
626 2762 742 2796 iussit.
772 2769 844 2797 tam
871 2763 1026 2797 immane
1052 2764 1190 2798 facinus
1215 2765 1337 2798 Persas
1361 2763 1498 2804 afflixit,
1525 2768 1562 2797 et
1588 2763 1747 2797 omnium
