1768 3106
223 136 335 191 322
782 151 1128 193 THEOPHAMS

219 254 464 311 ἀναβαίνειν
494 255 553 305 εἰς
582 252 652 297 τὸν
678 251 838 308 πύργον
866 251 946 296 σῦν
975 253 1121 308 γέλωτι
1149 249 1423 307 ἐνεχείρισεν.
1483 249 1527 293 αἱ
1557 244 1695 306 6571}-

220 329 360 373 ναῖκες
397 324 545 366 τοῦτον
577 323 809 376 κατεγέλων
855 319 933 363 σὺν
971 321 1026 376 τῷ
1059 318 1284 375 πρεσβύτῃ.
1355 316 1378 359 ὅ
1413 319 1461 361 δὲ
1486 317 1697 372 Ῥωμαῖος

220 389 366 445 ἐπειδὴ
396 392 524 445 χερσί
557 391 629 432 καί
665 390 789 430 ποσίν
819 388 1059 441 ἀναβαίνων
1087 385 1210 440 ἐγγύς
1238 400 1321 427 που
1361 382 1557 441 ἐγεγόνει,
1584 403 1697 428 σπα..

220 457 404 510 σάμενος
443 456 490 499 τὸ
533 459 654 512 ξίφος
694 453 882 511 ἐξήλατο,
921 456 992 495 καί
1020 454 1095 496 τοῦ
1123 454 1314 507 γέροντος
1348 453 1408 502 εἰς
1435 451 1508 495 τόν
1534 454 1698 509 αὐχένα

219 522 446 578 ἐπιτυχών,
479 523 628 565 τούτου
675 520 752 577 τήν
792 519 982 578 κεφαλήν
1012 520 1224 573 ἐξέτεμεν.
1293 518 1332 562 οἱ
1364 521 1410 563 δὲ
1438 522 1736 576 στρατιῶταιό

219 589 478 646 θαρροῦντες
523 586 600 646 ἤδη
629 592 702 632 καί
734 589 927 643 α’λλήλων
957 585 1180 642 ἐχόμενοι,
1226 587 1286 637 εἰς
1313 586 1385 630 τὸν
1414 587 1575 644 πύργον
1605 589 1700 632 ἀνέ-

217 661 379 714 βαινον,
409 657 482 700 καί
510 656 584 708 τὰς
611 663 815 712 γυναῖκας
836 656 910 698 καί
935 653 986 698 τά
1017 653 1218 711 χρήματα
1235 655 1399 709 μεγάλα
1431 650 1532 698 ὄντα
1551 654 1699 711 λαβόν-

219 741 289 775 τες
322 723 424 780 πρὸς
454 726 682 777 Σολομῶνα
716 720 884 778 ἤγαγον.
945 721 967 763 ὅ
1000 724 1046 765 δὲ
1063 721 1262 776 Σολομῶν
1289 725 1406 779 τείχη
1438 729 1531 773 ταῖς
1561 725 1605 767 ἐν
1618 727 1702 768 Λι-

218 792 302 851 βύῃ
333 789 505 835 πόλεσιν
525 793 790 847 περιέβαλεν.
820 791 892 832 καί
915 789 1315 844 έπείᾛῖἱαυρούσιοι
1346 789 1623 847 ἀνεχώρησαν
1655 793 1701 834 ἐκ

182 861 468 912 ΒΝουμιὸἰάς
499 861 751 915 νικηθέντες,
769 859 920 914 Ζάβην
950 874 994 900 τε
1021 857 1097 914 τὴν
1128 858 1276 912 χώραν
1306 857 1380 900 καί
1394 858 1702 913 Μαυριτανίαν
1722 874 1768 900 ιο

221 929 294 968 καί
321 927 486 982 Ὴτηφῆ
523 925 599 982 τὴν
638 924 900 981 μητρόπολιν
941 922 1161 981 ὗπόφορον
1193 925 1423 979 Ῥωμαίοις
1463 925 1702 983 πεποίηκεν.

220 996 297 1049 τῆς
324 992 402 1050 γὰρ
434 990 583 1048 ἑτέρας
604 993 910 1047 ΖΠαυριτανίας
940 992 1186 1047 Καισάρεια
1216 992 1241 1048 ἦ
1270 989 1418 1050 πρώτη
1447 991 1705 1050 μητρόπολις

220 1060 420 1116 ὑπάρχει.
488 1059 647 1117 ταύτην
689 1062 735 1103 δὲ
765 1059 1023 1116 Βελισοίριος
1063 1058 1106 1102 τὸ
1142 1059 1351 1115 πρότερον
1395 1064 1703 1112 καθυπέταξεν.

223 1127 294 1171 διὰ
323 1130 443 1171 τοῦτο
464 1127 630 1181 Λιβυες
659 1124 840 1177 ἅπαντες
867 1126 1048 1182 ὑπήκοοι
1074 1125 1298 1179 Ῥωμαίων
1327 1127 1560 1183 γεγόνασιν,
1592 1128 1706 1184 εἷρή·

221 1212 294 1252 νης
333 1196 554 1253 ἀσφαλοῦς
592 1195 807 1250 τυχόντες.
878 1194 1119 1250 τετραετίαν
1174 1197 1221 1237 δὲ
1265 1194 1516 1251 ποιήσαντες
1572 1195 1705 1255 ταύτῃ
1725 1202 1768 1244 15

222 1265 274 1320 τῇ
304 1261 448 1320 εἰρήνῃ
468 1295 481 1318 ,
519 1265 564 1305 έν
602 1263 660 1320 τῷ
705 1260 755 1314 ιζ’
795 1260 879 1304 ἔτει
921 1263 1220 1305 Ἰουστινιανοῦ
1254 1265 1400 1320 Κῦρος
1428 1279 1472 1307 τε
1499 1265 1574 1306 καί
1600 1266 1706 1320 Σέρ-

224 1346 327 1387 γιος,
360 1328 398 1372 οἱ
416 1327 590 1385 Βάκχου
617 1331 692 1371 τοῦ
713 1331 962 1383 Σολομῶνος
991 1329 1185 1385 ἀδελφοῦ
1212 1332 1377 1385 παῖδες,
1410 1329 1493 1373 ὕπὸ
1523 1333 1602 1374 τοῦ
1626 1333 1708 1385 βα-

227 1399 378 1446 σιλέως
412 1397 709 1452 ἀπεστάλησαν
753 1391 904 1451 ἄρχειν
932 1395 1093 1455 Λιβύῃ.
1153 1395 1467 1448 Πενταπόλεως
1502 1400 1583 1452 μὲν
1615 1399 1709 1440 Κῦ-

228 1479 315 1520 ρος,
352 1464 592 1519 Τριπόλεως
621 1466 668 1506 δὲ
699 1467 885 1519 Σέργιος.
957 1463 995 1507 οἱ
1029 1466 1076 1506 δὲ
1105 1465 1388 1518 Μαυρούσιοι
1414 1464 1514 1516 τοὺς
1542 1462 1708 1508 ἑαυτῶν

230 1533 542 1588 πρεσβυτέρους
588 1532 647 1583 εἰς
668 1534 843 1587 Λέπτην
869 1531 1034 1587 μάγναν
1065 1531 1142 1588 τήν
1194 1530 1317 1575 πόλιν
1357 1530 1556 1589 ἔπεμψαν
1599 1530 1768 1589 πρόςαο

328 1701 361 1744 4.
391 1701 548 1742 ἐξείλατο
575 1703 616 1736 Α.
711 1715 745 1747 9.
771 1704 990 1748 περιέβαλεν
1015 1702 1057 1745 A,
1081 1704 1323 1749 περιέβαλλεν
1352 1704 1448 1749 vulg.
1552 1710 1604 1750 ¹7·
1633 1706 1709 1738 Σο-

327 1750 499 1797 λομῶνος
536 1752 583 1789 A,
608 1750 858 1797 Σολομῶντος
883 1752 981 1796 vulg.
1109 1750 1392 1797 ἀδελφόπαιδες
1416 1753 1455 1785 Α.
1592 1763 1643 1795 ¹9·
1672 1753 1711 1786 δέ

327 1804 414 1830 ante
444 1800 604 1843 Σέργιος
627 1798 711 1831 add.
739 1809 783 1832 ex
814 1801 855 1832 A.
1001 1809 1059 1831 20.
1084 1802 1238 1843 Λέπτην
1287 1798 1444 1847 μάγναν
1481 1798 1530 1842 A,
1560 1799 1710 1843 Λεπτὴ-

329 1858 487 1893 μαγναν
513 1846 610 1890 vulg.

236 1994 372 2028 montis
402 1994 497 2029 forte
522 1996 749 2040 perscrutati,
774 1996 813 2029 in
842 1996 961 2030 locum
990 1996 1214 2031 inciderunt:
1242 2002 1280 2031 et
1313 1998 1359 2031 ad
1383 1998 1509 2032 turrim
1535 2007 1712 2032 conscen-

237 2054 316 2076 sum
343 2042 462 2076 facere
489 2054 566 2076 cum
593 2044 665 2076 risu
694 2055 770 2076 non
795 2055 899 2077 nemo
918 2045 1082 2085 tentavit,
1110 2056 1217 2090 quem
1239 2046 1310 2078 risu
1331 2046 1467 2091 pariter
1485 2052 1522 2080 et
1545 2046 1713 2080 ludibriis

236 2090 473 2123 mulierculae
501 2096 538 2123 et
562 2091 707 2124 vetulus
734 2098 963 2136 exceperunt.
1014 2095 1195 2126 Romanus
1224 2099 1344 2126 autem
1370 2094 1435 2126 ille
1461 2095 1567 2127 miles
1594 2095 1712 2128 mani-

237 2137 306 2170 bus
330 2137 560 2183 pedibusque
578 2138 769 2183 adrepens,
798 2139 859 2172 ubi
877 2141 1026 2185 propius
1056 2140 1216 2181 accessit,
1243 2139 1373 2174 educto
1399 2153 1417 2174 e
1442 2142 1569 2187 vagina
1592 2142 1713 2187 gladio

239 2185 372 2225 exiliit,
397 2191 434 2219 et
462 2186 621 2230 percussi
647 2186 684 2218 iu
710 2187 883 2220 cervicem
908 2189 1003 2221 senis
1029 2193 1138 2233 caput
1169 2189 1378 2232 amputavit.
1430 2196 1506 2223 tum
1529 2201 1616 2224 vero
1643 2191 1713 2223 mi-

239 2233 324 2266 lites
353 2233 504 2278 sumptis
531 2233 658 2266 animis
685 2233 858 2268 audacius
883 2235 1136 2281 irrumpentes,
1171 2236 1339 2269 manibus
1365 2236 1411 2270 ad
1436 2238 1590 2271 invicem
1619 2237 1714 2271 datis

241 2291 319 2314 sese
346 2281 525 2325 erigentes
552 2281 587 2314 in
616 2281 741 2314 turrim
769 2282 1075 2323 conscenderunt,
1114 2283 1420 2330 mulierculasque
1463 2291 1502 2321 et
1543 2287 1714 2319 maximas

241 2338 331 2374 opes
359 2328 438 2362 illie
466 2334 652 2372 congestas
689 2327 913 2374 abripientes
951 2330 997 2363 ad
1033 2330 1264 2364 Salomonem
1295 2331 1519 2367 detulerunt.
1583 2333 1715 2367 exinde

242 2375 415 2410 Salomon
444 2375 580 2419 Libyae
607 2376 773 2410 civitates
798 2377 988 2411 moenibus
1015 2378 1129 2411 cinxit
1154 2384 1190 2412 et
1217 2380 1394 2414 munivit:
1423 2387 1460 2415 et
1477 2387 1715 2427 posteaquam

240 2424 419 2457 Maurusii
445 2434 489 2456 ex
514 2423 683 2456 Numidia
710 2424 793 2457 victi
823 2436 1013 2465 recessere,
1036 2425 1153 2458 zaben
1191 2428 1425 2471 provincIam‚
1449 2429 1716 2469 Mauritaniam,

244 2483 325 2504 cum
350 2470 489 2517 Etephe
526 2471 603 2504 eius
630 2472 825 2517 metropoli
853 2473 940 2506 fecit
965 2474 1132 2507 Romanis
1157 2475 1382 2519 vectigalem.
1446 2476 1594 2510 alterius
1620 2477 1717 2510 enim

242 2519 488 2553 Mauritaniae
513 2519 627 2564 prima
652 2520 866 2564 metropolis
894 2526 950 2554 est
981 2520 1165 2561 Caesarea,
1191 2533 1298 2567 quam
1323 2524 1422 2569 prius
1451 2524 1596 2569 subegit
1619 2524 1718 2558 Beli-

246 2567 373 2600 sarius.
435 2577 544 2612 quare
580 2566 712 2611 Libyes
755 2579 878 2601 omnes
907 2569 1103 2601 Romanum
1144 2570 1266 2614 iugum
1299 2571 1505 2613 subierunt,
1533 2578 1569 2606 et
1594 2583 1719 2606 secura

245 2625 337 2661 pace
365 2614 474 2661 potiti
513 2620 618 2648 sunt:
657 2613 971 2661 quadriennioque
996 2616 1044 2648 -in
1080 2616 1259 2651 eiusmodi
1300 2630 1388 2664 pace
1417 2625 1622 2661 transacto,
1651 2619 1719 2654 ‹le-

248 2663 342 2695 cimo
384 2662 538 2707 septimo
585 2663 776 2696 Iustiniani
815 2674 910 2696 anno
946 2663 1057 2706 Cyrus
1099 2670 1135 2698 et
1171 2664 1316 2710 Sergius
1353 2667 1481 2700 Bacchi
1517 2667 1718 2701 Salomonis

248 2709 369 2742 fratris
407 2709 515 2743 liberi
549 2709 594 2743 ad
628 2709 820 2754 regendam
857 2710 1006 2754 Libyam
1051 2710 1097 2745 ab
1135 2712 1353 2758 imperatore
1389 2715 1488 2748 missi
1519 2716 1640 2750 fuere:
1683 2720 1721 2747 et

251 2756 361 2801 Cyrus
392 2754 542 2804 quidem
579 2757 830 2805 Pentapolim,
869 2758 1048 2805 Tripolim
1086 2759 1229 2808 Sergius
1269 2762 1542 2797 administravit.
1611 2772 1720 2808 porro
