1768 3106
270 141 387 199 636
844 162 1191 206 TnEofflANis

268 264 431 318 Συριάν
461 261 535 306 καὶ
563 262 822 320 Καλαβρίαν
851 267 927 307 καί
962 262 1163 322 Κρήτην,
1203 261 1231 321 ἦ
1261 281 1306 309 τε
1335 268 1411 323 τῆς
1436 269 1615 319 Ἰταλίας
1643 268 1746 311 ἄπο-

265 334 421 373 στασία
457 329 528 374 διὰ
561 330 639 387 τήν
666 333 803 374 αὐτοῦ
848 334 1111 388 κακοδοξίαν,
1154 334 1324 386 σεισμοί
1349 350 1397 377 τε
1434 335 1507 378 καί
1536 339 1655 390 λιμοί
1673 338 1745 378 καί

225 399 408 452 Ολοιμοί
435 401 508 441 καί
544 401 683 442 ἐθνῶν
722 398 1046 453 ἐπαναστάσεις,
1088 399 1158 443 ἵνα
1193 398 1245 443 τά
1277 401 1382 444 κατὰ
1413 404 1544 459 μέρος
1570 402 1744 459 σιγὴσω,

264 467 311 508 ἑν
350 471 436 515 τοῖς
476 469 742 522 προλαβοῦσι
783 466 1023 522 δεδήλωται
1052 470 1316 524 κεφαλαίοις.
1373 465 1489 521 ἄξιον
1521 471 1567 513 δὲ
1596 469 1745 512 λοιπὸν

264 534 417 589 ἐφεξῆς
446 535 519 575 καί
547 535 626 575 τοῦ
655 534 996 588 δυσσεβεστάτου
1038 537 1112 577 καί
1147 538 1387 579 παναθλίου
1426 536 1580 587 παιδὸς
1610 537 1768 581 αὕτοῦξ

262 598 341 649 τὰς
358 600 591 655 ἀθεμίτους
611 602 844 651 διεξελθεῖν
868 599 1054 657 πράξεις,
1087 602 1467 660 α’νοσιουργοτέρας
1495 604 1571 647 καί
1595 607 1743 659 θεομι-

260 665 417 722 σήτους
453 662 608 725 οὔσας,
655 670 906 725 φιλαληθιῦς
947 671 987 711 δ’
1028 666 1160 727 ὅμως,
1191 670 1248 720 ὥς
1280 673 1521 727 ἐφορῶντος
1552 673 1627 714 καί
1653 674 1744 715 ἐπι-

270 736 484 786 ]λέποντος
512 738 592 777 τοῦ
615 735 910 779 παντεπόπτου
939 739 1055 794 θεοῦ,
1084 740 1157 780 καί
1176 737 1423 794 α’περίττως,
1453 741 1514 789 εἰς
1531 739 1744 797 ώφὲλειαν

259 806 346 851 τοῖς
386 803 611 856 μετέπειτα
649 806 726 847 καί
756 809 843 854 τοῖς
886 805 963 847 νῦν
1005 807 1297 860 πλανωμένοις
1340 808 1507 857 α’θλίοις
1535 809 1611 850 καί
1637 809 1743 849 α’τα-

259 867 437 919 σθάλοις
480 869 730 927 ἄνδραρίοις
771 873 832 922 εἰς
873 870 949 927 τὴν
990 873 1070 914 τοῦ
1118 871 1484 929 παρανοιιωτάτου
1528 873 1768 930 βδελυρὰν]

259 938 531 994 κακοδοξίαν,
573 937 622 982 τά
659 935 742 982 dud
774 942 850 995 τῆς
889 939 1065 996 δεκάτης
1104 942 1300 995 λέγοντας
1331 942 1591 992 ἰνδικτιαῖνος
1620 941 1744 991 ἔτους

258 1003 430 1058 πρώτου
471 1008 547 1061 τῆς
589 1007 724 1048 αὐτοῦ
769 1009 1006 1062 βασιλείας.
1083 1006 1213 1058 αὐτὸς
1256 1006 1339 1063 γάρ
1389 1007 1412 1050 ὅ
1443 1009 1642 1064 πανώλης
1670 1011 1745 1051 καί

214 1070 539 1129 Βὲμβρόντητος
581 1071 813 1131 αἱμοβόρος
850 1065 906 1116 τέ
927 1077 1003 1119 καί
1042 1074 1304 1132 ἀγριώτατος
1338 1074 1452 1132 θήρ,
1483 1078 1743 1131 τυραννικῶς

257 1141 333 1181 καί
372 1139 450 1182 οῦκ
483 1138 670 1195 ἐννόμως
697 1144 757 1200 τῷ
784 1141 932 1198 κράτει
957 1143 1248 1200 χρησάμενος,
1294 1145 1459 1199 πρῶτον
1483 1145 1562 1198 μὲν
1593 1145 1638 1186 ἐκ
1665 1144 1743 1186 τοῦ

258 1210 363 1249 θεοῦ
391 1207 464 1250 καί
489 1211 684 1264 σωτῆρος
732 1210 854 1266 ἡμῶν
888 1211 1026 1267 Ἰησοῦ
1067 1213 1273 1268 Χριστοῦ,
1313 1210 1387 1254 καί
1424 1214 1498 1267 τῆς
1527 1210 1768 1268 ἅχράντουι

256 1279 332 1318 καί
356 1279 564 1332 παναγιάς
589 1276 746 1334 μητρὸς
775 1280 909 1320 αὐτοῦ
933 1279 1007 1322 καί
1023 1277 1191 1322 πάντων
1220 1283 1305 1322 τῶν
1339 1278 1474 1334 ἁγίων
1507 1280 1738 1330 δίΐσταται,

256 1346 457 1398 μαγείαις
500 1346 548 1387 δὲ
588 1347 662 1387 καί
705 1347 944 1402 ἀσελγείαις
984 1347 1060 1389 καί
1098 1346 1378 1402 αἱμοθυσιάις
1415 1348 1669 1400 καβαλλίαις
1695 1362 1742 1388 τε

257 1410 431 1465 κάπροις
475 1411 550 1454 καί
577 1408 722 1468 οὔροις
754 1409 1057 1469 ἀπατώμενος,
1088 1417 1320 1469 μαλακίαις
1346 1430 1392 1457 τε
1434 1412 1521 1469 μὴν
1546 1414 1621 1456 καί
1647 1415 1743 1454 δαι-

254 1475 397 1531 μόνων
435 1480 680 1540 ἐπικλήσεσι
724 1484 910 1539 χαίρων,
957 1484 1030 1525 καί
1067 1485 1200 1527 πᾶσιν
1247 1482 1391 1533 ἁπλαῖς
1436 1480 1742 1540 ψυχοφθόροις

351 1617 384 1662 4.
411 1616 451 1651 δὲ
479 1616 563 1650 add.
591 1628 635 1651 ex
662 1618 701 1651 A.
801 1631 834 1663 7.
861 1619 926 1653 καὶ
954 1619 1069 1666 ἐπιβλ.
1096 1631 1165 1654 om.
1190 1620 1231 1654 A.
1337 1620 1371 1654 8.
1397 1620 1665 1655 παντεπόπτου
1694 1618 1737 1660 Α,

351 1664 574 1701 παντόπτου
594 1666 691 1710 vulg.
827 1677 862 1710 9.
891 1666 1037 1709 α’θλίοις
1063 1679 1132 1702 om.
1158 1668 1199 1702 A.
1331 1678 1382 1701 ια.
1410 1672 1473 1710 τῆς
1503 1666 1618 1701 αὐτοῦ
1654 1670 1738 1711 βασ.

352 1725 423 1747 om.
454 1716 493 1747 A.
596 1715 646 1748 13.
674 1707 750 1761 θὴρ
778 1713 859 1748 add.
891 1726 936 1748 ex
957 1718 996 1750 A.
1101 1718 1152 1753 16.
1178 1715 1387 1759 διΐσταται,
1410 1719 1590 1763 μαγείαις
1617 1715 1739 1750 δὲκαὶ

349 1763 401 1804 Α,
428 1760 620 1797 διίσταται
639 1766 832 1810 μαγείαις,
856 1766 922 1799 καὶ
947 1764 1044 1809 vulg.
1161 1777 1213 1812 ¹7·
1243 1766 1494 1812 αἰμοθυσίαις
1517 1764 1544 1797 Α
1573 1763 1598 1806 f,
1624 1764 1737 1811 αἵμο-

345 1814 500 1857 χυσίαις
525 1811 623 1856 vulg.

254 1948 346 1983 quae
371 1937 549 1972 videlicet
572 1939 776 1984 excogitata
799 1939 839 1974 in
867 1940 1020 1985 Syriam,
1047 1940 1250 1975 Calabriam
1279 1947 1316 1976 et
1333 1940 1474 1975 Cretam
1501 1939 1618 1985 turpis
1643 1937 1754 1971 lucriv

255 1991 293 2019 et
318 1987 492 2020 avaritiae
519 1992 610 2022 arte.
647 1988 695 2021 ad
721 1988 813 2022 haec
842 1999 886 2023 ex
921 2000 1033 2035 prava
1059 1990 1137 2023 eius
1167 1990 1341 2036 opinione
1368 1994 1446 2023 orta
1472 1988 1602 2022 Italiae
1627 1986 1735 2020 defe-

254 2034 338 2074 ctio,
366 2040 484 2069 terrae
504 2039 637 2077 motus,
662 2047 831 2071 annonae
849 2038 1016 2083 penuria,
1044 2038 1290 2084 pestilentiae,
1315 2037 1583 2084 provinciarum
1611 2034 1734 2068 rebel-

253 2082 384 2124 liones,
404 2089 443 2117 ut
457 2084 611 2129 privatas
630 2096 795 2131 quasque
813 2086 1035 2120 calamitates
1063 2092 1300 2132 praeteream,
1327 2084 1574 2131 superioribus
1602 2083 1735 2128 capiti-

252 2129 322 2163 hus
337 2138 501 2165 enarrata
520 2138 616 2166 sunt.
643 2145 740 2166 nune
757 2134 1052 2179 irreligiosissimi
1071 2141 1108 2168 et
1123 2134 1281 2168 infelicis
1299 2134 1545 2179 undequaque
1561 2132 1629 2164 filii
1655 2132 1734 2164 eius

252 2178 391 2212 nefaria
418 2186 528 2223 gesta,
555 2181 787 2215 sceleratiora
811 2183 928 2216 multo
947 2183 1092 2229 deoque
1112 2184 1223 2228 magis
1251 2182 1368 2215 invisa
1397 2181 1504 2215 decet
1533 2190 1734 2213 recensere.

255 2239 300 2260 ex
323 2228 486 2261 veritatis
521 2234 646 2263 tamen
678 2230 848 2271 oraculis,
885 2242 950 2264 ceu
980 2233 1020 2265 in
1049 2231 1109 2264 dei
1135 2236 1265 2265 cuncta
1286 2230 1511 2275 inspicientis
1540 2240 1580 2261 ae
1604 2228 1734 2261 intime

252 2276 480 2321 penetrantis
506 2283 703 2322 conspectu
732 2279 858 2324 positi,
882 2279 985 2312 nulla
1010 2280 1068 2314 vel
1085 2279 1137 2312 rei
1168 2278 1371 2325 superfluae
1397 2277 1602 2311 accessione
1628 2276 1735 2317 facta,

253 2323 352 2369 (wod
377 2325 549 2358 nimirum
589 2337 700 2371 quum
738 2327 916 2371 posteris,
952 2333 1028 2361 tum
1054 2328 1205 2361 misellis
1232 2333 1344 2372 atque
1370 2325 1546 2373 improbis
1575 2324 1735 2358 homun-

253 2372 422 2406 cionibus
443 2372 640 2407 secundum
669 2375 908 2408 execrandam
932 2375 1151 2422 iniquissimi
1176 2375 1406 2421 imperatoris
1432 2373 1651 2408 seutentiam
1676 2383 1736 2405 er-

254 2420 420 2454 rantibus
444 2420 616 2467 prodesse
646 2428 769 2468 queat,
798 2434 891 2470 quae
919 2423 964 2456 ab
994 2423 1199 2458 indictione
1228 2423 1366 2457 decima
1389 2428 1425 2457 et
1449 2422 1566 2469 primo
1591 2420 1736 2465 imperii

254 2469 333 2502 eius
362 2480 457 2503 anno
497 2469 668 2515 deinceps
703 2476 804 2515 gesta
828 2477 911 2505 sunt
938 2471 1110 2514 fideliter,
1144 2472 1401 2506 enarrabimus.
1450 2473 1529 2516 ipse
1554 2468 1738 2515 siquidem

253 2517 520 2563 perditissimus
559 2530 599 2551 ac
624 2525 747 2552 mente
771 2519 881 2565 plane
910 2521 1148 2565 stupefactus,
1185 2521 1259 2554 sive
1288 2521 1412 2565 potius
1439 2518 1669 2572 sanguinaria
1695 2528 1737 2550 ac

253 2565 501 2600 crudelissima
526 2567 618 2608 fera,
654 2567 810 2611 tyranni,
851 2579 926 2601 non
964 2569 1120 2613 legitimi
1156 2569 1386 2614 imperatoris
1413 2579 1513 2601 more
1541 2567 1735 2611 imperium

252 2614 524 2657 administrans,
550 2627 571 2648 a
595 2614 664 2649 deo
690 2615 868 2661 imprimis
907 2621 944 2650 et
976 2623 1156 2651 servatore
1183 2623 1307 2651 nostro
1333 2618 1414 2650 Iesu
1440 2614 1594 2656 Christo,
1628 2619 1665 2648 et
1689 2613 1737 2646 ab

252 2663 484 2697 immaculata
519 2669 557 2698 et
591 2664 815 2698 sanctissima
855 2664 934 2698 eius
970 2671 1108 2706 matre,
1150 2671 1186 2699 et
1224 2678 1243 2698 a
1271 2666 1403 2699 sanctis
1433 2662 1612 2703 omnibus,
1640 2661 1736 2695 mala

252 2712 529 2756 praestigiarum
566 2717 644 2746 arte
670 2715 860 2754 affectata,
888 2713 1173 2758 impuritatibus,
1205 2716 1319 2748 ess'uso
1346 2713 1572 2747 victimarum
1598 2721 1738 2751 cruore,

254 2760 398 2805 equinis
427 2761 645 2794 stercoribus
669 2754 710 2802 et
734 2761 835 2795 lotiis
860 2761 1043 2804 seductus,
1073 2762 1266 2796 obscoenis
1290 2762 1456 2802 tactibus,
1482 2766 1519 2793 et
1545 2758 1735 2792 daemoni-

253 2807 319 2842 bus
348 2807 562 2843 invocandis
597 2815 760 2844 assuetus
796 2809 840 2843 ab
867 2810 1044 2854 infantia,
1083 2810 1213 2846 studiis
1239 2811 1410 2868 deinceps
1435 2808 1616 2850 omnibus,
1641 2817 1739 2853 ‘1¹¹⁸e
