1768 3106
249 166 364 234 434
808 184 1158 228 'rumpamus

247 296 480 353 ὑπέρτιμον
508 300 566 357 τῷ
597 302 772 354 βασιλεῖ
794 295 1076 353 προσήγαγον.
1106 295 1126 339 ὃ
1158 299 1204 340 δὲ
1232 296 1437 352 βασιλεὺς
1469 297 1595 338 τοῦτο
1625 299 1730 337 θεα-

246 364 443 422 σάμενος,
474 365 677 409 ἀπελθών
706 367 767 416 εἰς
798 365 877 421 τήν
906 367 1128 421 ἐκκλησίαν
1159 367 1217 423 τῷ
1247 366 1334 423 θεῷ
1362 366 1483 407 τοῦτο
1514 362 1730 418 προσήγα·

246 449 330 489 γᾶν,
360 435 434 474 καί
459 434 693 488 ἐκρέμασεν
721 430 823 474 αὐτὸ
867 429 1011 475 ἐπάνω
1040 433 1113 488 τῆς
1149 431 1274 487 ἁγίας
1300 432 1509 488 τραπέζης
1538 429 1609 471 διὰ
1639 445 1730 484 τρι-

244 500 466 556 χαλάστου
497 499 724 542 ἁλυσιδιόυ
767 498 967 542 διαλίθου
997 501 1072 541 καί
1105 501 1286 555 χρυσοῦ.
1345 496 1459 541 αἰδὲ
1493 497 1730 553 αὖγοῦσται

246 564 441 621 μεγάλως
485 564 762 623 ἐλυπήθησαν
803 568 927 609 τοῦτο
963 568 1199 620 μαθοῦσαι.
1270 565 1344 608 καὶ
1373 566 1418 608 ἐν
1448 563 1569 622 μάχῃ
1603 565 1768 608 Καὶν-5

247 635 448 677 σταντίνα
492 633 714 688 αὕγοῦστα
757 632 865 689 πρὸς
904 632 979 676 τὸν
1005 635 1188 688 βασιλέα
1232 631 1308 689 τήν
1339 630 1492 688 ἑορτὴν
1521 633 1731 688 ἐποίησεν.

250 699 273 747 ὅ
302 702 349 745 δὲ
378 699 581 756 βασιλεὺς
610 700 671 756 μὴ
695 700 896 757 προσχών
915 699 993 751 τοὶς
1023 700 1240 757 ἐγκλήσεις
1266 703 1348 744 τῶν
1367 702 1411 743 ἐν
1428 698 1572 758 Θρᾴκῃ
1597 715 1731 753 στρα-

248 768 468 824 τευμάτων
497 767 602 811 κατὰ
641 768 949 824 Κομεντιόλου,
979 768 1002 811 ὅ
1036 768 1166 819 αὕτός
1190 768 1477 823 Κομεντιόλος
1505 764 1732 819 α’ναλαβών

247 834 294 879 τὸ
324 835 566 893 ὁπλιτικόν,
596 833 768 892 ἔρχεται
810 837 882 878 ἐπὶ
910 835 981 878 τὸν
998 830 1181 893 Ἴστρον,
1228 834 1302 878 καί
1332 834 1502 878 ἑνοῦται
1531 837 1588 892 τῷ
1615 836 1731 889 Πρί-

118 907 151 942 P.
165 908 232 955 ²37
246 919 331 963 σκῳ
360 906 406 947 ἐν
435 905 679 960 Σιγγιδόνι·
739 905 814 947 καί
842 904 988 947 λύεται
1016 900 1041 960 ἦ
1072 902 1179 960 πρὸς
1212 902 1310 954 τούς
1339 903 1589 959 βαρβάρους
1617 899 1762 957 εἰρή-ι

244 986 311 1027 νη.
370 970 531 1027 ταύτης
563 970 766 1028 λυθείσης
796 970 997 1027 ἔρχονται
1027 972 1087 1021 εἰς
1115 970 1161 1014 τό
1192 968 1479 1027 Βιμηνοέκιον,
1525 966 1615 1025 ἥτις
1642 970 1735 1011 ἐστι’

243 1040 372 1095 νῆσος
413 1037 576 1095 μεγάλη
613 1041 689 1082 τοῦ
716 1034 901 1094 Ἴστρου.
974 1042 1110 1082 ταῦτα
1159 1039 1207 1082 δὲ
1245 1036 1435 1087 οἰκούσας
1464 1036 1486 1080 ὅ
1519 1034 1733 1092 Χαγάνος,

244 1105 541 1160 συναθροίσας
588 1105 667 1157 τὰς
695 1104 856 1149 ἑαυτοῦ
887 1105 1119 1163 δυνάμεις,
1146 1105 1220 1149 ἑπί
1246 1105 1300 1165 τὰ
1321 1102 1540 1159 Ῥωμαϊκὰ
1564 1109 1705 1159 χωρεῖ
1718 1119 1730 1132 ·

243 1172 347 1223 τούς
377 1174 425 1215 δὲ
473 1175 684 1230 τέσσαρας
722 1173 859 1216 αὐτοῦ
897 1172 1037 1230 υἱούς,
1065 1172 1287 1229 παραδοὺς
1321 1169 1470 1228 ἑτέρας
1517 1170 1734 1227 δυνάμεις,

245 1241 484 1297 παρέστησε
530 1247 737 1298 φρουρεῖν
772 1240 852 1291 τὰς
890 1239 1111 1295 διαβάσεις
1148 1244 1225 1284 τοῦ
1248 1236 1429 1296 Ἴστρου.
1489 1238 1528 1283 οἱ
1558 1241 1605 1282 δὲ
1629 1238 1763 1282 ‘Bm-1

244 1314 366 1362 μαῖοι
396 1310 574 1362 σχεδίας
602 1307 875 1365 ποιήσαντες,
904 1308 979 1352 τὸν
1005 1308 1198 1363 ποταμὸν
1230 1307 1484 1365 διενήξαντο,
1510 1307 1584 1351 καί
1609 1305 1733 1350 πόλε-

243 1392 323 1429 μον
363 1375 473 1430 μετὰ
517 1377 594 1419 τοῦ
637 1375 735 1418 υἱοῦ
774 1379 854 1418 τοῦ
894 1374 1102 1432 Χαγάνου
1149 1376 1483 1432 συνεστήσαντο,
1532 1377 1733 1432 Πρίσκου

246 1445 596 1499 στρατηγοῦντος.
655 1442 676 1486 0‘
705 1441 788 1499 γάρ
819 1445 1103 1498 Κομεντιόλος
1144 1441 1399 1500 α’σθενήσας,
1429 1445 1489 1494 εἰς
1517 1441 1565 1485 τὸ
1594 1445 1735 1498 Βιμη-

250 1511 395 1554 νάκιον
421 1505 497 1567 τήν
525 1513 652 1567 νῆσον
682 1512 924 1563 ἐκαθέζετο.
1002 1510 1075 1553 ἐπὶ
1099 1510 1256 1560 πολλὰς
1283 1512 1330 1554 δὲ
1358 1509 1477 1567 ιιῗρας
1503 1512 1579 1553 τοῦ
1607 1512 1732 1552 πολέ-

250 1593 335 1632 μου
365 1581 646 1636 κρατήσαντος
678 1580 753 1620 καί
772 1580 850 1621 τοῦ
878 1578 1000 1635 ἡλίου
1028 1577 1244 1636 δύναντος,
1273 1578 1530 1636 τριακοσίων
1562 1594 1608 1622 τε
1626 1577 1768 1621 ‘Bm-2

348 1757 380 1779 2.
408 1746 450 1782 ἐν
475 1746 516 1793 τῇ
541 1746 713 1793 ἐκκλησίᾳ
738 1758 770 1779 a.
891 1758 925 1792 7.
956 1747 997 1783 ἐν
1024 1747 1065 1795 τῇ
1091 1747 1156 1793 Θρ.
1181 1747 1222 1779 Α.
1348 1757 1400 1779 ιι.
1428 1745 1663 1792 Βιμηνιέκιον
1695 1747 1733 1788 A,

347 1794 590 1841 Βημηνιέκιον
626 1794 721 1839 vulg.
879 1796 930 1839 ¹4·
967 1801 1046 1834 τοῖς
1088 1794 1130 1830 δὲ
1166 1796 1376 1840 τέσσαρσιν
1425 1792 1540 1830 αὐτοῦ
1571 1796 1668 1832 υἱοῖς
1694 1795 1735 1827 Α.

355 1843 405 1875 15.
438 1845 640 1890 φρουρεῖν]
665 1847 789 1891 τηρεῖν
814 1853 847 1876 a.
991 1839 1059 1882 τὰς
1084 1841 1265 1890 δυνάμεις
1288 1854 1319 1876 τ.
1339 1840 1378 1876 ’'I.
1405 1842 1431 1875 A
1458 1854 1489 1876 a.
1620 1854 1670 1886 ¹9·
1697 1841 1737 1876 δὲ

350 1889 433 1923 add.
458 1902 502 1924 ex
520 1890 562 1924 A.

258 2039 388 2086 quovis
411 2040 635 2085 superiorem
660 2040 887 2075 obtulerunt.
941 2041 1139 2087 imperator
1170 2053 1261 2087 opus
1294 2041 1490 2076 demiratus
1507 2066 1517 2081 ,
1543 2040 1589 2073 ad
1617 2040 1735 2074 eccie-

258 2087 347 2120 siam
371 2089 630 2133 proficiscitur,
675 2095 713 2122 et
735 2089 774 2122 iu
810 2102 941 2123 munus
979 2089 1048 2123 deo
1095 2091 1221 2124 offert:
1259 2090 1404 2136 ipsique
1442 2101 1549 2134 supra
1576 2095 1736 2122 sanctam

257 2146 417 2169 mensam
445 2147 489 2170 ex
514 2137 723 2182 triplicibus
747 2138 924 2172 catenulis
942 2137 1125 2184 lapidibus
1150 2149 1313 2183 auroque
1343 2138 1519 2171 consertis
1547 2136 1735 2183 appendit.

258 2194 302 2216 eo
330 2184 464 2217 nuncio
505 2190 653 2229 accepto
696 2192 871 2230 augustae
913 2186 1035 2219 animo
1073 2186 1221 2221 omnino
1259 2191 1532 2219 consternatae:
1570 2190 1608 2218 et
1642 2185 1739 2218 inter

259 2231 427 2278 querelas
456 2237 493 2266 et
521 2235 676 2266 offensas
711 2240 861 2278 augusta
887 2234 1128 2268 Constantina
1165 2245 1246 2266 cum
1271 2234 1489 2279 imperatore
1517 2232 1613 2266 diem
1639 2233 1739 2266 sole-

258 2290 380 2313 runem
419 2280 504 2323 egit.
569 2280 789 2325 imperatore
827 2293 913 2315 vero
940 2282 1031 2315 latas
1069 2293 1089 2314 a
1115 2280 1301 2315 Thracicis
1328 2283 1442 2328 copiis
1468 2281 1639 2315 adversus
1665 2281 1738 2314 Co-

257 2327 476 2361 mentiolum
511 2329 762 2362 accusationes
804 2329 942 2363 nullius
983 2330 1164 2370 faciente,
1213 2329 1289 2374 ipse
1317 2330 1578 2371 Comentiolus,
1614 2340 1737 2362 versus

260 2377 391 2410 Istrum
419 2375 497 2408 acie
526 2375 666 2416 educta,
693 2376 737 2408 ad
769 2376 1003 2421 singidonem
1034 2377 1151 2411 Prisco
1182 2376 1408 2422 adiungitur,
1435 2384 1472 2412 et
1499 2389 1579 2412 cum
1606 2376 1738 2410 barba-

263 2424 312 2457 ris
339 2434 465 2470 pacem
493 2423 621 2456 initam
649 2425 769 2457 solvit.
833 2436 875 2458 ca
900 2426 1037 2459 violata
1063 2425 1319 2468 Viminacium,
1345 2438 1439 2472 quae
1469 2432 1524 2460 est
1546 2425 1630 2459 Istri
1657 2436 1736 2459 ina-

264 2482 334 2516 gna
362 2471 496 2512 insula,
524 2472 755 2504 conveniunt.
807 2483 843 2505 re
869 2480 1027 2518 accepta,
1058 2471 1248 2517 Chaganus
1273 2476 1395 2520 copias
1419 2474 1572 2520 colligit,
1598 2479 1637 2507 et
1665 2475 1738 2507 Ro-

263 2530 387 2554 manas
415 2519 618 2565 provincias
644 2519 801 2552 invadit:
831 2520 913 2554 aliis
937 2532 1021 2554 vero
1048 2521 1174 2554 turmis
1211 2521 1367 2557 filiorum
1394 2534 1500 2556 curae
1527 2521 1739 2562 commissis,

263 2567 347 2601 lstri
371 2567 529 2601 fluminis
553 2577 646 2613 quae
678 2567 797 2601 forent
821 2567 912 2601 vada
948 2568 1102 2602 tutanda
1130 2569 1323 2605 mandavit.
1388 2571 1539 2605 Romani
1568 2581 1653 2604 vero
1678 2574 1739 2603 tu-

264 2615 470 2650 multuariis
506 2614 635 2649 lembis
666 2615 875 2660 compositis
901 2616 1123 2650 traiecerunt
1157 2628 1309 2658 amnem,
1337 2624 1374 2653 et
1400 2619 1517 2653 Prisco
1543 2617 1634 2652 duce
1659 2629 1738 2651 cum

266 2663 426 2708 chagani
453 2663 530 2698 filio
554 2674 682 2697 manus
709 2669 924 2706 conserunt,
960 2665 1209 2700 Comentiolus
1237 2667 1332 2700 enim
1362 2667 1503 2702 infirma
1528 2665 1741 2700 valetudine

266 2711 422 2746 iactatus
450 2712 489 2746 in
514 2711 631 2747 insuia
658 2711 860 2747 viminacio
886 2711 1109 2747 substiterat.
1161 2714 1206 2747 ad
1234 2716 1356 2761 plures
1383 2720 1503 2750 autem
1530 2713 1635 2748 horas
1659 2724 1740 2746 cer«-

265 2760 402 2794 tamine
429 2764 611 2805 protracto
631 2786 639 2800 ‚
679 2771 758 2794 cum
786 2760 839 2794 sol
867 2760 1061 2803 occideret,
1087 2773 1106 2795 e
1136 2763 1301 2797 Romanis
1326 2764 1480 2798 trecenti
1507 2763 1629 2803 occisi,
1656 2761 1741 2795 bar-

266 2806 434 2842 barorum
462 2808 508 2842 ad
530 2813 659 2855 quater
681 2809 783 2843 mille
802 2807 1009 2844 desiderati.
1061 2810 1176 2857 copiis
1198 2821 1336 2846 summo
1362 2822 1468 2847 mane
1495 2811 1622 2846 castris
1647 2809 1741 2843 edu-
