1786 3204
254 183 283 217 2
295 184 322 217 2
798 167 1144 214 THEOPHANIS

45 291 132 324 AM.
150 292 239 336 5809
367 273 509 336 Τούτῳ
545 278 603 335 τῷ
649 275 735 317 ἔτει
778 273 957 328 Λικινίῳ
998 261 1324 322 συμμαχήσαντι
1365 259 1424 316 τῷ
1455 257 1558 334 θείῳ
1591 255 1716 334 K'wv.

251 349 451 403 σταντίνῳ
483 344 554 387 καί
580 341 892 397 ὑποκρινομένῳ
925 335 1105 390 δολερῶς
1129 330 1200 373 τὸν
1219 331 1579 404 Χριστιανισμον,
1609 335 1717 399 aqae-

252 415 375 469 ρι’σας
403 419 558 467 μοῖραν
587 411 661 464 τῆς
684 407 908 460 Ῥωμαίων
935 405 1011 458 γῆς
1041 401 1287 450 ἀπένειμε-ν,
1319 403 1611 468 αναγορὶευσας
1639 404 1717 429 av-

252 480 322 524 τὸν
348 481 540 534 βασιλέα,
571 472 808 530 α’παιτὴσας
827 470 956 514 αὐτὸν
980 465 1200 522 συνθήκας
1219 463 1352 518 μηδὲν
1383 475 1486 501 κατα
1507 458 1718 538 Χριστια-

253 549 336 590 νῶν
377 545 579 602 πράττειν
621 540 758 584 κακόν.
829 539 1025 581 ἐντεῦθεν
1055 532 1076 576 ὅ
1114 534 1196 576 τῶν
1225 526 1441 586 τυράννων
1470 527 1559 567 καθ
1595 527 1758 579 ημων5

206 612 399 670 Βχάριτι
430 614 534 654 θεοῦ
563 612 777 653 πέπαυται
808 603 1000 659 διωγμὸς.
1385 659 1392 672 Ι
1494 658 1507 674 t
1655 655 1667 672 Ι

43 693 241 727 Α.Μ.58ιο
372 676 511 737 Τούτῳ
552 679 606 736 τῷ
647 674 731 718 ἔτει
761 671 781 715 ὃ
811 675 941 727 μέγας
975 672 1293 714 Κωνσταντῖνος
1319 675 1472 741 ἱπασης
1505 661 1719 737 Ρωμμιων

138 741 328 803 γ·“ογῆς
372 743 644 801 μονοκράτωρ
694 739 937 797 γενόμενος,
988 736 1128 778 πᾶσαν
1171 735 1230 783 εἰς
1277 749 1330 774 τα
1373 731 1470 807 θεῖα
1510 739 1719 802 μετηγαῖε

255 816 471 871 φροντίδα,
505 810 724 866 ἐκκλησίας
753 808 976 862 οἷνεγείρων
998 805 1071 846 καί
1095 802 1330 860 φιλοτίμως
1345 810 1501 844 ταυτας
1529 797 1720 871 πλουτων

255 885 299 924 ἐκ
326 883 402 922 τοῦ
430 880 634 934 δημοσίου
675 874 813 930 λόγου.
888 867 1011 922 οὗτος
1040 871 1205 926 πρῶτον
1243 865 1371 920 νόμον
1400 862 1587 919 ἔγραψεν
1620 875 1720 910 τους
1740 877 1786 904 ιο

255 948 442 990 εἰδώλων
478 943 606 993 ναοὺς
643 943 928 985 ἀποδίδοσθαι
971 943 1060 988 τοῖς
1098 937 1156 994 τῷ
1197 934 1368 990 Χριστῷ
1408 929 1721 988 οἶφιερωμένοις

151 1027 183 1060 P.
205 1028 241 1059 13
257 1014 594 1069 (συνενομοθέτει
612 1012 659 1052 δὲ
678 1009 791 1066 αὐτῷ
805 1009 877 1049 καί
897 1006 1090 1060 Κρίσπος
1105 1002 1126 1044 ὅ
1147 1001 1239 1051 υἱὸς
1269 999 1438 1055 αὐτοῦ)·
1458 994 1655 1051 δεύτερον
1674 995 1721 1036 δὲ

257 1076 542 1134 Χριστιανοὺς
568 1076 723 1132 μόνους
765 1071 1112 1131 [στρατεύεσθαι]
1152 1071 1289 1112 ἐθνῶν
1319 1083 1361 1110 τε
1393 1068 1464 1108 καί
1491 1063 1723 1119 στρατοπέ.

255 1149 342 1189 δων
388 1141 536 1199 ἄρχειν
555 1176 566 1198 ,
600 1142 697 1192 τούς
729 1144 774 1183 δὲ
814 1141 1084 1194 ἐπιμένοντας
1109 1139 1158 1195 τῇ
1191 1134 1516 1191 εἰδωλολατρειά
1546 1133 1722 1187 κεφαλι-

255 1215 335 1263 κῶς
370 1213 674 1267 τιμωρεῖσθαι·
732 1211 870 1264 τρίτον
918 1205 993 1256 τὰς
1049 1203 1314 1258 πασχαλίους
1364 1199 1441 1242 δύο
1481 1196 1722 1253 ἑβδομάδας
1741 1197 1786 1239 15

257 1278 500 1334 ἀπράκτους
530 1282 687 1331 τελεῖν,
744 1273 820 1330 τήν
837 1290 879 1316 τε
910 1271 990 1328 πρὸ
1024 1273 1098 1326 τῆς
1129 1269 1400 1318 ἀναστάσεως
1431 1267 1503 1308 καί
1530 1264 1605 1321 την
1629 1269 1722 1318 μετ’

259 1343 406 1401 αὐτην.
453 1345 629 1386 ’τούτων
674 1339 809 1390 οὕτως
849 1339 1053 1395 ἑχόντων,
1100 1335 1245 1393 εἰρήνη
1276 1339 1435 1389 βαθεῖα
1464 1333 1538 1376 καὶ
1561 1330 1722 1388 γαλήνη

259 1414 436 1466 κατέσχε
463 1409 540 1466 τήν
568 1411 828 1463 οἰκουμένην,
858 1408 931 1448 καί
958 1406 1208 1461 α’γαλλιάσις
1237 1400 1338 1451 τούς
1364 1402 1554 1454 πιστούς,
1590 1414 1724 1454 προσ-

259 1477 489 1534 τρεχὸντων
528 1476 732 1532 ὁσημέραι
771 1474 938 1516 πάντων
975 1475 1056 1515 τῶν
1094 1472 1230 1514 ἐθνῶν
1260 1471 1308 1526 τῇ
1336 1471 1475 1511 πίστει
1503 1469 1581 1510 τοῦ
1610 1469 1724 1522 Χρι-

354 1618 385 1641 2.
416 1605 609 1653 ἀφορίσας
634 1606 674 1646 Α,
689 1607 753 1639 καὶ
779 1604 975 1652 ἀφορίσας
993 1603 1088 1648 vulg.
1166 1604 1197 1637 5.
1225 1598 1342 1637 κακὸν
1368 1612 1438 1634 om.
1465 1611 1496 1633 a.
1595 1599 1628 1631 6.
1655 1599 1722 1634 πέ-

352 1666 496 1690 παυται
519 1655 559 1694 A,
585 1655 801 1688 πέπαυσται
822 1653 919 1697 vulg.
956 1652 959 1660 ⁵
1040 1662 1070 1695 7.
1098 1649 1133 1682 h.
1160 1649 1183 1682 l.
1213 1650 1252 1683 in
1285 1648 1364 1682 cod.
1389 1649 1419 1682 A
1443 1646 1723 1693 Metrophanes,

352 1702 513 1746 Byzantii
540 1701 742 1747 episcopus,
761 1700 912 1746 primum
938 1704 1095 1733 notatur.
1192 1697 1412 1741 πάσης-Αεῑ
1437 1695 1512 1737 alii,
1536 1694 1726 1743 κρατήσας

352 1751 448 1794 vulg.
551 1759 602 1781 10.
628 1747 782 1794 πρῶτον
804 1749 924 1796 νόμον
950 1747 1118 1794 ἔγραψεν
1138 1744 1225 1785 τοὺς
1243 1747 1269 1778 Α
1291 1757 1311 1778 a
1331 1757 1364 1787 e,
1389 1740 1487 1791 πρὸς
1514 1742 1580 1779 τὸν
1603 1742 1726 1790 νόμον

354 1798 429 1843 ἔγρ.
456 1798 611 1842 πρῶτον
634 1796 720 1835 τοὺς
742 1796 839 1841 vulg.
943 1795 994 1828 13.
1018 1798 1162 1842 μόνους
1180 1805 1248 1827 om.
1263 1795 1305 1835 A,
1321 1791 1444 1841 μόνον
1459 1792 1494 1825 b.
1593 1791 1725 1839 [στρα-

352 1844 539 1891 τεύεσθαι]
557 1843 750 1877 delendum
778 1854 855 1878 esse
883 1842 1037 1884 videtur,
1063 1847 1126 1876 aut
1151 1842 1303 1875 fortasse
1331 1839 1581 1875 scribendum:
1609 1849 1724 1886 στρα-

354 1894 563 1938 τευομένων
587 1903 613 1924 s.
639 1893 680 1927 ἐν
706 1894 926 1937 στρατείαις.
1029 1891 1081 1924 18.
1110 1888 1289 1937 ἀγαλλίας
1302 1890 1342 1923 A.
1446 1900 1498 1934 ¹9·
1524 1886 1723 1936 ὁσημέραι]

356 1939 405 1979 ὦς
430 1939 567 1987 ἡμέραι
591 1939 669 1973 Aet
698 1940 775 1982 alii,
800 1938 848 1979 ὥς
873 1938 1018 1985 ἡμέραν
1042 1938 1139 1983 vulg.
1235 1937 1300 1973 τοῦ
1326 1948 1397 1971 om.
1418 1937 1458 1970 A.

76 2071 251 2117 A‚C‚309
358 2064 433 2097 noc
461 2075 554 2098 anno
580 2063 717 2097 Licinio
746 2075 920 2098 armorum
946 2064 1055 2105 socio,
1083 2069 1120 2098 et
1149 2064 1359 2109 religionem
1387 2063 1630 2098 Christianam
1658 2061 1726 2095 do-

265 2111 340 2144 lose
364 2111 547 2144 simulanti
576 2112 830 2145 sacratissimus
846 2111 1103 2146 Constantinus
1137 2113 1374 2146 Romanorum
1413 2111 1563 2145 ditionis
1587 2115 1727 2155 partem

264 2157 582 2192 administrandam
607 2159 818 2203 assignavit:
857 2159 1057 2206 eodemque
1091 2161 1233 2206 imperii
1260 2160 1400 2205 collega
1431 2159 1654 2200 renunciabo,
1679 2168 1727 2191 ne

263 2205 353 2251 quid
377 2207 462 2239 mali
498 2205 666 2240 adversus
692 2206 913 2240 Christianos
941 2208 1148 2248 moliretur,
1175 2208 1284 2242 fidem
1305 2207 1426 2252 exegIt
1453 2213 1490 2241 et
1514 2211 1630 2253 pacta.
1681 2204 1726 2239 ab

264 2252 331 2286 hoc
360 2258 523 2299 tempore
547 2259 783 2298 tyrannorum
808 2253 995 2289 adversum
1023 2266 1089 2289 nos
1116 2255 1175 2289 dei
1200 2256 1311 2301 gratia
1336 2256 1485 2289 cessavit
1506 2254 1725 2301 persecutio.

74 2303 112 2338 A.
128 2305 248 2339 C.310
358 2301 434 2335 Hoc
452 2312 548 2335 anno
577 2313 724 2346 magnus
758 2302 1017 2337 Constantinus
1045 2305 1222 2338 Romanae
1250 2304 1399 2338 ditionis
1425 2314 1573 2348 compos
1599 2302 1727 2343 factus,

262 2353 300 2382 et
326 2349 424 2381 solus
466 2350 616 2394 imperio
655 2350 815 2394 potitus,
842 2362 960 2384 curam
1000 2363 1139 2385 omnem
1167 2351 1213 2385 ad
1241 2350 1484 2397 disponendas
1509 2350 1570 2384 res'
1588 2349 1729 2383 divinas

262 2396 443 2429 convertit
459 2422 468 2437 ,
492 2397 658 2430 ecclesias
684 2403 914 2440 construens,
950 2399 1119 2445 ipsasque
1146 2411 1190 2433 ex
1215 2399 1363 2446 publico
1390 2411 1501 2433 censu
1527 2398 1731 2432 liberaliter

262 2443 433 2488 largeqne
470 2443 601 2477 ditans.
662 2443 721 2477 hic
758 2445 873 2490 legem
908 2446 1070 2491 scripsit,
1107 2447 1231 2493 Crispo
1271 2448 1347 2481 eius
1378 2447 1453 2480 filio
1484 2458 1554 2480 una
1579 2457 1659 2479 cum
1684 2455 1729 2478 eo

261 2491 444 2524 sanciente
463 2517 472 2532 ‚
510 2491 687 2537 primum,
713 2491 896 2526 idolorum
939 2494 1072 2539 templa
1097 2495 1180 2527 viris
1205 2494 1348 2529 Christo
1378 2495 1594 2529 consecratis
1621 2492 1729 2527 addi-

260 2537 394 2571 cenda:
422 2538 637 2580 secundum,
662 2539 757 2572 solos
784 2539 1006 2575 Christianos
1031 2541 1070 2575 in
1094 2542 1259 2576 militiam
1283 2542 1529 2583 ascribendos,
1555 2542 1729 2588 ipsosque

259 2585 427 2630 gentibus
465 2591 502 2619 et
538 2585 753 2620 exercitibus
792 2588 991 2633 imperare:
1025 2589 1088 2636 qui
1122 2596 1324 2635 perstarent
1347 2591 1386 2624 in
1411 2591 1590 2624 idolorum
1614 2589 1729 2628 cultu,

258 2633 375 2678 eapite
401 2634 683 2668 mulctarentur:
706 2636 877 2676 tertium,
907 2635 995 2670 duas
1021 2636 1209 2682 paschales
1234 2637 1502 2679 hebdomadas,
1528 2643 1605 2672 tum
1634 2647 1728 2683 quae

261 2681 564 2715 resurrectionem
588 2681 833 2728 praecederet,
861 2689 938 2717 tum
956 2696 1049 2730 quae
1078 2692 1306 2732 sequeretur,
1334 2686 1378 2719 ab
1407 2687 1505 2720 omni
1533 2696 1644 2732 opere
1671 2684 1728 2717 fe—

258 2728 354 2761 riari.
407 2728 462 2762 his
486 2729 537 2763 ita
564 2729 620 2763 dis
649 2730 764 2771 ositis‚
789 2731 972 2776 profunda
1002 2744 1070 2778 pax
1097 2739 1133 2767 et
1162 2733 1319 2767 iucunda
1345 2733 1611 2780 tranquillitas,
1639 2743 1728 2778 gen-

257 2775 356 2809 tihus
383 2777 520 2811 cunctis
543 2777 580 2812 in
610 2778 686 2812 (ies
712 2778 758 2811 ad
785 2778 915 2813 Christi
944 2779 1051 2814 fidem
1083 2780 1242 2815 studiose
1287 2781 1544 2816 accedentibus
1587 2785 1626 2814 et
1660 2779 1729 2814 ba-
